3984 6176
310 335 368 395 tls
707 326 910 392 ADVERSUS
932 322 1293 392 sumministravit
1315 326 1494 393 stertui

308 497 369 558 boc
403 494 529 576 quidem
561 512 581 556 a
610 500 722 556 natura
766 494 987 575 proficiscetur,
1023 488 1077 556 sed
1128 493 1275 566 ateriuit
1291 494 1447 555 auteihus
1459 494 1892 573 Adamagexnigrocandidi,

309 588 422 670 ineptae
450 587 573 649 cuidam
599 587 758 663 debentur,
785 591 818 647 at
843 592 974 676 receptae
997 588 1079 648 inter
1128 604 1167 647 ex
1180 586 1250 647 albo
1264 585 1323 646 atri
1332 588 1488 667 procreari
1501 586 1669 667 potuerint.
1686 587 1895 654 Quamobrem

310 699 362 743 eas
401 679 626 756 consuetudini,
655 698 717 758 qua
753 679 853 740 solent
880 680 940 740 illa
972 672 1079 758 gentes
1128 676 1162 737 in
1181 678 1292 753 uarias,
1321 684 1357 738 ut
1378 674 1412 738 in
1432 678 1525 740 rebus
1552 679 1657 739 ardue
1678 676 1896 758 disquisitionis

309 772 432 833 tenellis
454 771 625 832 infantibus
645 770 712 832 tota
730 771 762 831 vi
779 786 870 832 nares
892 772 1076 850 deprimue,
1128 767 1196 830 ueri
1211 770 1300 845 solet,
1321 770 1487 831 discessum
1510 776 1556 833 est
1575 771 1615 831 ab
1628 771 1815 832 Arrctoribus
1833 789 1897 831 sen

311 869 347 925 ut
370 864 405 925 in
427 863 613 924 Hottentotis
640 863 778 924 oculatus
799 865 884 924 testis
907 863 1079 924 observavit
1129 861 1250 922 tcntiru.
1279 863 1379 940 Atque
1401 862 1458 924 bas
1482 868 1651 942 antequam
1674 863 1787 940 reicro,
1821 862 1898 923 iliud

315 956 421 1017 Petrus
448 955 555 1023 llolbe.
575 954 671 1034 inque
697 962 843 1017 accurata
860 955 975 1035 Capitis
987 956 1079 1016 bonae
1131 957 1240 1016 eontra
1267 954 1485 1016 Praeadamitas
1517 954 1712 1036 potissimum
1740 953 1897 1016 observari

198 1128 202 1135 ‚
312 1049 384 1128 Spei
402 1046 606 1128 descriptione
626 1049 785 1109 memoriae
799 1048 943 1128 prodidit.
967 1048 1080 1110 Simili·
1130 1045 1236 1122 veiim,
1255 1064 1320 1107 non
1343 1064 1419 1123 esse,
1440 1064 1496 1107 car
1513 1046 1573 1108 hoc
1595 1051 1779 1126 argumenta
1793 1052 1897 1107 tanto·

312 1145 359 1202 ter
386 1141 588 1202 unimamme
615 1144 651 1201 ut
677 1145 778 1201 essem
807 1140 1079 1213 immensarum
1130 1155 1203 1216 perc
1223 1138 1406 1216 glorientur.
1426 1140 1594 1216 Facenim,
1609 1157 1697 1220 pane
1710 1134 1899 1218 impossibiie

312 1232 596 1310 cfficiebatnatnrc,
611 1233 813 1294 sedmatrum
833 1233 1081 1294 crudelisindus-
1130 1246 1195 1289 esse
1209 1231 1399 1309 Nigritarum
1418 1231 1527 1292 eoloris
1549 1250 1655 1293 causas
1673 1231 1803 1293 adiuro.
1825 1232 1899 1305 Quae

312 1326 391 1401 tria3
421 1343 493 1405 qum
510 1325 570 1386 illis
588 1325 689 1387 adhuc
704 1325 826 1387 tenellis
856 1342 937 1387 areo
964 1325 1079 1386 iustru-
1131 1339 1234 1400 quaeso
1248 1323 1422 1383 consecutio
1436 1322 1542 1384 isthaec
1557 1323 1621 1384 est?
1644 1322 1762 1403 rigitur
1783 1323 1824 1384 ab
1839 1324 1900 1385 aiio

312 1422 418 1480 mento
442 1416 477 1478 in
502 1417 587 1479 bunc
609 1435 701 1479 usum
718 1424 838 1498 parato,
859 1419 993 1498 igneque
1006 1437 1080 1478 can·
1130 1418 1258 1493 parente
1283 1415 1349 1475 nati
1366 1420 1451 1494 sunt,
1475 1432 1540 1476 non
1562 1415 1602 1475 ab
1625 1414 1754 1478 idcina.
1773 1430 1786 1475 ι
1816 1415 1902 1483 Quot

313 1508 431 1572 deiado
473 1510 632 1572 dexteram
674 1526 845 1573 mammam
884 1509 1078 1587 auierebarrt,
1131 1506 1411 1585 phaenomenorum
1438 1524 1539 1569 causae
1572 1524 1631 1569 nas
1666 1506 1784 1569 latenti
1816 1509 1903 1569 Num

313 1601 557 1682 exurebantqne,
576 1620 614 1664 ne
626 1602 741 1664 iterum
753 1616 942 1665 succrescere
955 1603 1079 1664 condu-
1131 1604 1295 1679 propterea
1318 1606 1374 1661 aut
1395 1600 1602 1680 phaenomena
1624 1601 1678 1661 tila
1702 1594 1900 1680 negabimus,

314 1700 411 1774 geret,
432 1700 527 1775 atque
542 1700 578 1756 ut
591 1695 693 1757 omnis
712 1696 771 1773 vis,
790 1712 825 1757 ac
837 1695 934 1756 robur
953 1694 986 1755 in
1007 1696 1084 1756 der·
1132 1697 1188 1753 aut
1214 1708 1319 1754 cauus
1341 1693 1454 1755 adferri
1481 1694 1586 1755 licebit
1607 1694 1642 1754 in
1665 1693 1805 1755 medium
1829 1708 1904 1774 qum

313 1787 589 1866 trumhumerum,
610 1793 641 1849 et
661 1788 823 1850 brachium
837 1788 1021 1863 deferretur3
1035 1786 1082 1853 uti
1132 1784 1313 1847 annonara
1350 1786 1433 1859 fidei,
1472 1802 1543 1867 quae
1583 1786 1751 1867 Scriptnris
1783 1788 1902 1849 mactis

318 1885 427 1942 narrat
451 1880 651 1962 Hippocrates
664 1881 698 1941 in
713 1881 794 1942 libro
807 1878 842 1942 dc
856 1898 932 1955 aare,
957 1879 1038 1953 loric,
1053 1885 1084 1940 rt
1132 1878 1353 1939 adversentur?
1367 1878 1551 1960 dlquiunde
1566 1880 1651 1940 unde
1662 1876 1791 1941 mudena
1804 1892 1901 1960 reped

315 1972 414 2053 aquis.
430 1974 510 2034 'Poto
521 1970 632 2050 hirtos,
646 1973 846 2051 hispidusque
868 1990 997 2053 corpore
1010 1975 1085 2032 sunt
1132 1970 1244 2032 tendus
1266 1972 1305 2031 sit
1325 1971 1507 2053 AEtbiopum
1527 1973 1621 2047 color,
1647 1973 1709 2033 nisi
1732 1972 1806 2034 fidei
1827 1973 1907 2052 dog*

315 2063 472 2141 nunnrrili,
496 2065 552 2144 qui
571 2071 670 2126 certos
689 2064 832 2126 homines
853 2066 1024 2134 venditent,
1048 2068 1085 2125 nt
1135 2067 1219 2123 mata
1233 2063 1416 2142 convellere,
1431 2082 1468 2126 ac
1481 2066 1594 2126 sanctis
1608 2065 1774 2145 Seripturis
1787 2076 1906 2145 repug-

316 2156 498 2237 chpanes3
528 2158 616 2236 ntqrri
636 2157 738 2219 hitoti
761 2158 852 2218 unice
866 2156 996 2222 contecti
1012 2161 1085 2217 sunt
1137 2172 1213 2217 nare
1222 2153 1366 2233 velimus,
1377 2158 1414 2218 ad
1430 2154 1566 2218 diversas
1578 2157 1909 2238 alborum,etr1igro·

316 2248 460 2326 pellibus,
494 2248 606 2310 villose
640 2254 728 2330 patria
754 2248 944 2311 extrinsecus
973 2262 1082 2325 verser
1137 2264 1209 2308 rum
1226 2247 1393 2310 bominum
1417 2267 1457 2310 er
1478 2249 1605 2310 dirersis
1632 2250 1911 2330 protoparenttirus
1987 2312 1988 2315 ,

316 2341 518 2420 quodquam
539 2342 684 2403 riderent
700 2341 805 2422 aliqui,
828 2347 920 2421 atque
934 2340 1086 2420 ejusmodi
1137 2339 1274 2418 origines
1305 2341 1420 2402 referre
1451 2341 1542 2402 iilum
1566 2342 1698 2403 minime
1723 2354 1905 2422 possumusr

316 2434 449 2495 vestium
462 2452 589 2512 prorsus
612 2441 714 2495 essent
728 2433 841 2513 ignari,
858 2448 969 2514 corpus
983 2434 1086 2514 ipsum
1138 2432 1290 2493 Praeterea
1311 2432 1337 2493 si
1359 2433 1455 2494 semel
1482 2434 1589 2495 contra
1609 2434 1838 2511 Praedamitas,
1860 2433 1912 2496 ud

316 2544 427 2587 aarum
440 2526 596 2588 hirsutum
609 2526 669 2588 rati
684 2526 822 2591 tabulam
834 2527 916 2588 hanc
929 2526 961 2587 iu
975 2527 1087 2605 vulgus
1137 2523 1228 2586 facile
1242 2540 1418 2606 possumus,
1443 2526 1558 2587 diluvio
1580 2528 1707 2607 periisse
1726 2540 1837 2588 omncs
1849 2527 1911 2589 ho-

317 2616 572 2681 disseminarunt.
593 2619 687 2680 Plura
711 2619 744 2680 in
767 2616 849 2680 bunc
871 2634 941 2681 rem
963 2620 1087 2699 possent
1137 2617 1238 2678 mines
1259 2618 1498 2695 demonstretur,
1523 2616 1610 2679 nnllu
1634 2619 1709 2680 huic
1732 2614 1913 2681 difficultati

317 2711 566 2782 commemorari,
581 2712 607 2772 si
620 2716 846 2773 essetueeesses
1137 2708 1184 2770 vis
1206 2709 1445 2791 inesse'poterit.
1466 2712 1554 2772 Turro
1575 2706 1660 2773 euim
1683 2722 1792 2773 omnes
1814 2713 1913 2792 qnia

358 2803 412 2864 IV.
427 2804 584 2865 Exstitisse
606 2804 747 2884 gigantes
766 2802 874 2883 negari
887 2816 951 2864 nou
973 2802 1083 2882 potest.
1138 2800 1332 2864 diluvionnti
1345 2804 1667 2883 santbomineseujus
1680 2803 1914 2883 cutusdemum

317 2897 397 2957 Nam
417 2901 453 2959 ιιι
480 2896 602 2971 demus,
628 2893 783 2977 Ncpdilr'm
807 2895 885 2971 iilos,
910 2892 949 2957 de
975 2895 1087 2975 quibus
1139 2895 1258 2973 eoloris,
1286 2895 1327 2957 ab
1344 2910 1406 2957 ιιιιιι
1420 2898 1495 2966 Noe,
1520 2898 1652 2977 ditisque
1673 2897 1739 2977 ejus
1752 2898 1915 2977 progeniti

321 2987 451 3052 ὒιιιοιωι
468 2988 578 3058 liber-¹,
613 2989 754 3068 gigantes
773 3002 838 3050 non
870 2987 974 3063 fuisse,
1011 2988 1088 3048 alios
1139 2993 1242 3049 crunt.
1264 2990 1509 3068 interrogatam
1529 2990 1746 3051 Praedamitas
1771 3004 1815 3051 au
1839 2991 1916 3052 uni-

319 3080 458 3160 gignntas
482 3081 698 3161 dubioprocul
719 3081 879 3161 Scriptura
901 3080 1089 3142 edumemo-
1139 3094 1300 3141 versorum
1322 3076 1499 3160 hominum,
1544 3089 1636 3162 atque
1670 3081 1747 3143 adeo
1779 3098 1916 3145 saiorum
1987 3106 1988 3109 ¹

319 3178 378 3245 rat,
416 3178 453 3233 ut
486 3176 587 3253 Ogutn
621 3175 835 3235 Basanitarum
872 3173 1030 3253 Regulum
1058 3177 1090 3233 et
1140 3173 1233 3233 etiam
1247 3171 1287 3233 ab
1299 3172 1466 3253 relinquam
1478 3174 1577 3235 Adam
1591 3174 1826 3236 tueritbomine
1841 3194 1917 3257 pro-

320 3265 443 3326 doliam
473 3265 506 3327 in
533 3266 622 3327 libris
648 3264 798 3347 Regum&
829 3267 911 3327 Sunt
934 3265 1028 3327 etiam
1053 3281 1090 3326 ex
1139 3271 1306 3344 gnatorum
1339 3267 1456 3328 caedem
1487 3258 1708 3329 adstruendam
1749 3275 1878 3330 coactos
1905 3287 1914 3330 ι

319 3357 454 3420 historiis
479 3358 620 3437 gigantes
648 3348 700 3419 alii
729 3376 786 3438 per
810 3372 906 3437 quam
940 3354 1086 3433 celebres,
1141 3363 1257 3432 aterne,
1283 3374 1324 3419 au
1344 3359 1433 3420 albeis
1454 3359 1550 3422 luerit
1570 3360 1656 3421 Noe?
1671 3361 1753 3439 Urge
1777 3360 1866 3438 ilios,
1882 3366 1919 3423 ut

320 3467 399 3529 quos
437 3456 609 3520 recensent,
654 3451 871 3529 illustrantque
909 3446 1090 3511 Theodorus
1140 3451 1272 3527 edicant,
1293 3451 1348 3530 qui
1363 3451 1403 3512 ab
1426 3468 1491 3513 uno
1510 3453 1648 3528 homine,
1674 3452 1728 3532 qui
1741 3456 1796 3513 aut
1809 3453 1916 3533 nibus,

320 3542 460 3625 Ryalsius
474 3542 656 3604 moratione
669 3541 705 3603 de
721 3541 910 3623 Gigantibus,
926 3542 1091 3604 dalmatius
1141 3548 1196 3604 aut
1207 3544 1311 3620 niger,
1332 3548 1500 3626 utrumqne
1519 3544 1761 3621 caricundim,
1782 3552 1816 3607 et
1837 3548 1918 3625 albi,

320 3632 354 3694 in
376 3634 589 3696 disseminas
614 3632 650 3695 de
673 3634 858 3716 Gigantibus,
878 3632 1036 3696 Fabricius
1057 3636 1091 3695 in
1142 3640 1173 3697 et
1192 3637 1273 3715 nigri
1292 3637 1433 3700 homines
1458 3639 1533 3700 editi
1552 3639 1677 3700 fraenat.
1702 3642 1805 3717 Atque
1829 3628 1920 3720 quod

320 3725 413 3788 citata
439 3726 653 3788 dissertatione
678 3726 713 3787 dc
738 3726 906 3788 dorrr'ur'bur
933 3734 1003 3788 orta
1034 3744 1092 3788 noa
1142 3727 1188 3788 iili
1209 3740 1393 3809 responsum
1418 3731 1570 3807 dederint,
1600 3731 1640 3793 ad
1664 3730 1920 3795 antedilttviauos

320 3817 556 3899 dr'firrentidusl,
589 3818 691 3880 abhus
709 3819 841 3899 Artigny
863 3817 897 3880 lu
917 3819 1007 3880 novis
1024 3832 1093 3881 moa
1141 3820 1284 3882 homines
1297 3821 1388 3883 refer.

322 3912 480 3974 numentis
509 3911 656 3988 historiae,
694 3910 825 3984 cnidum,
857 3915 888 3972 et
917 3912 1091 3976 Littetnrias
1186 3914 1243 3973 VI.
1268 3914 1330 3975 Sed
1366 3920 1473 3977 tamen
1492 3916 1565 3977 satis
1599 3916 1791 3979 verosimiles
1819 3916 1922 3999 bedul

323 4003 539 4080 eruditionis‘,
567 4004 621 4084 qui
647 4010 822 4083 postremus
846 4009 954 4066 auctor
981 4004 1094 4067 refellit
1143 4004 1190 4066 rei
1211 4020 1313 4067 causae
1332 4007 1623 4089 proferri-possunt.
1652 4010 1921 4089 Distinguendum

323 4097 539 4159 Mahudeiium
579 4095 719 4176 gigantes
761 4110 826 4158 nan
867 4097 950 4158 ultra
991 4098 1093 4176 regios
1142 4110 1216 4158 vero
1230 4109 1301 4160 ante
1315 4099 1422 4161 omnia
1436 4101 1551 4181 duplex
1563 4103 1596 4163 iu
1608 4102 1788 4163 hominibus
1802 4104 1921 4184 nigro-

322 4189 415 4267 pedes
431 4207 475 4251 111
494 4204 639 4270 proceros
655 4188 749 4250 icisse
768 4189 962 4251 adserentem
984 4188 1018 4250 in
1030 4190 1092 4251 dis·
1143 4191 1186 4250 ris
1204 4204 1313 4270 genus.
1342 4193 1484 4255 Alterum
1504 4195 1620 4274 gradus
1639 4196 1741 4256 varios
1761 4195 1919 4272 adruittit,

322 4281 488 4343 sarlatione
531 4282 742 4343 monumentis
786 4282 880 4362 regia
915 4281 1094 4343 Parisieusis
1144 4287 1176 4343 et
1192 4283 1312 4347 iliacum
1333 4285 1397 4347 fere
1425 4286 1572 4365 colorem,
1600 4286 1770 4349 lividumve
1788 4287 1922 4367 gilium

265 4362 275 4387 ⁰
322 4372 488 4434 academice
509 4371 756 4455 inscriptionum,
780 4374 992 4454 politiorisque
1011 4374 1094 4436 litte·
1145 4392 1180 4436 ac
1209 4376 1348 4439 luridum
1387 4378 1494 4455 refert3
1536 4380 1712 4459 eujusmodi
1748 4379 1835 4441 color
1872 4384 1922 4443 est

323 4469 437 4526 retusae
452 4463 627 4546 inconpa‘.
644 4468 759 4528 Contra
772 4465 907 4546 pygmei
921 4484 984 4527 non
1002 4467 1092 4547 pauci
1143 4486 1263 4541 eorum,
1293 4471 1348 4550 qui
1368 4489 1407 4532 ex
1426 4471 1495 4532 albo
1516 4477 1548 4533 ct
1569 4473 1671 4552 nigra,
1693 4476 1746 4533 aut
1768 4471 1863 4551 nigro
1888 4476 1923 4535 et

322 4555 362 4617 ab
394 4557 505 4618 eodem
536 4557 674 4619 Fabricio
713 4564 930 4632 numerantur,
974 4574 1092 4640 nosque
1142 4561 1212 4622 niba
1230 4568 1413 4647 nascuntur.
1434 4551 1576 4625 iliterum
1598 4563 1734 4643 nigroris
1756 4582 1856 4643 genus
1870 4572 1923 4627 est

323 4646 417 4710 etiarn
442 4648 476 4709 iu
493 4649 605 4709 nostris
629 4648 759 4711 urbibus
778 4668 842 4712 non
865 4652 960 4714 semei
982 4652 1091 4732 hujus·
1142 4653 1343 4732 pudentioris,
1358 4656 1575 4736 conjunctique
1590 4666 1664 4718 cum
1677 4657 1778 4717 nitore
1798 4676 1921 4737 argen-

323 4740 409 4801 mndi
426 4740 635 4801 homunculos
659 4741 805 4803 vidimus.
833 4744 960 4804 Frustra
985 4748 1092 4807 tamen
1141 4744 1183 4805 tei
1203 4746 1374 4826 splendoris
1395 4748 1518 4821 aemulo,
1541 4749 1642 4828 qualis
1666 4748 1700 4809 iu
1714 4747 1923 4828 AEtlriopibmt

323 4837 355 4893 et
373 4832 431 4893 hos
452 4837 485 4894 et
504 4830 573 4894 ilios
597 4838 783 4914 argumento
800 4850 868 4895 esse
891 4835 960 4914 quis
980 4835 1092 4898 dixerit
1142 4837 1334 4912 observatur,
1361 4841 1415 4920 qui
1428 4846 1515 4902 tanto
1531 4841 1724 4922 pulchriores
1741 4840 1919 4919 habentur,

323 4924 452 4986 diuersa
465 4924 547 4986 inter
561 4924 833 5005 homiuesspeciai.
845 4927 993 5006 Gigantes
1006 4928 1092 4991 euim
1141 4936 1258 5010 minuto
1267 4932 1398 4994 atriorei
1410 4939 1495 4994 sunt.
1506 4935 1549 4994 De
1564 4933 1667 5014 priore
1679 4942 1793 5014 genere
1805 4934 1920 4996 miuus

323 5014 462 5077 materias
477 5023 594 5094 tamen,
610 5018 836 5080 reformatricis
854 5025 975 5090 naturae
987 5038 1091 5083 esces·
1141 5023 1272 5085 dubium
1291 5029 1348 5100 est,
1363 5029 1394 5085 et
1411 5025 1500 5087 facile
1519 5026 1588 5105 quis
1606 5027 1796 5087 adsentietur
1809 5028 1919 5090 Theo-

323 5124 406 5185 sum,
428 5126 464 5170 ac
485 5109 563 5185 vim,
586 5111 722 5191 pygmei
737 5109 901 5187 (lebetum,
920 5117 952 5174 et
978 5114 1090 5176 vitium
1142 5116 1249 5177 dorato
1275 5117 1362 5177 iliam
1387 5117 1497 5179 eoloris
1524 5118 1733 5181 diremitatem
1758 5117 1920 5183 solaribus

322 5198 405 5262 iutra
418 5201 559 5264 camdem
572 5204 704 5283 speciem
717 5203 865 5285 produnt.
1140 5209 1234 5270 radiis
1255 5209 1461 5273 diversimode
1481 5211 1516 5272 in
1535 5212 1655 5274 diuerso
1669 5210 1791 5275 elimate
1804 5226 1918 5276 aerem

364 5294 404 5355 V.
433 5293 595 5356 Difficilius
618 5297 765 5375 expeditu
801 5302 856 5375 est,
884 5297 1041 5378 quomodo
1064 5297 1090 5358 si
1140 5297 1322 5360 ferientibus
1340 5298 1515 5362 tribuenti.
1535 5303 1609 5364 Haec
1630 5308 1772 5365 ueterum
1786 5302 1920 5366 ridetur

350 5464 360 5530 i
377 5458 1151 5544 capena-anea.111‚r.-acq.uss-rrou.1.nnana
1173 5486 1257 5535 ιιιιι.
1269 5488 1318 5534 ιιι
1336 5488 1410 5536 anu
1421 5488 1459 5536 ιιι
1466 5490 1589 5540 arnae
