3948 6172
315 400 375 461 tea
820 404 1144 471 interemtionem
1169 406 1387 471 manarunt

317 564 350 624 in
365 565 480 627 scholis
497 566 558 628 dici
576 569 753 645 consuevit,
773 571 924 633 moraliter
946 571 1087 653 loquendo
1136 574 1202 635 non
1214 573 1325 650 meere,
1340 589 1399 634 nec
1413 578 1519 633 tamen
1532 572 1644 635 lecturi
1658 589 1722 633 uon
1734 574 1824 644 sunt,
1844 587 1892 629 nec

317 658 459 719 resistere
468 667 613 738 nequeat,
628 662 653 721 si
668 661 726 722 sibi
740 663 935 742 relinquatur
948 665 1016 740 uni,
1030 682 1088 725 nec
1136 667 1224 726 usuri
1238 665 1345 726 liberm
1364 665 1524 745 potestatis
1536 664 1676 726 arbitrio.
1696 663 1744 723 Ad
1758 678 1830 723 eum
1841 680 1894 722 mo

318 749 487 812 valentiore
506 752 619 813 divium
632 753 740 832 gratie
754 755 897 834 praesidio
910 757 1085 824 roboretur.
1137 758 1214 819 dum
1227 757 1464 836 intelligendum
1478 762 1541 830 est,
1557 757 1643 837 quod
1656 756 1701 818 sit
1711 753 1891 829 Guillelmus,

319 842 384 903 Hoc
397 843 487 922 quale
500 844 551 921 sit,
561 844 668 906 videre
678 848 725 907 est
737 849 768 907 in
783 866 820 908 co
834 850 987 928 exemplo,
1003 852 1087 930 quod
1140 869 1152 907 ι
1166 851 1228 911 Nec
1241 849 1392 928 sequitur,
1404 850 1430 910 si
1442 866 1509 910 non
1522 854 1623 929 potest
1635 864 1739 927 agere,
1756 845 1893 908 relatam

314 934 391 1013 jam,
420 941 507 1014 puto,
536 940 861 1013 commemoravimus,
880 942 1084 1018 cruciatuum,
1135 941 1225 1017 velle,
1241 942 1325 1021 quod
1339 946 1468 1021 propter
1480 941 1541 1001 boc
1552 946 1714 1001 excusatus
1726 938 1799 1013 fuit,
1814 958 1829 994 r
1845 943 1892 998 etc

317 1043 354 1085 ac
380 1030 618 1104 tormentorum,
648 1048 718 1109 quse
740 1031 780 1091 ad
798 1031 968 1093 obstinatas
980 1035 1088 1096 rolan-
1136 1034 1222 1109 Haec,
1233 1035 1373 1113 inquam,
1390 1040 1522 1112 tmccpta,
1538 1049 1645 1111 quam,
1657 1032 1685 1092 si
1697 1031 1801 1100 liceat,
1814 1029 1893 1109 impe-

317 1120 624 1197 talespervinccndas
635 1122 831 1185 adhibentur.
844 1125 916 1185 Haec
925 1125 1009 1188 enim
1021 1133 1087 1188 tam
1136 1125 1259 1187 tertiam
1267 1125 1432 1205 appellem,
1444 1130 1476 1184 et
1488 1124 1664 1185 sciovocari
1674 1123 1719 1184 sic
1739 1124 1775 1182 in
1787 1121 1892 1195 muas,

318 1210 424 1288 gravia
438 1228 503 1272 csse
517 1219 657 1291 possunt,
683 1220 715 1275 et
734 1215 956 1291 intolerabilia,
979 1225 1013 1280 ut
1026 1220 1086 1280 hu·
1136 1234 1207 1278 cum
1236 1218 1319 1297 apud
1345 1217 1473 1277 Latinos
1507 1215 1567 1276 alia
1593 1220 1634 1275 sit
1661 1214 1800 1275 nominis
1822 1213 1894 1273 istim

317 1318 428 1363 manas
448 1303 530 1365 vires
552 1312 718 1385 superent;
733 1310 1088 1373 neemmeuroluntatis
1135 1310 1232 1371 notio.
1264 1309 1324 1370 Sed
1351 1307 1404 1369 ille
1430 1300 1589 1389 potestatis
1611 1306 1751 1369 deiectus
1779 1324 1839 1366 non
1859 1312 1894 1366 cst

318 1395 443 1474 proprie
468 1395 593 1457 libertas
619 1399 662 1458 ita
685 1398 746 1459 illis
759 1401 889 1479 cogitur,
913 1407 949 1462 ut
972 1421 1048 1480 non,
1062 1406 1087 1466 si
1135 1400 1287 1474 absolute,
1304 1400 1493 1480 praecisaque
1516 1399 1706 1480 capiendus,
1735 1415 1852 1468 rernm,
1865 1403 1893 1457 ut

318 1485 407 1562 velit,
423 1506 608 1551 consensum
621 1509 713 1551 suum
727 1492 861 1554 retinere
869 1494 980 1574 possit.
997 1496 1087 1563 Quod
1131 1492 1198 1571 jam
1212 1492 1288 1568 dixi,
1303 1490 1477 1567 moraliter,
1494 1496 1531 1551 ut
1544 1509 1604 1553 aaa
1614 1509 1699 1572 posse
1713 1507 1802 1570 apere
1812 1488 1851 1565 id,
1862 1490 1893 1548 sit

318 1577 352 1638 in
372 1580 683 1661 mactisMartyribus
696 1584 907 1664 experimento
920 1586 1087 1666 probatum
1134 1602 1297 1664 nrmquam
1324 1584 1403 1645 velle
1437 1601 1564 1645 movere
1598 1601 1631 1645 se
1660 1584 1701 1644 ad
1738 1581 1890 1659 agendum,

319 1677 381 1734 est:
402 1673 456 1751 qui
474 1692 568 1734 anon
583 1681 741 1737 cesserunt
755 1677 930 1757 suppliciis,
946 1680 999 1741 sed
1013 1681 1087 1760 ipsis
1136 1676 1278 1757 quamvis
1291 1676 1430 1737 absolute
1442 1680 1546 1755 queat.

318 1767 421 1842 potius
433 1765 584 1844 supplicia
598 1773 769 1843 cesserunt,
782 1775 817 1829 ut
831 1770 1084 1851 aitdyprianus¹.
1177 1769 1327 1829 Praeterea
1348 1767 1387 1829 de
1409 1785 1447 1829 ca
1460 1768 1640 1829 necessitate
1666 1767 1809 1846 loquitar
1821 1764 1891 1825 eut·

320 1855 480 1917 Steterunt
499 1859 582 1919 enim
606 1860 677 1920 torti
694 1861 911 1940 torquentibus
934 1864 1085 1940 fortiores,
1134 1860 1257 1936 lelmus,
1286 1878 1357 1939 quae
1371 1866 1417 1921 est
1430 1877 1635 1939 consequens,
1655 1864 1687 1919 et
1700 1859 1738 1919 in
1753 1876 1838 1919 caum
1849 1875 1892 1918 ma

318 1954 348 2008 et
362 1949 531 2027 pulsantes,
548 1951 746 2013 aclauiantcs
761 1954 895 2033 angulas
907 1957 1038 2035 pulsata,
1051 1977 1088 2020 aa
1136 1952 1321 2013 voluntaria·
1348 1952 1389 2012 Ut
1415 1967 1488 2011 0⁰³1
1515 1951 1625 2030 uliquis
1652 1951 1686 2011 in
1713 1968 1846 2030 limidi⁸
1866 1968 1891 2010 ω

316 2039 432 2100 laniata
459 2042 601 2103 membra
629 2045 783 2107 vicerunt.
812 2047 1087 2127 inexpugnabilem
1136 2050 1245 2123 sponte
1259 2043 1434 2117 committit,
1452 2043 1519 2112 etsi,
1533 2048 1698 2122 postquam
1714 2060 1750 2103 se
1769 2041 1892 2102 semelen

315 2130 412 2191 fidem
436 2151 582 2212 superare
595 2152 660 2196 non
674 2138 774 2216 potuit
788 2140 916 2200 saeviem
929 2141 983 2201 diu
997 2142 1088 2221 plaga
1136 2136 1199 2197 alto
1219 2136 1303 2215 jecit,
1331 2135 1475 2215 deinceps
1495 2137 1668 2196 necessario
1696 2134 1826 2210 labitur,
1845 2151 1890 2194 nce

315 2224 447 2302 repetita
462 2245 470 2301 ;
496 2226 639 2304 quamvis
653 2232 745 2307 rupta
767 2247 916 2311 compage
929 2233 1086 2294 membro·
1135 2228 1271 2290 retinere
1287 2246 1320 2289 se
1334 2233 1454 2307 potest;
1469 2233 1575 2289 tamen
1590 2227 1731 2288 islibere
1743 2245 1805 2287 non
1816 2225 1890 2285 modo

316 2334 399 2390 rum,
424 2321 645 2397 torquerentur
669 2320 701 2380 in
729 2323 824 2382 servis
853 2323 906 2383 Dei
925 2310 995 2403 jam
1022 2344 1087 2387 non
1135 2320 1323 2401 prosiluisse,
1339 2320 1393 2381 8θᾶ
1414 2337 1508 2399 PONO
1529 2320 1622 2380 efiflm
1640 2319 1770 2391 wilere,
1789 2315 1889 2398 limiti·

315 2407 467 2484 membra,
480 2410 533 2470 sed
546 2411 688 2473 vulnera.
701 2434 718 2471 n
731 2415 894 2475 Osteusum
907 2415 941 2476 in
956 2415 1015 2477 illis
1029 2422 1085 2495 est,
1135 2412 1228 2491 vique
1242 2412 1368 2473 dieitur·
1391 2412 1471 2472 Nam
1493 2411 1593 2471 tribus
1614 2410 1719 2471 mollis
1734 2409 1888 2481 mitid.

317 2506 470 2579 quantum
493 2503 589 2582 possit
610 2503 750 2566 bumana
775 2505 901 2567 libertas
929 2509 983 2570 Dei
1010 2528 1085 2590 ope,
1136 2505 1220 2584 quod
1238 2502 1446 2566 necessarium
1461 2505 1517 2576 est,
1534 2509 1566 2563 et
1579 2501 1783 2581 impossibile,
1797 2506 1889 2561 utnon

317 2592 493 2672 Christique
518 2595 624 2673 adjuta
643 2598 749 2676 gratia.
767 2599 950 2679 eranquam
969 2600 1003 2661 in
1021 2602 1087 2663 aliis
1135 2596 1200 2672 fist,
1214 2613 1301 2674 posse
1312 2612 1379 2656 esse
1391 2593 1615 2671 voluntarium,
1630 2615 1643 2651 ι
1659 2593 1694 2653 id
1708 2592 1888 2665 astrolitun,

316 2683 381 2745 sola
395 2702 451 2764 per
473 2704 550 2763 sese,
572 2705 608 2748 ac
629 2689 695 2750 sins
708 2691 824 2769 gratia,
850 2691 995 2753 voluntas
1012 2694 1088 2773 quid
1135 2705 1208 2748 cum
1224 2687 1274 2748 rel
1294 2686 1484 2763 affectatum,
1505 2690 1774 2765 procuranrmque
1792 2690 1841 2760 est,
1861 2688 1889 2743 ut

314 2783 436 2855 posset,
460 2795 495 2838 ac
520 2796 616 2857 quam
638 2786 717 2842 esset
743 2781 863 2857 libera,
892 2785 1085 2846 monstravit.
1135 2780 1199 2860 qui,
1225 2796 1297 2840 cum
1320 2785 1398 2840 esset
1409 2791 1537 2839 vocatus
1551 2778 1584 2838 in
1600 2776 1665 2855 jus,
1680 2778 1778 2857 fregit
1788 2781 1887 2857 ponus,

315 2867 464 2929 Permulti
483 2869 568 2930 enim
591 2870 647 2932 nei
680 2873 715 2949 ‘',
742 2891 779 2933 ac
804 2873 916 2952 perditi
944 2874 1087 2938 homines
1136 2890 1192 2950 per
1205 2890 1283 2951 quos
1301 2889 1428 2933 neccsse
1447 2871 1584 2932 habebat
1597 2870 1714 2946 venire,
1740 2887 1801 2949 quo
1817 2884 1889 2928 roes

314 2960 576 3023 immanissimum
605 2964 700 3024 totius
725 2967 863 3044 corporis
884 2966 1034 3027 laniatum
1057 2973 1088 3030 ct
1135 2964 1238 3036 batur,
1252 2962 1304 3023 rel
1318 2981 1390 3024 aum
1416 2961 1585 3024 toleratum
1612 2967 1669 3035 est,
1692 2961 1748 3022 uel
1769 2976 1887 3021 eumue·

314 3050 470 3113 horrenda
484 3054 635 3133 supplicia
650 3054 733 3130 forti,
750 3063 781 3117 et
810 3056 967 3119 obstinato
981 3061 1086 3122 animo
1134 3055 1281 3135 glectum.
1306 3076 1322 3112 c
1351 3055 1459 3134 Atqui,
1489 3055 1574 3134 quod
1597 3054 1646 3114 bis
1676 3052 1779 3114 tribus
1806 3050 1887 3113 modis

314 3143 528 3222 pertulerunt3
545 3164 602 3207 nec
619 3147 658 3207 ad
673 3149 825 3209 scelerum
840 3149 1084 3229 confessionem
1135 3147 1343 3211 necessarium
1356 3146 1482 3222 dicitur,
1497 3147 1529 3207 id
1548 3165 1587 3208 ex
1600 3146 1801 3208 antecedente
1812 3143 1887 3204 liber·

314 3241 369 3296 aut
382 3254 463 3313 eam,
482 3256 576 3316 quam
590 3239 694 3317 palam
708 3240 945 3319 profitebantur,
962 3243 1085 3321 ejura'n·
1134 3241 1206 3303 tatis
1215 3259 1276 3302 usu
1285 3239 1496 3301 voluntarium
1506 3245 1563 3315 est,
1578 3257 1615 3299 ac
1626 3237 1774 3299 libemm.
1788 3235 1886 3316 unpu

313 3328 387 3389 dam
411 3328 574 3408 perfidiam
591 3330 657 3392 ullo
682 3331 798 3394 doloris
814 3351 906 3394 sensu
933 3335 1002 3415 cogi
1030 3354 1086 3416 po·
1134 3331 1335 3394 uoluntarium
1346 3330 1411 3391 illic
1425 3329 1582 3409 prolibem
1590 3327 1883 3406 umnelmmsocipit

314 3424 452 3483 tuerent.
1133 3429 1170 3486 ut
1190 3425 1285 3485 etiam
1312 3423 1514 3501 Augustinus,
1545 3427 1576 3483 et
1602 3422 1673 3495 alii;
1702 3421 1788 3501 quod
1809 3434 1885 3496 supra

354 3513 407 3573 XI.
431 3513 496 3575 Hoc
508 3532 599 3577 sensu
613 3517 796 3579 Guillelmus
818 3519 963 3597 affirmat,
991 3536 1087 3599 quan·
1135 3517 1327 3578 monuimus.
1353 3516 1396 3577 Ac
1420 3532 1478 3575 nos
1495 3514 1646 3575 hactenus
1666 3513 1763 3593 plura
1783 3512 1816 3573 de
1837 3510 1884 3570 bac

314 3609 482 3685 tecumque
507 3607 635 3667 risisti
661 3627 696 3670 ac
722 3612 887 3671 necessitas
911 3612 1085 3690 incumbat,
1135 3608 1313 3670 necessitate
1339 3606 1470 3687 sparsim
1496 3606 1670 3685 injecimus,
1686 3624 1760 3684 quse
1780 3606 1886 3684 proptu

314 3696 446 3758 liberam
478 3698 687 3760 nibilominus
720 3718 847 3763 manere
880 3702 1084 3767 voluntatem.
1135 3700 1313 3781 argumenti
1348 3698 1585 3760 similitudinem
1617 3698 1656 3758 ad
1693 3695 1887 3776 explicandam

316 3790 478 3869 Siquidem
505 3791 721 3853 determinatio
748 3792 820 3869 illa,
847 3802 878 3855 ct
904 3797 1085 3875 necessitas,
1135 3793 1293 3856 Guillelmi
1314 3790 1499 3852 sententiam
1525 3789 1756 3851 accommodari
1765 3788 1884 3868 pomini„

315 3901 386 3962 qum
400 3901 439 3945 ex
462 3883 525 3944 fato
545 3885 661 3959 oritru,
678 3904 744 3947 non
758 3892 804 3947 est
817 3885 969 3964 absoluta,
983 3890 1037 3951 sed
1048 3872 1088 3952 dd
1176 3886 1243 3946 XIl.
1267 3884 1314 3945 Ad
1328 3889 1586 3944 extremumvero
1595 3881 1666 3942 sciri
1674 3881 1737 3942 hoc
1751 3880 1886 3951 volumus,

316 3992 476 4037 summum
499 3977 652 4055 ejusmodi
680 3984 736 4052 est,
762 3997 857 4059 quam
880 3979 1031 4057 moralem,
1059 3995 1089 4044 et
1135 3976 1349 4052 Guillelmum‚
1375 3993 1448 4035 cum
1470 3975 1509 4035 de
1535 3973 1596 4035 hac
1618 3971 1706 4034 fatali
1725 3968 1887 4033 accessitis

316 4067 507 4150 infallibilem
521 4075 644 4131 vocant.
667 4089 739 4132 eum
764 4072 894 4133 omnino
908 4091 1042 4152 cessura,
1058 4082 1089 4137 et
1135 4069 1284 4149 loquitur,
1300 4067 1463 4149 Paululum
1477 4066 1640 4127 dssfflflfiffl
1651 4065 1691 4125 ⁸¹³
1708 4068 1887 4143 fluuium

315 4161 500 4222 obsecutura
513 4167 559 4223 est
577 4163 606 4223 ei
629 4162 794 4239 voluntas;
814 4166 955 4243 quamvis
975 4173 1085 4246 potest,
1135 4161 1309 4244 plerisque,
1340 4161 1394 4239 qui
1420 4159 1568 4220 adversus
1593 4158 1680 4219 illam
1703 4157 1887 4236 disputantes.

316 4253 341 4312 si
356 4252 440 4321 colit,
466 4254 618 4329 resistere,
643 4256 816 4334 prasertim
842 4257 1087 4319 extraordinario
1136 4272 1272 4329 meram,
1299 4252 1532 4331 absolutamque
1563 4250 1776 4311 necessitatem
1802 4264 1837 4307 ex
1858 4260 1888 4304 cu

315 4343 421 4422 aliquo
431 4345 683 4419 reiectsnaturee,
695 4346 745 4407 vel
754 4347 861 4425 gratis
873 4348 995 4411 robore.
1010 4351 1088 4410 Nam
1136 4346 1384 4427 aequidiacrunt,
1396 4350 1428 4405 et
1440 4341 1763 4423 capitalemlibertatis
1773 4339 1888 4438 hostem3

316 4441 350 4495 et
371 4436 511 4515 plerique
524 4437 620 4517 longa
644 4438 794 4499 vitiorum
809 4441 1031 4501 consuetudine
1045 4441 1089 4501 sic
1137 4439 1221 4519 qnod
1248 4437 1328 4498 nibil
1356 4435 1475 4497 arbitrii
1498 4434 1591 4495 liberi
1610 4434 1686 4512 juri,
1711 4451 1747 4494 ac
1765 4433 1890 4512 potestat

317 4525 463 4587 obdurati
477 4535 560 4604 sunt,
585 4535 616 4589 et
635 4530 845 4607 occuluerunt,
865 4540 910 4608 ut,
927 4532 1088 4593 occasione
1137 4532 1344 4611 relinqueret,
1366 4526 1631 4608 quemadmodum
1659 4527 1758 4606 capite
1777 4521 1890 4603 septimo

318 4619 401 4693 data,
416 4637 512 4700 prope
528 4622 684 4699 pecudum
701 4628 844 4698 morast
855 4624 990 4702 quadam
1004 4625 1091 4685 insu·
1137 4624 1209 4684 libri
1223 4622 1305 4684 tertii
1324 4621 1419 4700 hujus
1441 4620 1543 4699 operis
1564 4618 1703 4699 exposui.
1729 4613 1814 4684 Quod
1824 4630 1889 4694 pru·

317 4710 445 4790 parabili
473 4714 653 4774 necessitate
680 4713 861 4793 rapiantur,
890 4734 1016 4796 quoquo
1038 4734 1090 4778 eos
1138 4716 1258 4790 denter,
1274 4719 1306 4774 et
1328 4719 1364 4774 ut
1384 4711 1537 4792 oportuit,
1567 4709 1690 4772 abillis
1712 4713 1759 4769 est
1777 4705 1890 4767 iactum

319 4803 465 4883 impetus,
482 4822 518 4864 ac
530 4803 626 4864 libido
641 4804 757 4866 tulerit.
772 4805 833 4865 Nec
846 4811 954 4871 tamen
962 4826 1090 4869 excussa
1139 4806 1326 4886 HuJ’usmodi
1340 4805 1426 4867 enim
1439 4803 1582 4877 illorum,
1599 4806 1707 4862 canus
1719 4816 1795 4880 quos
1805 4796 1892 4877 bute·

319 4894 381 4955 illis
393 4895 517 4974 penitus
531 4896 649 4956 arbitrii
663 4896 804 4971 libertas3
816 4915 874 4958 neo
887 4898 947 4959 alia
961 4907 1006 4960 est
1020 4901 1089 4977 ista,
1139 4899 1230 4973 bant,
1249 4898 1410 4959 decretum
1431 4894 1509 4956 fuit:
1535 4893 1619 4954 lamii
1641 4892 1778 4954 motione
1796 4887 1891 4949 volun·

320 5004 414 5065 quam
437 4986 561 5049 moralis
583 4989 760 5066 necessitas,
784 4988 835 5049 cui
857 4989 930 5051 licet
950 4992 1089 5054 absolute
1140 4998 1237 5053 tatem
1250 4990 1350 5070 ipsam
1362 4986 1526 5069 oceripari,
1554 4991 1586 5047 et
1604 4984 1736 5047 interius
1752 4982 1842 5055 affici;
1860 4994 1892 5039 cx

321 5078 468 5140 reluctari
490 5080 619 5160 possint,
643 5087 675 5142 et
702 5081 736 5142 in
761 5083 950 5144 contrarium
973 5084 1041 5159 niti,
1066 5086 1093 5146 si
1141 5102 1204 5164 quo
1217 5080 1434 5143 determinatio
1448 5080 1592 5160 quedam
1606 5078 1706 5139 oritur
1715 5073 1891 5141 meatem

318 5170 427 5240 velint,
443 5190 509 5232 non
521 5178 628 5235 tamen
646 5173 705 5234 hoc
721 5173 833 5234 facturi
851 5186 934 5236 nmt.
950 5177 1038 5250 Quod
1058 5178 1092 5239 in
1143 5193 1213 5256 qum
1225 5174 1339 5235 invicta
1360 5173 1539 5234 necessitate
1562 5188 1690 5231 omnem
1714 5169 1777 5230 rim
1801 5165 1893 5227 abac

323 5263 530 5341 damonibus,
545 5284 580 5327 ac
591 5265 745 5327 damnatis
758 5266 857 5328 multo
868 5270 971 5329 evenit
981 5269 1091 5348 magis,
1144 5267 1302 5329 electionis
1316 5264 1463 5326 absumit.
1477 5263 1538 5326 ilii
1550 5280 1625 5324 vero
1636 5261 1754 5324 animm
1766 5257 1894 5320 natta

323 5356 418 5434 quiet
431 5356 528 5420 libere
541 5363 680 5438 peccant,
696 5362 823 5438 atquae
831 5359 959 5438 iaciunt,
975 5361 1095 5441 possint
1144 5380 1183 5422 ex
1197 5360 1297 5422 causis
1325 5356 1521 5420 efficientiam
1544 5357 1579 5451 in
1600 5355 1791 5417 voluntatem
1809 5351 1893 5431 ipsam

352 5554 363 5597 i
379 5553 443 5610 Grpe.
458 5567 530 5610 epu.
