3948 6172
448 400 499 462 DE
518 398 682 462 OPIFlGlO
703 398 777 462 SEX
798 396 958 466 DIERUM,
980 397 1052 461 ΠΒ.
1074 400 1115 476 V,
1139 398 1225 471 CAP,
1248 401 1301 465 Vl.
1608 409 1668 470 loe

87 576 206 647 catera,
222 587 290 650 quae
300 568 474 649 percensui,
495 585 612 630 arcum
634 585 689 649 per
705 586 737 629 se
758 564 850 628 statui
904 571 950 626 est
974 567 1100 629 illorum
1129 571 1253 649 opinio,
1282 571 1556 653 interpretatiaque
1582 590 1666 636 vera.

87 664 244 724 hominem
262 667 364 741 negat,
394 661 467 741 quia
485 660 666 737 necessarie,
685 678 720 720 cc
740 665 853 739 proeter
902 658 980 718 Nam
993 661 1158 738 necessarie,
1171 682 1206 724 ac
1217 671 1329 744 preter
1342 665 1521 727 volantatem
1536 666 1669 745 istopro-

88 755 273 816 voluntatem
286 755 344 814 istc
357 752 592 834 proveniunti»
607 754 682 820 Quae
697 757 853 832 postrema
902 756 999 812 centro
1025 754 1195 815 Bernartius
1221 757 1283 831 ait3
1317 757 1484 817 etidcirco
1512 775 1577 817 non
1605 776 1669 819 esse

88 847 177 910 verbo
195 847 363 920 dederant,
382 852 520 908 mentem
539 845 622 906 hanc
641 844 724 905 illius
745 844 848 913 inisse,
881 840 1011 921 'libera
1024 864 1081 906 nec
1095 846 1332 909 rcumiomirtem
1341 848 1449 928 secere.
1465 847 1670 911 Necessarium

88 944 119 1001 ut
128 940 289 1002 necessitas
301 958 348 1013 ca,
358 957 429 1019 quae
442 940 476 999 in
488 938 551 999 illis
563 938 656 998 rebus
665 937 744 998 inest
756 936 849 997 liber·
901 940 1018 1011 alitem,
1042 957 1078 998 ac
1099 946 1213 1018 prater
1239 940 1424 1017 voluntatem,
1449 946 1480 1001 et
1493 942 1670 1020 oppositum

88 1034 152 1094 tatis
163 1032 300 1107 inimica,
315 1050 380 1092 non
404 1031 438 1092 in
451 1049 512 1091 usu
530 1048 649 1101 carum,
663 1035 694 1090 ct
716 1029 846 1104 actione,
904 1027 1009 1103 libero,
1025 1030 1104 1090 nihil
1127 1031 1187 1092 nisi
1210 1032 1367 1094 violentum
1382 1038 1412 1093 et
1427 1041 1556 1094 coactum
1568 1052 1669 1112 neque

88 1127 136 1188 sed
148 1125 181 1185 in
193 1125 365 1198 habitione,
380 1129 411 1185 et
424 1124 600 1203 acceptione
612 1121 769 1184 consistat.
901 1139 1009 1181 revera
1034 1140 1098 1183 esse
1123 1124 1234 1184 docent
1258 1124 1315 1201 illi,
1341 1142 1442 1204 neque
1466 1144 1484 1185 a
1513 1126 1668 1186 Bernardo

122 1219 158 1279 V.
180 1218 247 1292 Quo
275 1221 348 1277 sunt
373 1216 495 1277 ridiculi
521 1215 631 1294 magis,
653 1219 684 1275 et
710 1213 850 1293 impediti
901 1214 1067 1274 nominari.
1099 1217 1199 1293 Igitur
1225 1217 1308 1295 quod
1335 1224 1492 1277 accesseris
1516 1217 1669 1297 procertire

88 1311 153 1372 novi
165 1309 372 1389 dogmatistes.
394 1309 456 1370 Nec
477 1308 562 1369 enim
583 1305 773 1368 comminisci
792 1323 849 1365 un-
900 1304 1076 1367 abiectiones
1101 1307 1168 1367 illas
1188 1309 1306 1387 scripsit
1326 1309 1510 1384 bernardus,
1533 1309 1669 1387 idipsum

89 1420 171 1483 qnam
193 1406 351 1482 poterunt,
368 1419 438 1481 qucc
453 1401 501 1473 sit,
523 1405 554 1460 θῖ
564 1400 688 1480 quando
698 1398 790 1458 allata
812 1397 850 1457 sit
900 1403 956 1471 est,
968 1416 1024 1478 per
1037 1398 1106 1473 criu,
1124 1404 1154 1460 et
1176 1399 1348 1460 coactionem
1363 1400 1468 1460 insitas
1482 1418 1564 1473 csse3
1579 1405 1609 1459 et
1622 1401 1668 1460 in·

89 1494 133 1554 illa
145 1494 199 1569 ris,
212 1492 568 1569 etviolentaneccssitas,
580 1510 650 1572 quae
659 1491 846 1564 libertatem,
900 1508 965 1551 esse
974 1509 1068 1570 porro
1081 1491 1127 1561 iia,
1136 1492 1189 1572 qui
1198 1493 1242 1554 sic
1257 1511 1275 1553 a
1288 1497 1399 1555 natura
1413 1492 1496 1573 ficti,
1510 1510 1668 1571 campara-

89 1605 148 1667 que
159 1586 247 1648 nulla
261 1593 339 1647 tunc
352 1593 429 1660 crat,
449 1603 507 1646 nec
516 1603 581 1645 esse
593 1588 724 1664 poterat,
739 1581 845 1642 exclu-
899 1583 984 1662 tique
994 1589 1077 1644 sunt.

88 1680 172 1739 deret.
184 1680 237 1739 Est
249 1679 337 1739 enim
350 1677 533 1753 violentum,
550 1681 691 1755 utsupra
709 1693 748 1735 cx
759 1691 845 1734 com·
942 1676 992 1737 Vl.
1017 1678 1130 1744 Restat,
1146 1677 1227 1737 utin
1246 1696 1304 1738 usu
1319 1676 1517 1751 affectionum
1529 1676 1664 1753 illarum,

89 1766 846 1850 monitheologorum,philosophorumquedecreto
901 1773 932 1828 et
949 1769 1130 1837 actionibus,
1147 1788 1216 1848 quae
1231 1768 1270 1829 ab
1284 1769 1321 1829 iis
1338 1770 1586 1849 proficiscuntur,
1602 1770 1669 1829 vio-

89 1864 327 1938 monstravimus,
343 1862 426 1941 quod
440 1861 478 1922 ab
493 1865 619 1921 externa
632 1877 723 1920 causa
735 1859 846 1935 oritur,
899 1860 1049 1921 lentama
1070 1861 1225 1921 Bernardo
1248 1862 1460 1923 necessitatem
1478 1862 1552 1942 poni
1568 1862 1667 1940 suspi-

89 1955 209 2016 naturali
231 1954 436 2035 propensiori
462 1952 672 2027 contrarium,
704 1950 783 2011 nihil
810 1967 847 2010 eo
899 1957 1018 2014 centur.
1034 1953 1123 2026 Quod
1136 1971 1193 2014 nec
1216 1954 1282 2032 ejus
1303 1954 1417 2027 verbis,
1442 1972 1477 2014 ac
1502 1954 1559 2014 toti
1585 1952 1667 2013 illius

89 2049 301 2121 mnuibmnte,
311 2046 395 2125 qnod
405 2045 532 2126 patitur.
544 2036 735 2120 Quarc,cum
745 2061 847 2123 neque
898 2044 1058 2105 sententias
1072 2044 1232 2124 congruit,
1247 2051 1277 2106 et
1289 2064 1353 2105 non
1376 2045 1480 2106 minus
1492 2046 1595 2124 priore
1609 2043 1667 2105 isto

89 2141 170 2202 bomo
183 2141 287 2201 adhuc
309 2144 400 2211 esset,
416 2156 517 2218 neque
536 2136 775 2219 propensionem
788 2136 845 2196 ha·
898 2136 1059 2213 ialstrm,et
1072 2136 1283 2198 inextricabile
1297 2136 1430 2197 videtur.
1444 2138 1522 2197 Nam
1537 2136 1562 2196 si
1575 2142 1666 2196 natu-

89 2232 273 2304 beretullam,
288 2228 845 2312 quisuitillacausarum,undepostea
899 2228 1665 2309 ralessuntproprietatesillaesingulishominibus,

90 2330 148 2386 nala
154 2326 208 2385 ista
221 2328 309 2400 sunt,
327 2321 463 2383 violenta
474 2319 655 2401 dispositio?
666 2319 841 2381 Violentam
901 2341 965 2382 non
980 2326 1109 2402 possunt
1120 2340 1227 2382 earum
1240 2321 1415 2382 functiones
1427 2338 1562 2381 nonesse
1575 2326 1666 2381 natu-

89 2411 841 2491 dicoilmonaturalisecontrariotuitaffectioqua-
901 2413 1665 2475 rolesNatnraliautemcontrariumcstcoactum.

89 2506 241 2587 Quasque
255 2507 311 2567 illa
323 2505 510 2585 corporis,et
521 2504 844 2565 habitusinstrnmen·
901 2504 1017 2567 Deinde
1031 2507 1193 2566 necessitas
1206 2505 1252 2566 illi
1271 2505 1411 2584 opposita
1422 2503 1568 2581 libertati,
1591 2523 1661 2583 qnae

89 2606 177 2661 urum
189 2603 317 2676 anima,
332 2598 359 2659 si
371 2598 465 2677 an'us
478 2597 625 2673 hominis,
648 2601 679 2657 et
692 2595 843 2656 individui
898 2617 937 2660 ec
950 2597 1035 2661 tardo
1047 2598 1173 2679 tripertio,
1190 2596 1281 2658 labili
1294 2598 1449 2673 memoria,
1466 2597 1597 2678 inquieto
1611 2616 1665 2678 ap·

90 2694 295 2773 proprietatem
321 2691 514 2766 consideres,
543 2689 636 2768 idque
662 2687 777 2767 duplici
804 2689 843 2749 de
893 2696 1005 2772 petito,
1021 2691 1207 2771 reliquisque
1229 2690 1345 2750 nescia
1365 2690 1522 2750 bernardo
1540 2688 1663 2765 dicitnr,

90 2804 172 2848 causa.
187 2785 244 2847 Vel
259 2785 333 2864 quia
353 2782 494 2844 naturale
512 2782 544 2842 id
562 2781 684 2858 dicitnr,
706 2781 789 2860 quod
809 2780 843 2840 in
896 2783 998 2865 reipsa
1024 2783 1056 2843 in
1082 2783 1210 2844 homine
1236 2783 1406 2863 reperit1n3
1430 2781 1502 2862 qnia
1525 2780 1568 2842 sic
1586 2781 1666 2843 inest

89 2877 142 2958 ipsa
152 2874 638 2958 productione,generationeque
646 2873 772 2933 insitum
779 2878 841 2949 est;
896 2876 966 2956 ipsi,
982 2882 1017 2936 ut
1030 2895 1081 2936 ccc
1102 2894 1183 2935 rcum
1200 2894 1254 2956 per
1267 2894 1296 2934 sc
1314 2882 1421 2935 stmaat
1442 2873 1596 2948 domicum,
1614 2892 1666 2936 nec

90 2988 150 3031 nam
172 2978 201 3032 et
223 2979 296 3050 φάσις
321 2969 360 3030 ab
391 2967 554 3029 Aristotele
584 2965 756 3046 appellatur
778 2964 844 3045 ipsa
896 2959 1083 3029 innocentem.
1100 2968 1208 3028 Existit
1222 2986 1296 3048 ergo
1309 2968 1344 3027 in
1356 2985 1463 3028 rerum
1483 2972 1594 3027 natura
1608 2984 1663 3027 ne-

54 3070 64 3112 ‘·
90 3063 218 3141 qmaatio
231 3061 256 3137 ¹,
286 3061 319 3122 id
343 3059 428 3122 enim
447 3067 546 3139 φύεσθαι
569 3058 692 3132 dicitur,
707 3057 790 3118 unde
813 3065 843 3119 et
895 3060 1018 3121 cessitas
1031 3060 1326 3138 ejusmodiEtvcro
1339 3059 1502 3121 necessitas
1515 3077 1664 3138 ea,quam

91 3162 267 3232 duramen
282 3153 410 3234 accepit,
427 3156 458 3213 et
479 3151 611 3212 materia
628 3150 705 3230 ipsa,
725 3168 764 3210 ex
781 3168 842 3230 qna
895 3151 1163 3213 adversariisolam
1175 3170 1240 3212 esse
1255 3152 1443 3212 contrariam
1461 3150 1598 3211 libertati
1609 3169 1666 3231 pu-

90 3264 130 3306 res
147 3247 258 3324 existit,
276 3254 346 3326 φύσις
359 3245 453 3305 etiam
472 3249 610 3304 vocatur.
636 3243 716 3304 Sunt
738 3248 843 3302 autern
893 3249 972 3319 tant,
987 3248 1018 3304 et
1031 3262 1050 3305 a
1063 3244 1219 3304 Bernardo
1233 3243 1413 3322 significari,
1429 3242 1499 3303 talis
1511 3249 1567 3318 est,
1580 3247 1664 3304 utne

91 3337 266 3416 honoras,et
280 3336 433 3416 ejusmodi
447 3341 614 3410 calesces
627 3333 841 3414 quibusaffec·
895 3336 1036 3397 absoluta
1058 3336 1185 3415 quidem
1215 3341 1365 3415 potestate
1392 3335 1446 3396 Dei
1470 3337 1566 3414 possit
1585 3353 1662 3411 csse,

93 3430 173 3492 tiones
184 3432 357 3492 illaeortum
366 3428 491 3497 habent,
504 3427 633 3488 materia
647 3427 842 3506 singulorum
894 3429 967 3507 quia
980 3427 1059 3488 nihil
1071 3433 1127 3504 est,
1139 3433 1170 3488 ct
1181 3426 1221 3488 ad
1235 3428 1513 3489 contradictionem
1527 3426 1665 3506 implica

91 3538 234 3601 corporum
247 3544 258 3599 ;
273 3520 343 3583 ideo
357 3521 451 3581 etiam
466 3520 499 3579 in
509 3524 630 3580 natiuae
638 3523 724 3599 parte
734 3536 842 3580 numo-
894 3527 954 3582 tur.
970 3521 1154 3596 Audiamus,
1171 3519 1245 3599 quid
1265 3520 1312 3581 illi
1336 3521 1374 3582 de
1392 3519 1450 3581 hac
1470 3521 1662 3598 necessitate,

92 3619 193 3675 untur.
202 3614 327 3675 Deinde
341 3622 372 3675 τὰ
381 3620 472 3693 ἄτομα,
489 3611 522 3672 id
535 3616 581 3671 θεῖ
591 3608 754 3684 individua,
769 3629 841 3690 pro·
894 3617 925 3674 θῖ
938 3611 1085 3673 Bernardi
1101 3612 1254 3673 sententia
1267 3612 1416 3673 scribant:
1429 3634 1444 3669 «
1459 3613 1564 3673 Tertio
1579 3612 1665 3672 illam

92 3705 236 3782 pristitum
248 3706 388 3780 illarum,
400 3703 621 3782 ctqualitatum
630 3703 842 3782 complexione
894 3723 926 3767 se
939 3723 1100 3766 removere
1113 3704 1259 3781 declarat,
1275 3703 1440 3784 inquiunt*
1450 3722 1521 3785 qua
1539 3704 1662 3780 faceret,

91 3803 221 3875 constant,
241 3800 277 3858 in
300 3815 398 3876 eaque
422 3796 481 3856 sita
503 3800 549 3854 cst
565 3795 692 3855 illorum
716 3796 843 3875 propria
893 3804 929 3858 ut
943 3798 1005 3858 duo
1020 3797 1257 3858 contradictoria
1270 3815 1302 3857 se
1316 3816 1381 3857 non
1395 3797 1593 3876 perimerent,
1610 3796 1663 3856 sed

93 3888 163 3957 ratio,
182 3897 274 3969 atquc
288 3887 440 3961 definitio,
456 3887 482 3946 si
492 3885 697 3966 Porphyrio¹,
714 3891 744 3947 ct
756 3887 841 3947 aisti·
895 3889 987 3951 simul
1000 3890 1033 3950 in
1046 3908 1102 3950 sna
1108 3890 1235 3949 veritate
1243 3889 1455 3959 consisterent,
1469 3887 1619 3963 videlicet,
1629 3892 1664 3950 ut

93 3979 147 4056 quis
156 3980 306 4060 plerisque
321 3979 487 4041 credimus.
506 3979 566 4039 Vel
577 3984 659 4040 certe
670 3979 757 4059 signa
770 3984 843 4040 sunt
893 3983 988 4044 homo
1003 3981 1094 4041 simul
1116 3981 1220 4056 vellet,
1236 3986 1266 4041 et
1288 3980 1404 4053 nollet,
1420 3978 1617 4055 consentiret,
1633 3985 1662 4039 et

92 4068 139 4132 illa
151 4074 301 4136 nterioris
313 4091 350 4133 ac
362 4071 507 4148 latentis,
524 4076 560 4131 ut
575 4076 704 4139 vacant,
726 4070 844 4153 quidet·
893 4094 958 4135 uon
972 4072 1167 4134 consentiret.
1186 4073 1251 4133 Hoc
1263 4077 1368 4132 autem
1386 4071 1590 4133 certissimum
1604 4077 1659 4140 est,

93 4164 160 4239 tatis,
173 4184 266 4245 qoam
286 4164 405 4225 felicius
422 4163 547 4224 Hebraei
568 4169 681 4224 vorant
694 4179 793 4240 naam,
808 4171 844 4226 ut
893 4186 957 4228 non
972 4183 1038 4226 esse
1051 4164 1262 4225 necessitatem
1275 4162 1371 4240 illam,
1390 4161 1425 4245 (si
1436 4168 1540 4223 tamen
1555 4181 1660 4224 ncces-

93 4254 151 4315 alibi
173 4258 313 4338 plicibus
334 4257 517 4334 exponimus
531 4253 555 4315 ³.
581 4256 755 4335 Utcumque
768 4275 841 4317 vero
893 4260 966 4319 sitas
993 4256 1055 4317 dici
1078 4255 1178 4336 debet)
1206 4274 1268 4335 qua
1290 4255 1404 4316 dicitur
1422 4255 1565 4316 voluntas
1584 4256 1662 4317 velle

93 4344 198 4426 labent,
213 4350 351 4431 proiecto
380 4348 537 4408 naturales
561 4352 634 4408 sunt
661 4349 840 4425 individuis;
893 4350 1076 4422 necessario,
1093 4348 1146 4409 sed
1158 4348 1257 4408 solam
1271 4348 1483 4409 necessitatem
1497 4349 1662 4409 coactionis

93 4437 213 4502 violente
234 4459 311 4503 vero
333 4458 400 4500 non
419 4444 503 4514 sunt,
525 4439 663 4518 adeoque
680 4442 842 4502 necessitas
893 4460 963 4522 quse
978 4458 1099 4520 semper
1120 4440 1264 4517 invitum,
1293 4446 1324 4500 et
1346 4440 1503 4501 nolentem
1515 4458 1580 4501 esse
1593 4459 1663 4521 sup

94 4546 182 4592 earum
193 4534 419 4608 habendarum,
432 4531 479 4591 vis
493 4536 524 4591 ct
535 4531 650 4592 coactio
664 4551 728 4591 non
742 4539 842 4608 cst‚ut
893 4534 1092 4616 ponit.»Hinc
1104 4532 1230 4593 evidens
1236 4536 1360 4606 est,non
1366 4550 1456 4611 posse
1464 4533 1557 4609 hanc,
1568 4551 1664 4611 quam

94 4622 262 4687 chmardo
285 4624 423 4698 censeri,
449 4624 659 4703 appellarique
678 4624 751 4685 novi
765 4625 840 4704 dog·
891 4625 1044 4686 illisolam
1056 4624 1191 4685 libertati
1205 4624 1492 4701 adversarivolunt,
1503 4626 1664 4686 necessita-

95 4715 204 4777 natistce
216 4721 370 4778 asserunt.
387 4716 472 4776 Itane
482 4715 599 4793 judicio
620 4716 750 4777 istorum
765 4718 842 4779 desi·
892 4725 987 4779 tatem
1002 4717 1035 4777 in
1049 4717 1141 4778 rebus
1155 4718 1298 4778 existere.
1312 4717 1472 4797 Quidquid
1484 4719 1568 4778 enirn
1584 4718 1663 4779 illud

96 4804 131 4881 pit
142 4825 273 4871 summus
286 4810 339 4870 ille
352 4809 411 4879 vir,
428 4807 517 4881 utri,
535 4812 565 4868 et
579 4810 686 4869 contra
701 4808 842 4872 volunta·
892 4816 949 4885 est,
965 4828 1027 4889 quo
1040 4810 1140 4890 posito
1159 4808 1217 4870 duc
1230 4807 1465 4871 contradictoria
1483 4809 1573 4871 simul
1592 4831 1662 4872 con-

95 4899 146 4957 tem
168 4918 252 4962 suam
274 4905 415 4963 coactum
443 4916 508 4959 esse
535 4906 659 4961 censeat
680 4900 841 4963 hominem
890 4903 1035 4978 sisteret,
1061 4900 1248 4982 impossibile
1276 4906 1332 4978 est,
1355 4920 1391 4961 ac
1419 4907 1483 4962 tam
1512 4920 1575 4963 esse
1598 4922 1664 4963 non

96 4991 254 5071 quemlibet,
267 4999 303 5054 nt
315 4992 431 5068 hebes,
445 4990 584 5069 obtusus,
601 4992 768 5070 causariuS,
788 5001 842 5056 aut
890 5000 1100 5076 potcst,quam
1115 4995 1198 5072 quod
1204 5012 1284 5055 exeo
1295 5011 1486 5073 consequens
1493 4994 1662 5055 foretssnm

96 5078 155 5142 sitio
165 5084 262 5164 aliquo
277 5086 427 5165 corporis,
441 5084 576 5145 animive
588 5085 731 5146 notabilis
739 5088 842 5166 prodi·
890 5088 986 5167 igitur
1000 5086 1163 5155 necessitas
1174 5087 1238 5164 illa,
1253 5087 1291 5147 de
1302 5105 1363 5166 qua
1376 5086 1553 5147 Bernardus
1565 5087 1662 5168 loqui·

97 5173 173 5234 retia
184 5175 304 5239 lucem?
319 5176 396 5244 Quis
408 5175 468 5236 hoc
480 5176 623 5255 vigilans,
638 5178 688 5238 vel
709 5180 839 5257 sobriae,
891 5187 954 5257 tur,
977 5181 1078 5260 reipsa
1097 5180 1230 5256 eveniat,
1254 5182 1384 5240 nonest
1411 5196 1459 5257 ea,
1481 5197 1575 5258 quam
1589 5180 1660 5239 novi

10 5322 12 5327 a
98 5278 126 5321 sc
147 5267 189 5326 sni
214 5287 337 5350 compos
360 5267 507 5348 usurpet?
534 5270 625 5349 Atqui
651 5289 777 5350 prorsus
798 5273 841 5334 ita
893 5273 1085 5352 dogmatistae
1100 5272 1269 5333 somniant.

99 5352 270 5422 bernardum
288 5360 400 5435 dicere,
418 5378 453 5421 ac
467 5360 580 5422 sentire
599 5380 722 5425 ηθθθεεθ
744 5373 799 5439 θεῖ,
816 5366 841 5426 si
933 5365 1001 5427 VII.
1029 5365 1154 5426 Etenim
1183 5381 1353 5432 sumamus,
1390 5364 1526 5444 exempli
1559 5382 1661 5440 θθιιεε,

122 5552 159 5598 111
168 5557 245 5612 Plura
256 5574 304 5619 cap.
315 5573 332 5614 ι,
346 5569 388 5606 tor.
402 5573 437 5607 ux
447 5570 470 5609 at
482 5572 504 5607 tt
514 5564 563 5609 rtet.
578 5575 597 5610 c.
611 5575 670 5610 ru·
680 5563 696 5609 1
708 5567 764 5622 teca.
777 5579 795 5613 c.
806 5580 860 5613 n.—
873 5567 887 5612 5
900 5568 963 5613 Tam.
974 5566 1002 5617 ll,
1018 5565 1056 5610 lib.
1066 5565 1101 5615 lv.
1116 5578 1135 5610 c.
1151 5577 1190 5617 ur,
1205 5563 1300 5623 §tt-A
1313 5565 1375 5610 Tora.
1386 5565 1424 5616 lll,
1437 5564 1477 5611 lib.
1491 5564 1527 5617 11,
1540 5578 1559 5612 c.
1571 5579 1611 5615 ur.
