3932 6172
411 307 462 368 DE
481 305 643 370 nemeto
663 306 738 371 SEX
759 306 918 385 nitenti,
939 306 1009 371 LIB.
1034 308 1085 385 lli,
1108 309 1192 373 CAP.
1215 310 1266 373 Xl.
1569 314 1624 376 eti

50 470 457 547 biommdagmatestatum
486 490 549 551 qua
575 471 678 533 fronte
699 472 812 553 nuperi
901 475 1102 553 Etinquinto
1114 476 1409 537 commentariorum
1423 476 1455 537 ia
1472 474 1625 555 loannem,

50 558 189 642 Theologi
205 563 297 627 illam
317 563 436 642 ipnm,
465 582 559 643 quam
588 582 660 625 cum
681 564 810 644 (lyndo,
862 565 1008 627 adversus
1026 566 1150 628 fatalem
1162 569 1375 629 necessitatem
1382 568 1477 647 longa
1489 570 1629 630 oratioue

51 656 169 734 albaque
178 654 339 719 catholicis
353 655 493 717 Patribus
503 661 644 728 tuemur,
663 656 813 716 libertatis
862 655 1023 734 disserens,
1044 676 1080 719 eo
1104 662 1278 739 praesertim
1302 660 1389 721 illam
1404 660 1527 735 refutat,
1546 662 1629 740 quod

51 747 201 811 namnam
215 764 254 807 eo
268 746 397 809 nomina
417 748 595 827 suggillant,
614 748 699 827 quod
711 767 730 808 a
742 748 812 827 phi«
862 749 948 811 nulla
961 768 1011 810 res
1024 751 1085 812 ulia
1097 752 1293 817 voluntatum
1305 758 1493 827 nostrarum,
1508 758 1540 813 et
1552 771 1628 813 aon·

51 840 176 918 bannitis
188 839 304 903 badia
316 838 376 901 sit?
863 840 1003 903 siliarum
1015 843 1151 907 habenas
1164 846 1255 924 regit,
1270 850 1303 906 at
1314 845 1353 905 ad
1366 846 1450 924 quod
1471 844 1548 918 vult,
1559 845 1629 906 illas

85 930 626 1011 Vtit.a11diantatillaruraus,qua
641 931 813 1011 paniosate
863 931 1013 1011 impellit:
1036 935 1119 995 Tum
1137 937 1169 995 ln
1184 936 1265 997 libro
1277 939 1309 997 X
1327 956 1342 995 ι
1360 953 1628 1015 unumquemque,

53 1022 211 1103 sainte«
238 1023 439 1101 Voluntariis,
465 1025 579 1104 inquit,
592 1024 720 1087 nutibus
732 1030 814 1089 area«
863 1024 918 1098 ait,
941 1024 1032 1087 liberi
1054 1027 1102 1087 sui
1126 1027 1245 1088 arbitrll
1270 1030 1509 1108 propensionem
1530 1029 1628 1105 adid,

53 1122 114 1181 luta
123 1115 285 1179 rationalia
298 1115 504 1195 gubernatum
518 1117 558 1179 ed
571 1116 622 1191 id,
651 1117 734 1196 quod
745 1135 811 1179 rec-
864 1116 946 1196 quod
957 1118 1036 1197 vult,
1050 1119 1194 1197 dirigere,
1206 1110 1299 1199 atque
1313 1121 1352 1181 ad
1361 1121 1449 1188 illud,
1466 1121 1549 1200 quod
1562 1120 1630 1199 pla-

54 1214 122 1283 tan,
136 1212 167 1269 ai
179 1207 267 1285 quod
280 1208 471 1273 cadumum
479 1213 537 1283 est,
548 1209 731 1271 voluntariis
739 1228 812 1289 pro-
864 1212 922 1283 eet,
938 1209 1082 1289 quodque
1104 1210 1280 1289 iracundum
1290 1217 1347 1286 cst,
1361 1209 1554 1274 deflecteret.
1571 1232 1587 1273 ο

55 1297 240 1378 pensionibus
253 1299 551 1365 neminemnam
563 1301 717 1361 utrumvis
738 1318 813 1378 ergo
904 1300 958 1361 IX.
982 1302 1067 1362 litut
1078 1302 1220 1382 imperite
1230 1308 1349 1365 constet
1357 1304 1396 1364 ab
1408 1305 1483 1365 novi
1493 1304 1631 1383 patronis

57 1396 244 1470 mapmnutu
258 1397 472 1471 pmpensaest
494 1392 632 1453 hominis
655 1393 811 1470 volrmtas,
865 1390 1017 1470 dogmatis
1040 1390 1242 1473 Gyrlllumad
1255 1395 1288 1456 id
1299 1401 1505 1475 assumptum,
1518 1401 1555 1455 nt
1566 1395 1633 1474 ejas

57 1484 216 1563 aquatis
228 1483 458 1563 madiopoaita,
472 1484 532 1555 bac
556 1490 602 1545 est
621 1484 811 1561 indifferens,
865 1484 1046 1545 auctoritate
1057 1487 1191 1563 probent
1202 1486 1300 1547 solam
1312 1505 1385 1549 eam
1395 1486 1528 1548 libertati
1538 1504 1634 1566 eppo

59 1575 247 1639 adeontraria
269 1576 406 1656 seipsam
417 1582 533 1639 movet.
865 1573 1033 1637 sitamesee
1049 1579 1275 1655 necessitatem,
1300 1597 1370 1658 qun
1395 1586 1517 1640 natura
1538 1596 1633 1658 rapu-

90 1667 161 1733 Item
174 1667 289 1731 eodem
302 1668 337 1731 in
348 1667 451 1744 libro,
475 1673 545 1748 post
567 1668 621 1729 tila
636 1668 810 1749 Porphyrii,
865 1673 952 1745 gnat,
976 1668 1036 1753 hoo
1053 1676 1099 1731 cet
1108 1670 1288 1737 violentiam
1302 1677 1333 1732 et
1346 1672 1556 1746 coactionem
1576 1690 1633 1732 au·

61 1765 85 1820 ei
95 1759 359 1827 terminatam
377 1760 563 1837 tmtimonim
580 1760 744 1838 concludit,
759 1780 814 1822 ex-
866 1759 1046 1840 alienaquid
1053 1762 1087 1822 in
1094 1768 1204 1841 quarto
1214 1770 1318 1823 contra
1325 1760 1481 1824 lulianum
1488 1764 1635 1823 adversus

60 1852 222 1931 traaulpem
235 1871 307 1913 esse
319 1854 444 1929 Deum,
468 1852 525 1913 etsi
545 1852 639 1912 talem
654 1853 814 1916 hominem
865 1851 928 1913 tale
953 1860 1164 1919 commentum
1190 1854 1303 1915 diserta
1324 1854 1588 1933 pronuntiaverit,
1604 1859 1636 1915 et

62 1943 227 2019 amitant,
242 1950 284 2009 ut
303 1944 447 2013 bonum,
470 1944 627 2006 malumve
640 1952 743 2025 posset
762 1948 815 2008 eli·
867 1943 1011 2025 deinceps
1026 1945 1202 2025 obstrepere
1213 1946 1366 2007 desinant.
1384 1948 1463 2007 Cum
1477 1946 1562 2006 enim
1576 1948 1594 2007 J
1597 1965 1634 2007 u-

61 2052 138 2113 gnrt3
151 2054 186 2101 ax
197 2052 259 2115 qno
278 2036 334 2101 illa
347 2036 493 2116 peccandi
508 2036 701 2099 nemsianam
713 2039 814 2118 capit3
867 2035 969 2097 lienus
988 2056 1241 2118 unamquamque
1263 2044 1388 2118 gentem
1413 2056 1506 2098 suum
1519 2038 1635 2099 habere

66 2148 81 2187 ι
96 2145 160 2191 anna
170 2127 325 2195 nimirum
338 2127 483 2191 motionis
496 2128 676 2190 alterutram
698 2131 728 2189 in
742 2149 816 2210 par·
868 2129 1042 2203 tutelarem,
1055 2149 1091 2190 aa
1103 2131 1269 2210 praesidem
1279 2130 1397 2190 diceret
1410 2131 1524 2201 Deum,
1539 2134 1557 2188 a
1571 2149 1634 2208 quo

62 2223 184 2281 emaus
194 2219 284 2283 velut
298 2220 470 2297 elavnm,at
479 2221 724 2299 gubernaculum
734 2223 817 2284 nacti
868 2229 952 2281 certa
974 2222 1008 2281 in
1032 2222 1118 2282 illam
1143 2222 1273 2297 indoles,
1289 2238 1476 2301 morumque
1501 2222 1635 2282 mnditia

64 2309 114 2375 alni
124 2310 273 2388 homines,
291 2319 322 2375 at
334 2319 443 2391 sponte
456 2313 536 2375 adid
550 2313 717 2390 inclinent,
733 2315 817 2393 quod
870 2310 1008 2373 derivata
1021 2320 1173 2391 manaret,
1203 2332 1243 2374 ar
1269 2332 1331 2393 qua
1350 2313 1449 2389 daret,
1477 2318 1513 2373 ut
1530 2312 1585 2373 alii
1602 2313 1636 2372 in

64 2408 135 2469 aaa
145 2403 242 2481 legem
257 2410 319 2482 est,
334 2412 365 2467 at
378 2405 425 2467 illi
438 2405 604 2486 displioetl.
618 2428 634 2465 s
654 2407 819 2471 Mardiestn
870 2401 1062 2465 iracundiam
1074 2406 1165 2484 proni
1178 2410 1288 2477 essent,
1303 2404 1637 2479 actruotdent1,aiiiin

64 2494 236 2559 ininverbis
249 2502 300 2561 aet
313 2497 486 2576 smpensio,
502 2497 748 2559 etindifferentia
761 2519 817 2560 vo.
869 2496 1053 2575 voluptates,
1069 2514 1105 2557 ac
1118 2497 1239 2571 luxum,
1249 2496 1302 2556 alii
1315 2496 1349 2556 ln
1363 2496 1534 2557 honestatis
1545 2496 1636 2557 disei-

65 2584 194 2661 insutu,
222 2606 260 2651 ac
286 2595 423 2668 potestas
442 2589 574 2667 seipsam
600 2590 641 2650 ad
665 2591 818 2652 utrumvis
870 2586 1087 2666 plinarumque
1101 2587 1221 2665 studia,
1240 2587 1375 2667 cyrillus
1401 2587 1568 2649 confictum
1592 2588 1635 2662 id,

66 2676 270 2754 nemaeum
294 2679 343 2743 uti
367 2680 455 2743 navis
476 2672 665 2759 gubernator
695 2682 819 2743 olavum
871 2684 902 2739 et
923 2680 1093 2740 absurdum
1121 2680 1194 2741 inde
1219 2697 1284 2741 essa
1302 2680 1475 2748 confirmat,
1492 2680 1587 2758 quod,
1600 2698 1638 2741 co

66 2776 274 2847 nauumnane,
291 2771 325 2835 in
338 2790 567 2852 quamcumque
594 2773 663 2837 vuit
685 2782 817 2853 partem,
869 2771 985 2849 postu,
1002 2772 1091 2832 liberi
1105 2773 1144 2833 ad
1157 2772 1287 2833 virtutes
1304 2777 1336 2832 et
1352 2772 1426 2832 vitia
1446 2772 1541 2832 homo
1555 2771 1637 2831 arbi-

67 2863 294 2925 mustitanae
307 2862 415 2939 necne
427 2882 497 2943 quaa
509 2865 672 2945 descriptio
686 2884 759 2927 cum
768 2885 822 2928 aa
870 2863 922 2923 tril
935 2881 1000 2924 esse
1012 2864 1146 2924 desinat.
1164 2885 1180 2921 υ
1199 2867 1242 2924 At
1254 2882 1392 2942 quonam
1406 2864 1500 2924 modo
1513 2863 1639 2941 agnosci

67 2954 184 3017 minu
197 2955 346 3034 simplici,
361 2960 392 3021 ct
404 2956 445 3017 ad
459 2975 559 3021 unum
572 2957 718 3036 alligante
727 2978 817 3039 pror·
870 2960 973 3033 posset
985 2955 1153 3016 voluntatis
1160 2955 1404 3034 uniuscujusque
1414 2954 1564 3015 libertas?
1577 2955 1640 3015 Nac

68 3060 108 3107 nn
134 3052 298 3126 repugnat,
330 3047 380 3108 Sic
405 3048 550 3128 deinceps
563 3049 646 3111 idem
672 3051 818 3130 Cyrillus,
871 3047 957 3107 enim
969 3048 1102 3126 amplius
1116 3048 1273 3126 integrum
1283 3046 1372 3107 nobis
1386 3052 1475 3123 esset,
1488 3046 1578 3122 bena,
1590 3047 1640 3107 vel

70 3136 400 3218 «Nautomuiapriua
416 3140 530 3219 inquit,
545 3159 640 3219 quam
653 3141 743 3203 fiant.
760 3143 820 3203 Sed
872 3140 952 3200 male
974 3139 1083 3201 iacere.
1113 3140 1174 3201 Sed
1201 3140 1341 3203 eundum
1365 3139 1425 3199 erit
1455 3139 1547 3199 ctiam
1575 3157 1640 3199 non

67 3224 200 3297 humanda
223 3249 278 3293 res
292 3249 416 3295 cursum
431 3251 524 3297 suum
543 3234 819 3314 tauerepermittit,
872 3232 1641 3311 sponte,etsiuenllsconsideratione,quocumque

68 3322 217 3396 natarunt
224 3323 305 3402 quta
316 3342 356 3387 es
368 3326 611 3405 uniuscujusque
625 3326 723 3388 libem
737 3328 821 3388 arbi·
871 3343 929 3384 nos
942 3324 1093 3385 naturalis
1106 3324 1322 3404 propensionis
1335 3323 1386 3385 lex
1399 3322 1551 3384 detulerit.
1575 3324 1639 3383 Dii-

69 3409 117 3473 laio
129 3431 312 3494 suspensum
337 3434 402 3479 ease
421 3418 543 3479 videtin
565 3418 663 3479 facere
693 3418 821 3498 aliquid,
872 3416 952 3476 ficile
966 3421 1011 3476 est
1019 3422 1125 3477 autam
1135 3435 1311 3496 repugnare
1328 3422 1460 3492 naturae,
1473 3415 1524 3476 vel
1538 3415 1641 3494 potius

70 3507 296 3573 cataoniaccra
310 3517 331 3573 ⁶.
360 3530 376 3567 υ
399 3511 541 3571 Potestne
558 3510 723 3588 significari
735 3511 822 3590 quisl-
872 3508 1071 3587 impossibile.
1096 3508 1322 3583 Quamobrem,
1345 3509 1371 3568 si
1397 3508 1466 3588 quis
1490 3508 1640 3585 crudelis,

71 3612 147 3672 quam
158 3597 284 3675 clarius,
300 3618 395 3679 quam
409 3600 469 3663 boa
481 3602 533 3662 iile
546 3602 616 3664 loco
626 3603 820 3680 monstravit,
873 3607 1023 3679 atroxque
1046 3601 1095 3678 sit,
1108 3607 1229 3662 natura
1253 3598 1340 3662 adid
1359 3601 1480 3680 legibus
1494 3605 1539 3662 est
1557 3617 1641 3662 com·

70 3683 184 3753 libanam
202 3692 371 3755 arbitrium
396 3694 531 3757 hominis
544 3698 688 3755 neumam
708 3695 741 3757 in
755 3713 823 3773 par·
872 3692 996 3772 pulsus;
1012 3699 1043 3754 at
1057 3693 1095 3753 ab
1107 3693 1165 3754 iata
1187 3694 1403 3754 criminatione
1415 3692 1494 3754 liber
1511 3693 1551 3753 sit
1565 3693 1641 3773 Scy-

71 3782 121 3840 bn
143 3783 321 3849 necessitate
347 3784 413 3849 ulla
434 3784 591 3865 deprimi,
618 3786 673 3849 sed
697 3786 823 3865 paribus
872 3786 938 3856 tha,
951 3790 982 3845 ct
995 3785 1096 3864 quivis
1114 3786 1189 3848 item
1209 3786 1299 3857 alius,
1320 3785 1537 3865 quipropauso
1550 3785 1590 3844 sit
1603 3786 1643 3845 ad

72 3867 311 3955 interutrumqne
322 3877 565 3943 momentisasse
576 3877 744 3939 libratum?
872 3876 1110 3953 immanitatem,
1127 3883 1158 3937 et
1169 3878 1363 3941 atrocitatem
1376 3876 1558 3954 ingeniosa
1577 3877 1642 3935 Hoc

103 3962 170 4029 item
186 3967 220 4027 in
243 3968 327 4031 libro
345 3968 446 4048 primo
470 3970 770 4032 commentariorum
793 3970 824 4030 in
873 3967 909 4028 in
930 3968 998 4029 loco
1019 3969 1155 4049 cyrillus
1179 3968 1278 4028 libero
1306 3968 1434 4027 arbitrio
1456 3967 1643 4027 contrariam

73 4050 176 4123 Buten
203 4060 348 4129 oratione
367 4061 488 4139 prima,
516 4061 558 4125 ad
583 4062 637 4123 illa
664 4062 825 4141 Propheta
874 4077 940 4121 esse
967 4061 1180 4121 necessitatem
1206 4060 1339 4135 indicat,
1376 4077 1445 4138 quae
1469 4058 1644 4119 naturalem

72 4146 158 4223 verba,
170 4151 373 4227 rivoluerr'tis,
385 4161 414 4212 et
424 4152 578 4215 audieritis
588 4171 643 4229 me,
660 4159 717 4214 etc.
735 4153 825 4214 liberi
873 4155 1113 4233 propensionem
1127 4152 1276 4232 sequitur,
1285 4157 1316 4213 et
1333 4170 1395 4231 qua
1408 4169 1457 4212 res
1470 4155 1579 4230 sponte
1591 4150 1642 4227 fit;

73 4236 440 4315 abufivoiunnriuman
453 4245 607 4314 utramvis
619 4244 748 4322 flexum,
758 4250 824 4311 lam
874 4262 939 4307 non
952 4244 1039 4307 iilam
1059 4263 1130 4323 quaa
1159 4250 1279 4305 naturae
1308 4244 1487 4304 adversatur
1514 4259 1644 4322 eamque

7 4374 9 4391 .
75 4324 185 4403 buum,
199 4353 297 4414 quam
306 4336 436 4413 malum,
451 4342 616 4409 asseverat.
875 4336 966 4415 cogit.
997 4336 1159 4418 Siquidem
1183 4335 1342 4398 naturales
1364 4335 1580 4399 inclinationes
1606 4335 1645 4399 ad

102 4509 223 4567 actast.
239 4511 277 4569 iii
292 4517 368 4569 oniti.
381 4511 443 4569 lai.
467 4512 634 4577 Ἢελυυσιυις
648 4512 695 4586 γὰρ
711 4511 825 4585 isinana
873 4513 1069 4584 naperpinoatdc
1080 4531 1106 4567 τι
1121 4512 1181 4584 πρὸς
1194 4513 1224 4566 το
1239 4511 1305 4586 abab
1322 4512 1435 4582 θιλητον,
1448 4512 1489 4569 sat
1502 4511 1580 4582 ἡδίους
1593 4518 1658 4585 πῶς,

74 4585 170 4665 blaesil
184 4596 313 4651 διοικιῗτιιι
330 4595 416 4659 κτίσις,
431 4598 491 4668 πρός
509 4616 537 4667 γε
550 4597 579 4650 ab
593 4596 658 4669 ἔχων
682 4595 770 4669 ὀρθῶς,
784 4597 825 4649 aal
875 4594 943 4669 ἕχον.
990 4650 993 4655 ,
1428 4620 1434 4629 ·

75 4669 206 4737 ibone
220 4673 366 4742 ὅθιλσισίυις
377 4679 485 4734 sinouse
499 4679 594 4751 ῥοπαῖς.
910 4694 925 4735 e
943 4674 1037 4735 (irata.
1057 4678 1092 4737 lv
1103 4683 1196 4736 cebir.
1212 4677 1272 4736 Jttl.
1293 4673 1356 4733 Εἶτα
1370 4682 1418 4749 ὅπη
1432 4678 1493 4734 noel
1505 4675 1600 4735 mitet
1609 4697 1645 4742 τις
1736 4678 1741 4689 “

105 4755 222 4820 detuli«
245 4761 314 4819 ibid.
333 4765 468 4835 Λαχόντος,
486 4764 520 4826 ὡς
535 4754 608 4835 'ipsa
630 4765 673 4829 τῆς
693 4760 730 4833 lp'
744 4762 825 4815 ineis
875 4760 905 4814 da
929 4766 972 4830 τῆς
993 4762 1095 4817 ἑκάστου
1113 4763 1221 4826 bisaciae
1248 4764 1277 4818 ab
1306 4762 1443 4839 ἑλώδιρονη
1465 4762 1572 4818 salmas
1598 4762 1645 4837 γὰρ

77 4834 138 4913 Mi
149 4861 184 4911 tt,
197 4846 239 4903 ul
256 4841 366 4908 ἔξουσίας
383 4846 440 4908 τους
457 4843 552 4911 οἴακας,
566 4847 608 4903 καὶ
622 4844 702 4899 ἑκοντὶ
716 4846 827 4901 ammad-
874 4843 954 4899 atain
965 4847 995 4899 τὸ
1016 4847 1077 4918 lpqia
1105 4842 1143 4918 ἔφ’
1162 4845 1233 4919 ἡμῖν,
1253 4849 1268 4916 η
1286 4846 1317 4900 ab
1335 4846 1441 4920 mets,
1456 4846 1472 4915 η
1486 4847 1516 4900 rb
1540 4841 1644 4921 ηιιῶλον·

76 4922 190 4987 nelain
202 4935 255 4985 τῶν
266 4928 313 4990 iim
322 4933 411 5001 sipon,
429 4930 470 4983 sal
484 4929 628 5001 ἀκηδόντυιν
643 4927 723 5001 αὐτῷ·
875 4926 937 4980 liam
949 4929 975 4981 di
989 4927 1038 5001 χρὴ
1057 4929 1097 4982 ael
1111 4929 1159 5002 οὔχ
1173 4930 1271 4991 ἑκόντος
1288 4928 1474 4991 &ammiates
1489 4923 1517 4983 ol
1528 4948 1574 5001 κιρ
1588 4931 1616 4982 dv
1631 4929 1645 4982 ὁ

106 5019 119 5059 υ
133 5007 198 5065 thid.
211 5010 281 5065 ’iti'
290 5006 342 5066 olda
353 5011 396 5085 pla
409 5011 443 5067 τὰ
455 5012 599 5085 ιιάντιιτρὶν
608 5012 725 5085 γενέσεως
734 5010 825 5077 ababa,
874 5013 918 5077 τῆς
931 5016 1032 5082 φυσικῆς
1044 5009 1237 5082 ἐπιτηδειότητος
1248 5012 1313 5085 ἡμᾶς
1324 5012 1471 5086 ἀποκομῐζοι
1477 5014 1563 5085 νόμος.
1574 5011 1646 5085 ἔργον

78 5082 126 5149 litii
136 5091 161 5146 ll
171 5093 254 5167 ὅπερ
270 5085 336 5153 aial
350 5096 407 5168 ῥοῦν
428 5095 507 5168 ἐφίησι
519 5096 552 5149 τὰ
565 5094 713 5168 ἀνθρώπινα,
729 5093 827 5166 μάλισθ’
876 5093 903 5146 ll
915 5093 945 5147 ab
961 5093 1080 5171 μάχεσθαι
1094 5096 1172 5165 φύσει·
1191 5097 1285 5168 μᾶλλον
1307 5094 1333 5148 δὲ
1346 5095 1387 5148 καὶ
1401 5094 1540 5168 ἀμήχανον.
1559 5093 1646 5147 οὖνοῦν

78 5166 167 5241 iniit
186 5175 288 5237 butu
311 5180 476 5252 προαιρέσεσι
498 5178 669 5251 ἀπηρτημένον
689 5178 776 5250 ὁρᾶται
796 5177 827 5231 ab
878 5175 952 5231 ataui
971 5197 1006 5241 τις
1027 5176 1065 5247 sin
1079 5181 1154 5252 τυχὸν
1178 5179 1246 5252 ὠμός
1259 5196 1297 5244 τι,
1310 5179 1351 5231 asi
1372 5176 1474 5251 ἀπηνὴς,
1489 5180 1599 5251 φυσικοῖς
1613 5176 1646 5239 εἰς

78 5249 151 5320 baal
162 5276 185 5321 u
197 5260 227 5321 ιι
240 5262 325 5336 οχον,
339 5264 356 5331 i
370 5264 417 5333 οι.
433 5262 501 5320 viae
516 5268 544 5327 n
559 5261 607 5319 in.
619 5261 666 5318 ιν.
877 5254 950 5315 ate
964 5262 1211 5333 νιμιιςιιιιηιιιη.
1227 5262 1269 5316 ιιι
1281 5261 1435 5334 senaa>
1454 5258 1498 5332 ,aa
1516 5260 1532 5314 ι
1554 5260 1645 5327 aaut

106 5335 177 5395 did.
200 5342 289 5401 linx
316 5347 348 5401 itt
374 5349 460 5401 Iona.
484 5343 553 5399 Ἀλλ’
574 5343 676 5398 ἑκάστου
696 5347 739 5410 τῆς
767 5340 827 5404 ἰδίας
877 5348 920 5412 τῆς
934 5343 974 5399 ἐπὶ
986 5346 1067 5418 τούτῳ
1081 5347 1207 5413 διαὸολῆς,
1235 5344 1387 5418 ἀπηλλάχθω
1415 5344 1441 5397 δὲ
1465 5343 1505 5396 καὶ
1531 5344 1579 5403 πᾶς
1593 5343 1645 5414 ὅτῳ

78 5423 223 5492 ῐΜφέυιως
232 5426 275 5495 τὴν
286 5428 363 5502 ῥοπὴν
375 5426 414 5500 ἐφ’
431 5430 491 5500 ὅπερ
507 5431 536 5483 ἂν
551 5429 665 5500 βούλοιτο
679 5427 827 5489 blidinarus
876 5422 918 5481 oia
932 5430 993 5499 πρός
1003 5428 1031 5482 τὸ
1044 5427 1164 5502 ἀνήμερόν
1178 5446 1215 5495 τι,
1229 5427 1270 5481 aal
1284 5424 1536 5500 κικρονάσονινινκιν
1548 5423 1563 5478 i
1576 5427 1642 5487 νοῦς.
