3984 6176
337 403 398 469 ιιι
510 380 541 499 J
845 403 1173 467 raaouoaraoauu
1194 399 1411 465 uoauaruu

337 582 375 627 eo
384 567 569 647 supplicium
580 569 1102 650 constituitur,toresempiternum.
1193 567 1335 627 Justiuus
1363 571 1481 644 martyr
1505 561 1539 623 in
1565 557 1751 642 Apotapetieo
1773 562 1898 633 utmquet
1918 566 1978 675 ild

378 658 515 738 ldipsum
540 667 582 735 et,
608 681 679 741 qum
706 663 898 727 damnationi
925 661 1104 740 opponitur,
1154 663 1219 719 tam
1233 657 1404 733 diabolum,
1422 674 1458 715 ac
1475 655 1643 728 daemones,
1663 667 1773 752 quum,
1794 647 1901 752 qrrieos
1934 636 1978 775 μή

338 749 508 827 saintines
525 752 677 817 felicitatis
701 755 856 819 aeternitas
876 754 1106 832 ostenditque
1155 750 1251 810 seeuti
1263 749 1390 824 fuerint,
1409 746 1596 808 hominesin
1617 747 1832 821 sempiternum
1844 756 1902 815 igne
1977 778 1978 821 ι

338 840 398 902 vito
412 851 519 905 aterna
529 847 703 926 nuncupari
712 847 789 911 solet
801 866 809 922 ;
820 844 1107 923 hauddubtaquod
1155 841 1329 922 puniendos
1343 857 1406 902 essa
1420 839 1572 919 prodidit3
1584 830 1869 914 cujusrerbaeapite
1878 846 1902 889 ιν
1977 872 1978 881 ι

338 932 384 993 illi
397 940 580 1014 eatetenus,
594 938 649 1017 qui
663 939 729 1018 ejus
752 944 799 1001 est
816 938 977 1019 particeps,
994 937 1105 1009 Quare,
1157 953 1251 1014 supra
1264 933 1490 1013 descripsimus.

339 1026 393 1106 qui
419 1028 459 1091 ab
484 1034 600 1095 aterna
626 1032 691 1093 vita
718 1032 901 1104 excluditur,
926 1047 990 1090 non
1004 1029 1108 1090 minus
1198 1027 1335 1089 Irenmus
1348 1025 1379 1085 in
1391 1030 1501 1105 quarto
1515 1019 1624 1095 libro²,
1637 1041 1653 1079 ιι
1663 1019 1903 1100 Quibuscumque,
1977 1028 1978 1055 ³

339 1119 1108 1204 eter·nitateipsa,quamviuspoltatur.sppeuatur
1158 1116 1269 1198 inquit,
1285 1119 1397 1181 dixerit
1410 1117 1571 1188 Dominus,
1588 1111 1734 1177 discedite
1746 1133 1764 1177 a
1778 1132 1820 1175 rue
1833 1111 1907 1173 mate·
1977 1120 1978 1123 ’

339 1218 444 1273 autem
458 1217 489 1273 et
505 1232 639 1292 reguum
651 1216 706 1276 Dei
716 1221 832 1279 aeterna
843 1215 895 1277 illa
904 1214 966 1274 vita
975 1235 983 1287 3
992 1231 1054 1292 quo
1068 1213 1107 1273 ab
1158 1210 1234 1273 dieti
1245 1210 1276 1271 in
1288 1211 1384 1290 r'gnem
1393 1217 1546 1279 aternam,
1555 1206 1702 1274 istierunt
1712 1223 1828 1287 semper
1837 1205 1907 1265 dant·

339 1307 908 1388 regnosagregandosessapeccatores,
916 1306 1002 1366 velut
1012 1304 1108 1385 somi-
1157 1303 1534 1382 nati3etquibuscumque
1544 1298 1665 1375 dixerit,
1681 1296 1777 1361 Venite
1785 1296 1909 1359 burdini

341 1397 1107 1479 catores,immundanetunurosdpostoluspronun·
1157 1395 1263 1457 Patria
1277 1398 1345 1471 met,
1364 1393 1509 1475 recipite
1531 1390 1732 1457 teredinum
1753 1393 1834 1471 regni
1846 1385 1910 1470 quod

339 1487 410 1553 tiat¹
429 1508 437 1555 t
454 1489 676 1572 Omniumque
688 1490 1108 1573 artEplresiosseribens.sor-
1153 1495 1363 1569 preparatum
1375 1494 1415 1547 est
1431 1484 1510 1546 uobis
1524 1488 1556 1544 tn
1570 1482 1789 1564 sempiternum,
1807 1482 1911 1542 bisent-

339 1580 465 1657 ntcator‚
484 1590 538 1644 aut
551 1582 729 1660 immundus,
754 1588 808 1649 aut
826 1601 943 1656 avarus,
969 1580 1047 1663 quod
1068 1589 1110 1643 eat
1158 1598 1215 1659 par
1226 1579 1401 1659 percipiunt
1414 1595 1559 1657 regnum,
1575 1582 1607 1639 et
1620 1577 1653 1639 iu
1667 1593 1704 1637 oo
1717 1574 1908 1655 proliciunt.»

340 1672 492 1739 idolorum
526 1676 665 1751 servitor,
687 1695 746 1739 non
763 1674 848 1739 tabet
865 1673 1065 1737 hereditatem
1077 1677 1110 1734 ia
1160 1673 1243 1737 Tum
1257 1673 1291 1733 in
1305 1672 1414 1751 quinto
1431 1671 1530 1733 fusius
1543 1670 1576 1731 id
1596 1673 1730 1745 enamat,
1746 1672 1778 1729 et
1793 1667 1833 1729 ait
1845 1666 1913 1727 iuter

340 1763 667 1846 supercrearetur
679 1766 832 1841 velutad
853 1764 1020 1828 Corinthios
1035 1767 1110 1827 seri-
1161 1770 1273 1827 caetera
1289 1782 1298 1822 .·
1315 1785 1331 1821 a
1353 1764 1482 1825 AEterua
1495 1765 1612 1832 autem,
1629 1766 1661 1820 et
1673 1760 1739 1823 sine
1752 1759 1813 1821 tine
1825 1765 1914 1820 sunta

339 1857 396 1931 bit,
409 1877 533 1939 rapam
547 1859 872 1941 memonasterium.
888 1861 996 1939 Itaque
1010 1877 1111 1938 neque
1162 1858 1225 1917 lieo
1239 1855 1339 1932 bona;
1356 1862 1387 1916 et
1401 1858 1529 1934 propter
1547 1854 1608 1915 boe
1629 1858 1662 1915 et
1679 1851 1803 1915 amissio
1820 1849 1913 1913 eortrm

342 1950 525 2017 eternitatis
558 1952 657 2014 beatae
692 1958 785 2014 erunt
813 1955 981 2031 compotes,
1009 1969 1112 2030 neque
1162 1954 1291 2021 aeterna,
1306 1952 1338 2009 at
1359 1946 1425 2009 sine
1449 1946 1512 2007 fine
1530 1950 1586 2009 est.
1608 1945 1869 2018 Quemadmodum
1887 1943 1914 2003 iu

340 2044 705 2123 regnumpossidebuut3
721 2044 815 2124 quod,
835 2051 919 2106 uter
931 2044 1018 2105 omui
1027 2049 1113 2105 eeter-
1163 2041 1315 2100 immenso
1338 2038 1468 2115 lumine,
1489 2038 1543 2115 qui
1566 2044 1799 2099 excecaverunt
1818 2040 1914 2097 semat-

341 2133 440 2197 nitate
453 2141 596 2213 paratum
610 2142 655 2198 est
669 2137 716 2212 iis,
733 2138 787 2217 qui
800 2136 833 2197 in
847 2136 925 2198 illud
941 2136 1111 2197 admittuu-
1163 2132 1255 2211 ipsos,
1271 2131 1321 2195 vel
1335 2131 1374 2191 ab
1393 2129 1461 2195 aliis
1473 2129 1616 2193 excecati
1634 2135 1719 2206 sunt,
1735 2146 1852 2209 semper
1866 2127 1916 2207 pri·

343 2231 406 2301 tur,
422 2224 466 2289 sie
479 2245 535 2306 per
549 2245 675 2293 omnem
690 2229 894 2291 aeternitatem
908 2226 1108 2289 obtinebitur.
1163 2224 1227 2285 vati
1239 2222 1513 2301 suntjueuuditate
1531 2221 1659 2285 luminis
1685 2232 1711 2283 l.
1734 2244 1751 2283 u

343 2317 467 2383 Falsum
481 2324 586 2385 autem
607 2328 697 2397 esset,
713 2322 797 2401 quod
812 2321 926 2384 Paulus
940 2321 1070 2399 scripsit,
1085 2320 1112 2380 si
1203 2317 1242 2377 V.
1260 2316 1404 2377 Clemens
1417 2316 1580 2377 Romanus
1590 2332 1609 2375 a
1620 2315 1810 2379 Damascena
1821 2312 1917 2377 citatus

342 2409 443 2490 impii,
458 2419 680 2491 aspectatores
691 2413 975 2493 regnumilludbei
986 2414 1112 2473 tandem
1163 2407 1341 2488 inEelopts,
1355 2407 1522 2488 impiarum
1539 2407 1717 2471 animarum
1731 2409 1918 2488 sempiternus
1977 2434 1978 2437 ¹

343 2501 509 2581 aliquando
523 2506 725 2584 possiderent,
742 2511 773 2568 et
792 2505 1005 2567 hereditatem
1027 2505 1113 2565 illam
1162 2518 1270 2580 poenas
1297 2500 1341 2561 itu
1358 2500 1528 2579 praedicat:
1557 2521 1573 2559 a
1595 2500 1801 2573 Immortales,
1819 2499 1916 2578 inquit,
1977 2532 1978 2545 ι

342 2592 505 2659 haberent.
1164 2610 1272 2655 omues
1284 2593 1397 2657 animae
1411 2596 1527 2657 suntet
1540 2592 1727 2672 impiorum
1741 2592 1849 2671 quibus
1862 2608 1917 2651 me·
1977 2604 1978 2659 1

384 2687 434 2751 IV.
459 2687 525 2755 lloo
537 2706 650 2768 genere
664 2689 851 2770 argumenti,
867 2708 929 2769 quo
947 2708 985 2750 ex
999 2689 1112 2751 alteru-
1163 2684 1224 2745 lius
1249 2685 1329 2745 forst
1351 2703 1416 2749 uon
1441 2684 1729 2764 incorruptibilibus
1754 2702 1826 2747 esse.
1851 2683 1917 2743 Nan

342 2779 421 2842 trias
435 2781 605 2845 eternitate
629 2781 755 2845 alterius
778 2783 934 2843 aeternitas
947 2781 1112 2861 colligitur,
1165 2795 1258 2857 poena
1272 2778 1458 2856 sempiterna
1468 2778 1507 2839 ab
1518 2777 1748 2856 inextinguibili
1759 2777 1827 2854 igne
1839 2775 1918 2857 puni·

343 2889 419 2937 usus
431 2877 477 2934 est
486 2872 622 2939 Hilarius
631 2893 750 2937 maone
761 2874 870 2954 quinto
878 2873 911 2935 in
919 2872 1113 2936 Matttoeum:
1166 2875 1217 2945 tae,
1235 2888 1337 2948 neque
1358 2870 1538 2946 morientes,
1554 2888 1669 2949 magno
1687 2888 1745 2931 suo
1760 2869 1851 2945 malo,
1863 2866 1919 2928 nul-

346 2986 361 3025 u
391 2963 501 3044 Igitur,
545 2967 667 3046 inquit,
695 2968 817 3047 requies
844 2966 931 3027 nulla
958 2966 1114 3044 gentibus,
1166 2961 1232 3022 lum
1247 2961 1344 3025 finem
1355 2961 1495 3023 obtinere
1507 2967 1636 3042 possunt
1649 2961 1699 3025 ὖ.»
1716 2961 1878 3042 Teophilus
1889 2956 1921 3020 ad

342 3075 446 3136 nequa
469 3059 589 3137 mortis,
610 3064 647 3120 ut
673 3060 792 3136 volunt,
823 3057 1006 3139 compendio
1031 3061 1117 3139 quies
1164 3052 1346 3135 Autolycum
1377 3073 1384 3113 :
1418 3076 1432 3113 ιι
1461 3056 1524 3115 Deo
1538 3053 1632 3116 tidem
1667 3054 1780 3118 babeo.
1816 3049 1920 3113 lubenti

342 3146 479 3211 dabitur.
510 3150 571 3211 Sed
598 3152 768 3232 corporalis
794 3156 825 3213 et
857 3151 931 3230 ipsis
963 3152 1117 3213 eternitas
1166 3146 1312 3209 animosi
1326 3146 1553 3227 obtemperans,
1569 3147 1660 3207 auito
1674 3165 1799 3227 quoque
1816 3147 1919 3213 hortor,

342 3235 558 3311 destinabitur,
573 3245 609 3299 ut
620 3239 700 3319 iguis
711 3240 820 3301 eterni
827 3240 909 3300 sitin
923 3240 1118 3318 ipsisaeterna
1166 3238 1340 3308 utobedias,
1352 3258 1403 3313 ne,
1415 3239 1441 3299 si
1450 3236 1921 3318 nunrinrreduluses,aliqaando

342 3329 500 3406 materies,
516 3331 755 3395 etinuniaersis
768 3331 964 3410 sempiternis
978 3349 1118 3394 exercea-
1167 3331 1293 3393 credere
1317 3331 1437 3411 cogaris
1460 3348 1572 3408 magno
1595 3336 1650 3392 tuo
1675 3332 1770 3408 melo,
1798 3330 1922 3391 subditus

343 3422 396 3481 tur
406 3417 483 3478 ultio
491 3419 688 3499 sempiterna.
704 3421 736 3481 Si
747 3420 843 3498 igitur
853 3419 1116 3499 gentibusideireo
1166 3424 1266 3504 poenis
1291 3424 1484 3504 sempiternis
1498 3434 1519 3485 ⁰.
1549 3445 1565 3481 u
1598 3425 1674 3485 Mox
1705 3430 1835 3486 aeternas
1863 3425 1923 3482 istas

344 3514 468 3575 nutum
490 3510 670 3587 indulgetur
695 3513 851 3574 aeternitas
875 3512 1054 3592 corporalis,
1082 3519 1117 3575 ut
1167 3534 1275 3596 poenas
1288 3535 1307 3577 a
1320 3516 1477 3596 prophetis
1491 3516 1630 3576 didicisse
1644 3522 1763 3596 poetes,
1780 3515 1889 3578 amerit.

342 3619 418 3663 mox
433 3602 615 3682 ignijudicii
625 3603 833 3678 destinantem
844 3622 938 3683 quam
949 3605 1116 3684 protanam
1208 3610 1364 3669 Gartenrm
1378 3608 1496 3669 tustini
1514 3608 1652 3687 ejusdem
1666 3608 1706 3669 ab
1722 3610 1839 3671 lrenreo
1860 3607 1922 3668 eita-

343 3699 391 3754 est
417 3699 537 3757 muetos
558 3695 596 3757 de
617 3695 716 3774 gloria
736 3696 915 3758 faternitatis
944 3698 1114 3778 ambigere,
1166 3705 1237 3762 tum
1258 3701 1297 3762 de
1315 3707 1430 3761 aeterna
1453 3699 1567 3761 diaboli
1581 3700 1782 3763 damnatione
1803 3701 1925 3763 testimo

343 3803 419 3848 cum
444 3786 559 3866 iniquis
581 3788 763 3849 aeternitatis
793 3808 870 3869 opus
891 3795 1056 3868 praestetur
1077 3793 1117 3853 ad
1168 3790 1258 3851 nium
1272 3790 1382 3851 eodem
1395 3790 1448 3850 illo
1462 3791 1560 3869 capite
1578 3808 1611 3850 rr
1624 3792 1847 3870 produximus3
1865 3794 1924 3848 tum

342 3894 473 3957 poenam
486 3877 527 3940 7ο
543 3879 630 3953 Quod
646 3884 751 3943 autem
773 3881 907 3943 Hilarius
920 3882 970 3942 hio
988 3883 1027 3943 de
1039 3902 1115 3962 gen·
1168 3882 1262 3943 etium
1276 3882 1410 3955 Tatiani,
1425 3882 1479 3961 qui
1493 3882 1550 3943 luit
1561 3883 1579 3943 J
1582 3883 1676 3943 ustiui
1691 3883 1867 3964 discipulus.

343 3970 448 4031 tilium
461 3971 650 4051 sempiterno
664 3973 811 4053 supplicio
826 3973 1116 4051 disserit,idaliisiu
1208 3975 1461 4036 Tertullianusin
1482 3974 1701 4056 apologetr'co⁸‚
1718 3971 1925 4054 misachonis

342 4060 420 4125 locis
452 4064 491 4127 de
521 4065 734 4143 peecatoribus
767 4063 922 4139 universe,
953 4068 1116 4148 ceterique
1171 4067 1276 4129 «vitae
1299 4073 1424 4128 aeternae
1446 4067 1722 4129 retributionem»
1753 4068 1925 4129 destinatam

342 4153 453 4216 itidem
463 4157 571 4217 Patres
580 4156 751 4231 affirmant3
763 4175 841 4236 quos
851 4177 922 4220 cum
937 4161 1116 4239 singillatim
1150 4154 1285 4234 asserit,
1301 4159 1517 4238 profanisvero
1533 4181 1548 4217 ιι
1557 4161 1662 4239 ignem
1676 4178 1764 4238 arque
1777 4163 1926 4240 perpetem

345 4264 505 4309 recensere
518 4248 658 4328 longum,
675 4269 711 4311 ae
731 4250 854 4323 fastidii,
872 4257 907 4311 ut
925 4252 1113 4327 inmolare,
1166 4269 1202 4312 ac
1211 4252 1331 4331 jugem.
1348 4254 1414 4313 rEt
1428 4251 1563 4331 apertius
1581 4258 1685 4332 postea
1700 4250 1711 4285 ⁸
1729 4272 1760 4312 :u
1770 4252 1924 4312 Erdmvero

344 4355 446 4417 neque
459 4339 516 4400 hec
527 4347 616 4405 aetate
630 4341 742 4415 dubia,
757 4342 973 4421 plenissimum
980 4345 1019 4405 sit
1027 4364 1035 4420 ;
1052 4364 1116 4406 uon
1165 4361 1233 4418 noa,
1248 4344 1303 4423 qui
1315 4344 1372 4404 sub
1386 4346 1448 4406 Deo
1458 4348 1600 4406 omnium
1610 4345 1801 4425 speculatore
1810 4344 1926 4423 dispun-

344 4448 455 4495 omnas
467 4436 573 4497 tamen
586 4432 658 4493 licet
672 4434 916 4513 praetermittere.
931 4436 1036 4515 ltaque
1042 4456 1116 4516 pau-
1164 4436 1280 4514 gimm,
1292 4438 1407 4515 quique
1421 4442 1570 4498 aeteruum
1584 4438 1623 4496 ab
1643 4456 1680 4498 oo
1694 4454 1820 4517 poenam
1833 4433 1927 4515 provi·

344 4523 494 4600 sissimus,
504 4528 536 4585 et
545 4542 583 4584 ex
596 4525 822 4603 antiquioribus
834 4527 910 4601 lere,
926 4547 1117 4591 commemo·
1166 4529 1286 4605 demus,
1302 4530 1413 4589 merito
1428 4529 1485 4589 soli
1499 4530 1686 4590 innooeutira
1698 4530 1928 4597 ocourrimuset

346 4614 423 4676 rabo
437 4613 583 4693 breviter,
599 4634 733 4695 quorum
752 4619 934 4681 auctoritate
947 4622 1116 4682 instructus
1165 4639 1222 4701 pro
1242 4621 1376 4682 soientiae
1397 4622 1602 4701 plenitudine,
1619 4627 1650 4683 et
1669 4640 1728 4701 pro
1745 4622 1927 4683 latebrarum

347 4707 443 4787 possit
457 4725 522 4768 esse
536 4701 709 4787 theologus.
1165 4713 1355 4790 dillloultutc,
1371 4720 1401 4774 et
1416 4733 1473 4794 pro
1483 4715 1697 4793 magnitudine
1710 4717 1927 4776 cruciatusnon

383 4927 404 4966 a
422 4911 500 4966 lstttt.
514 4910 561 4967 lib.
579 4910 610 4983 V,
627 4927 686 4983 esp·
702 4924 785 4968 xxvtt.
805 4908 896 4966 Αλώνια
909 4910 946 4981 tt,
963 4911 1007 4967 tul*
1019 4912 1116 4968 tutet-
1167 4914 1200 4988 μὴ
1214 4914 1349 4988 ἀφθάρτους
1365 4910 1435 4969 εἶναι·
1448 4916 1610 4989 κολαζόμεναι
1627 4912 1674 4989 γὰρ
1694 4914 1742 4970 tat
1756 4921 1801 4970 τοῦ
1818 4914 1927 4970 aalma

347 5011 410 5061 τητα
422 4994 490 5066 παρὰ
502 4989 556 5049 θεοῦ
570 4993 600 5049 td
614 4994 702 5068 ἀγαθά.
718 4996 759 5049 καὶ
772 4996 813 5050 διὰ
825 5003 898 5052 τοῦτο
917 4998 986 5066 καὶὴ
1007 4999 1117 5071 στέρησις
1166 4999 1241 5072 πυρὸς
1255 4997 1384 5072 ἂπεράντῳ
1398 5001 1513 5073 τιμωρίᾳ,
1530 5001 1570 5053 καὶ
1593 5000 1625 5073 μὴ
1649 5002 1795 5069 istotorum
1817 4998 1855 5055 tn
1867 5000 1928 5066 κιαῷ

347 5075 428 5130 αὐτῶν
444 5076 540 5140 αἰώνιος
558 5078 598 5132 καὶ
613 5078 780 5148 ἀτελεύτητος·
796 5081 830 5142 ὡς
843 5083 966 5149 διηνεκοῦς
982 5086 1024 5136 τοῦ
1038 5081 1117 5153 φωτὸς
1167 5088 1203 5155 τῷ
1218 5081 1312 5136 lauret
1324 5083 1393 5146 τέλος
1405 5083 1489 5137 taen
1502 5083 1546 5137 otta
1557 5082 1652 5156 ἔχουσι.

346 5159 418 5224 ὄντος
428 5159 451 5214 ol
461 5161 631 5231 ιινφλώσαντες
642 5162 752 5227 ἑαυτοὺς,
767 5164 783 5231 ll
797 5164 836 5217 rat
859 5164 906 5217 bat
920 5166 1002 5218 ἄλλων
1018 5165 1114 5235 rupto·
1204 5166 1362 5223 oTusoru.
1380 5166 1410 5223 in
1424 5165 1501 5223 ealce
1515 5165 1564 5223 tib.
1579 5167 1601 5222 l.
1634 5164 1704 5219 Αλλὰ
1719 5163 1827 5220 πιστεύον
1840 5164 1929 5233 πειθαρ-

346 5243 426 5307 θέντες
435 5241 799 5321 διηνεκῶςάποοτιροῦνταιτῆς
810 5248 940 5319 ratpertus
949 5248 1114 5311 ἀπολαύσεως.
1167 5252 1220 5320 χῶν
1246 5249 1304 5320 θεῷ,
1330 5244 1362 5320 ᾧ,
1387 5249 1408 5302 εἰ
1432 5250 1523 5321 βούλει,
1545 5250 1586 5303 set
1614 5246 1928 5321 attemptaturum

385 5327 549 5384 teusanus
576 5330 651 5401 apud
677 5329 803 5385 Damaso.
837 5330 928 5386 littera
956 5330 982 5402 ψ.
1015 5331 1058 5385 tit.
1092 5332 1115 5386 l.
1167 5332 1244 5403 αὐτῷ,
1259 5331 1347 5404 pista
1362 5332 1498 5402 ἀπιστήσας
1513 5334 1595 5407 ποθῇς
1614 5333 1751 5405 &orepavor
1766 5335 1823 5388 τότε
1838 5327 1927 5387 trata·

350 5409 476 5466 ’λθάνιιτοι
490 5413 564 5467 πᾶσαν
577 5411 602 5467 αἱ
611 5410 687 5485 ψυχαὶ
697 5414 737 5467 sal
749 5419 799 5471 τῶν
807 5412 911 5469 ἀοιδῶν·
923 5406 963 5477 οἷς
976 5413 1076 5489 ἄμεινον
1086 5410 1116 5482 ἦν
1167 5414 1228 5477 aler<
1240 5416 1376 5488 τιμωρίαις.

373 5545 385 5590 t
399 5546 453 5599 dett.
464 5556 485 5601 ν,
494 5556 508 5591 t
517 5551 541 5593 et
549 5552 558 5593 t
567 5548 617 5593 cor.
627 5556 657 5601 tr,
667 5547 736 5592 a.-2
745 5546 794 5602 cap.
807 5548 924 5594 rutra-5
936 5548 985 5604 Cep.
996 5559 1073 5595 ιιιι.-κ
1086 5548 1100 5592 t
1114 5548 1164 5604 Cap.
1178 5559 1226 5594 arr»
