4004 6168
610 421 660 480 DE
680 418 844 481 ustulato
865 416 938 478 SEX
960 416 1121 478 lllERUltl.

210 701 447 765 nrsruruno
470 702 495 763 Α
516 701 702 762 eunoun.

401 873 429 953 5.
454 875 505 934 iv,

102 1050 197 1112 Idem
218 1049 257 1110 de
276 1046 434 1110 charitatis
451 1045 642 1125 prasertim,
664 1050 695 1106 et
709 1043 837 1123 justitiae

52 1143 177 1217 donis,
201 1160 260 1203 nec
273 1140 374 1202 solum
388 1138 660 1217 permanentibus,
677 1138 730 1197 sed
744 1137 838 1197 etiam

51 1233 313 1306 transeuntibus,
329 1238 423 1311 atque
444 1231 650 1301 avolantibus,
672 1230 716 1289 ita
731 1229 836 1306 dispu-

51 1331 149 1386 tant:
169 1325 309 1401 Homini,
334 1329 370 1383 ut
395 1323 489 1384 homo
504 1326 567 1397 est,
589 1322 752 1402 inquiunt,
779 1321 838 1381 ista

5 1408 9 1413 ⁴
52 1417 234 1489 debentur,
250 1416 324 1496 quia
337 1418 403 1476 sine
417 1415 467 1476 his
489 1415 610 1494 opibus,
631 1430 668 1474 ao
689 1412 838 1492 presidiis

54 1511 167 1570 θεοιιι
189 1514 348 1569 auctorem
370 1525 464 1567 suum
490 1507 617 1585 diligere
637 1523 701 1566 non
716 1509 835 1584 potest:

53 1601 125 1661 imo
134 1618 198 1661 nec
209 1600 382 1679 quidquam
390 1605 472 1659 recte
483 1604 514 1660 et
523 1597 834 1675 laudabiliteragere:

54 1692 147 1771 quod
163 1692 300 1752 alterum
313 1689 457 1771 probant.

96 1785 224 1853 Primo,
240 1783 313 1862 quia
345 1781 446 1842 omnis
481 1780 574 1853 aetio,
595 1799 666 1860 quae
698 1798 737 1841 ex
758 1779 836 1841 elra-

55 1877 154 1940 ritate
171 1894 239 1936 nou
256 1880 314 1951 est,
330 1892 435 1953 prava,
457 1873 632 1948 inhonesta,
660 1872 759 1951 turpis
779 1876 835 1932 est.

1596 420 1653 478 577

889 587 1070 663 promptum
1078 625 1088 657 ,
1105 585 1197 660 atque
1212 579 1390 660 expeditum
1403 586 1470 641 erat
1490 580 1654 659 justitiam,

887 694 923 735 ιιο
938 676 1036 735 Deum
1050 677 1153 752 ipsum
1172 672 1319 750 diligere:
1345 690 1480 751 eumque
1503 674 1575 747 fida,
1590 691 1655 753 spa,

887 766 1034 837 charitate
1057 765 1230 826 salutariter
1243 765 1355 825 colere.
1379 765 1413 825 Si
1431 765 1515 825 enim
1534 764 1657 825 homini

887 876 952 918 non
962 858 1092 918 debetur
1106 857 1162 918 Dei
1175 857 1264 934 ιιιιο,
1279 875 1380 934 neque
1393 857 1424 917 id
1437 857 1578 930 debetur,
1593 875 1657 936 quo

887 950 1019 1025 tradito,
1034 949 1068 1009 in
1090 947 1157 1026 ejus
1180 953 1329 1028 potestate
1349 949 1388 1008 sit
1402 948 1453 1008 illa
1467 948 1543 1008 risio
1560 968 1567 1008 :
1583 967 1658 1008 nam

886 1041 968 1114 finis,
996 1050 1028 1101 et
1041 1059 1088 1115 ea,
1116 1040 1229 1117 quibus
1252 1040 1373 1112 mediis,
1398 1040 1469 1099 finis
1487 1040 1656 1115 obtinetur,

887 1139 1041 1211 quantum
1055 1133 1094 1193 ad
1107 1132 1181 1200 hoc,
1207 1137 1280 1192 sunt
1292 1133 1327 1192 in
1339 1132 1449 1193 eodem
1464 1132 1593 1194 ordine:
1610 1151 1656 1206 ac,

887 1226 914 1285 si
924 1243 989 1285 non
1002 1229 1103 1286 essent
1113 1242 1151 1285 ax
1166 1223 1232 1303 ipsa
1244 1224 1290 1285 rei
1303 1230 1426 1299 natura,
1442 1229 1659 1285 assumtamcn

888 1316 1137 1377 adversariorum
1173 1316 1390 1391 concessione,
1424 1315 1539 1394 qnippe
1576 1315 1659 1395 apud

888 1407 972 1487 ipsos
995 1407 1109 1480 meriti,
1130 1425 1166 1467 ac
1181 1408 1302 1486 praemii
1315 1415 1436 1468 naturae
1459 1408 1587 1480 integra
1613 1413 1660 1468 est

887 1499 968 1559 ratio
999 1499 1127 1559 eadam:
1158 1504 1189 1558 et
1215 1504 1384 1577 utrumque
1418 1498 1659 1559 fundamentum

888 1590 982 1651 habat
1000 1591 1034 1650 in
1059 1591 1126 1670 ipsa
1138 1594 1250 1650 natura
1263 1610 1271 1653 ι
1301 1591 1353 1650 cui
1365 1590 1434 1651 ideo
1448 1591 1556 1669 negari
1570 1608 1659 1669 posse

889 1681 1000 1743 nolunt
1014 1700 1066 1743 eas
1079 1700 1171 1761 opas,
1195 1691 1227 1742 et
1240 1681 1410 1758 facultates,
1432 1701 1503 1761 quae
1517 1682 1556 1742 ad
1570 1682 1662 1742 visio·

889 1792 963 1835 nem
976 1774 1057 1835 hane
1070 1773 1272 1834 obtinendam
1285 1778 1360 1834 sunt
1373 1774 1570 1847 neeessariae;
1587 1774 1660 1852 quia

888 1866 1040 1945 ejusmodi
1074 1882 1138 1926 esse
1167 1869 1286 1926 naturae
1321 1866 1419 1944 ipsius
1449 1866 1660 1926 conditionem

889 1962 1016 2037 putant3
1046 1963 1081 2016 ut
1100 1956 1129 2016 ei
1146 1955 1218 2016 finis
1243 1956 1296 2017 ille
1310 1957 1350 2017 sit
1362 1958 1533 2018 necessario
1549 1975 1661 2035 propo

888 2050 982 2125 situs,
997 2066 1098 2127 neque
1112 2047 1151 2108 ab
1165 2047 1234 2123 illo,
1251 2048 1309 2109 nisi
1325 2049 1416 2127 eulpa
1429 2066 1502 2123 sua,
1517 2049 1660 2109 excidere

888 2151 992 2225 queat.

928 2238 962 2298 ld
985 2254 1059 2297 vero
1079 2236 1123 2297 ita
1149 2235 1243 2297 etiam
1258 2233 1657 2298 constabilioetconiirmo:

888 2334 1009 2390 eadum
1023 2335 1068 2389 est
1084 2328 1179 2404 enim,
1204 2331 1235 2387 et
1256 2325 1297 2387 ab
1313 2326 1449 2386 Ecclesia
1471 2327 1659 2406 jampridem

99 2415 279 2479 Sententiae
320 2421 455 2489 nostrae,
485 2433 555 2494 quae
593 2419 725 2494 quatuor
765 2419 838 2474 sumt
888 2426 1048 2495 statutum,
1078 2425 1187 2480 conus
1214 2417 1389 2495 Pelagium,
1418 2417 1596 2478 hominibus
1626 2421 1659 2480 in

58 2510 232 2589 praecipuae
252 2508 403 2582 rationes,
429 2506 565 2567 breviter
586 2506 630 2567 ita
652 2507 834 2585 perstringo.
887 2512 1033 2592 prasenti
1047 2515 1127 2571 statu
1150 2515 1271 2570 naturae
1291 2508 1385 2587 lapsae
1400 2508 1455 2568 liei
1469 2508 1567 2586 gratia
1581 2530 1659 2589 opus

61 2601 185 2677 l‘rimo,
201 2602 297 2661 borno
320 2604 432 2660 natura
456 2617 512 2659 sua
536 2598 591 2658 Dei
604 2616 711 2658 servus
725 2602 780 2673 est,
807 2601 838 2656 ot
888 2622 963 2679 esse,
980 2622 1042 2662 uon
1059 2602 1130 2662 ideo
1144 2607 1285 2675 tantum,
1307 2605 1353 2671 ut,
1373 2599 1457 2679 quod
1472 2600 1605 2679 pertinet
1619 2603 1658 2663 ad

59 2693 153 2754 valde
165 2693 294 2771 qaudam
308 2691 444 2759 humilis,
457 2697 488 2751 et
501 2689 648 2768 abjectus,
663 2708 699 2750 ae
713 2707 838 2767 prorsus
888 2696 1035 2770 salutem,
1051 2712 1142 2772 agere
1157 2693 1274 2772 possint
1287 2691 1425 2765 facilius,
1441 2693 1494 2752 sed
1508 2698 1544 2752 ut
1567 2693 1658 2770 plane

60 2785 185 2845 infimae
201 2784 309 2844 sortis:
326 2788 426 2862 potest
438 2782 533 2860 igitur
544 2799 599 2842 rex
618 2799 653 2840 ue
672 2780 836 2855 Dominus,
888 2787 1016 2866 possint.
1044 2787 1171 2845 Constat
1197 2789 1302 2845 autem
1323 2802 1362 2845 ex
1384 2784 1535 2845 hactenus
1556 2784 1657 2859 dictis,

60 2878 129 2936 sine
143 2875 214 2937 ullu
228 2873 386 2953 injustitiae
400 2880 490 2949 nota,
514 2891 587 2951 eum
607 2892 671 2933 11011
691 2873 837 2951 adoptare
888 2877 1026 2951 homini,
1043 2877 1196 2956 exprimo
1211 2880 1354 2954 peceato,
1373 2874 1511 2936 laborem
1532 2875 1659 2954 quidem

61 2968 208 3046 profilio.
224 2966 531 3045 Secundo,possibile
542 2969 598 3040 ost,
611 2966 709 3025 Deum
718 2964 839 3024 homiui
888 2969 1047 3037 additum,
1074 2973 1104 3028 ot
1126 2967 1349 3040 difficultatem,
1375 2985 1439 3026 non
1459 2983 1533 3027 vero
1547 2966 1659 3043 agendi

62 3062 160 3120 etiam
192 3059 351 3137 innocenti
380 3057 519 3130 conferre
547 3057 666 3117 bonum
695 3056 836 3135 aliquod,
888 3062 1056 3132 virtutem,
1091 3065 1122 3119 et
1154 3058 1333 3118 facultatem
1360 3058 1555 3136 ademptam,
1588 3077 1659 3136 quae
1713 3060 1719 3071 ‘

62 3152 173 3230 quod
163 3151 227 3256 ιριι
243 3169 307 3211 non
320 3148 430 3210 debeat
417 3154 468 3209 tur
472 3166 617 3227 ,quoque
631 3148 731 3223 illum,
747 3166 841 3298 supra
888 3153 1015 3233 propria
1029 3151 1157 3254 quidem
1172 3154 1213 3211 sit
1228 3150 1382 3210 hominis:
1408 3167 1498 3227 ergo
1521 3150 1660 3211 simodo

63 3243 229 3322 propriam
243 3260 342 3321 rpsius
355 3241 576 3315 conditionem,
599 3240 770 3314 esebat3a
771 3239 839 3305 ιιι
889 3263 954 3305 ιιοιι
977 3262 1061 3304 exse
1076 3243 1160 3320 ipsa,
1181 3241 1233 3301 sed
1260 3260 1298 3302 cx
1323 3242 1397 3301 Jesu
1422 3241 1534 3300 Christi
1561 3242 1661 3319 gratia

62 3335 141 3438 qnid
164 3333 348 3412 hujusmodi
361 3330 506 3412 possibile
521 3336 576 3406 cst,
593 3331 624 3391 id
637 3337 718 3391 certe
732 3336 787 3405 est,
805 3336 840 3390 ut
888 3335 1056 3396 hahetnon
1070 3334 1184 3408 solum,
1199 3332 1661 3411 quoviucathujusmodidiffi·

64 3427 192 3506 sapiens
214 3425 345 3504 quisque
360 3424 518 3497 concedet,
544 3423 629 3501 quod
656 3428 701 3483 est
721 3421 837 3484 Psclm.
890 3427 1055 3504 cultatem,
1082 3425 1135 3486 sed
1161 3443 1224 3503 quo
1249 3424 1341 3503 plane
1368 3423 1464 3503 possit
1486 3423 1660 3485 salutariter

67 3534 183 3590 rxxxr,
200 3518 230 3577 o.
247 3516 315 3597 Epo
328 3514 408 3589 diri,
425 3514 473 3575 dii
487 3514 562 3582 estis,
578 3523 606 3574 ct
623 3514 688 3590 filii
701 3513 836 3582 Excetsi,
890 3519 1028 3598 operari;
1053 3534 1246 3595 canaequens
1273 3520 1331 3591 est,
1356 3516 1388 3575 id
1407 3516 1511 3594 ipsum
1535 3533 1574 3575 ex
1595 3534 1660 3578 sese

67 3609 177 3670 ataid
192 3608 287 3686 igitur
299 3607 429 3677 homini,
446 3626 504 3668 uec
517 3606 686 3680 innocenti,
696 3606 836 3674 debetur,
893 3611 981 3691 plane
1002 3627 1066 3670 non
1080 3608 1216 3688 potuisse
1235 3609 1276 3668 ab
1289 3608 1390 3684 initio,
1406 3612 1499 3686 atqua
1518 3607 1561 3667 ita
1575 3608 1661 3668 salu.

67 3720 167 3781 eoque
183 3719 279 3779 supra
293 3699 451 3778 propriam
473 3697 610 3758 hominis
632 3697 840 3758 conditionem
891 3703 1006 3764 tarium
1033 3702 1193 3762 actionum
1219 3701 1387 3774 virtutem,
1422 3698 1663 3779 facultatemque

68 3793 221 3873 adsurgit.
233 3791 349 3864 Tertio,
363 3791 389 3849 si
403 3808 497 3869 supra
509 3789 681 3861 hominem,
697 3794 732 3849 ut
745 3789 840 3850 homo
891 3795 999 3875 gratiae
1008 3793 1129 3855 donum
1143 3811 1291 3870 esse,uon
1299 3798 1419 3853 naturae
1427 3790 1660 3870 proprietatem.

69 3891 125 3962 est,
141 3886 204 3946 ista
221 3902 286 3945 non
310 3887 423 3957 esseut,
451 3881 530 3942 nihil
552 3899 637 3958 vere,
663 3887 694 3942 et
717 3881 841 3962 proprie

71 3978 144 4038 doni
180 3973 442 4055 supernaturalis,
469 3993 506 4035 aa
531 3974 711 4052 theologica
734 3975 841 4053 gratiae

71 4070 228 4130 rationem
238 4066 377 4135 baberet,
393 4065 453 4126 nisi
464 4065 529 4125 sola
542 4065 733 4145 hypostatica
746 4065 838 4126 ιιιιιοι

72 4179 141 4222 cum
156 4160 253 4238 igitur
262 4159 294 4220 id
308 4177 328 4218 a
341 4158 501 4219 communi
514 4156 736 4218 catholicorum
749 4176 842 4217 sensu
933 4159 1041 4238 ltaque
1076 4156 1259 4220 adversariis
1279 4156 1463 4236 respondeo,
1480 4176 1544 4218 non
1572 4176 1663 4236 posse

72 4252 250 4325 abhorreat,
266 4256 298 4311 et
312 4250 487 4330 Scripturis,
505 4248 640 4309 conciliis
657 4255 688 4309 et
701 4248 843 4309 Patribus
893 4251 1019 4330 quidem
1034 4250 1193 4312 bominem
1207 4249 1278 4310 solis
1292 4256 1410 4310 naturae
1424 4250 1535 4329 opibus
1551 4252 1661 4329 Deum

16 4352 17 4355 ’
74 4342 265 4404 οοιιιιοιιιιιιι
292 4341 342 4416 ιιι,
370 4346 406 4401 ιιι
427 4340 502 4401 alibi
533 4339 651 4419 liquido
679 4339 840 4416 constabit,
889 4343 1104 4422 Justitiamque
1124 4342 1263 4421 diligere,
1292 4341 1370 4401 siout
1383 4347 1516 4420 oportet,
1531 4349 1568 4403 ut
1593 4361 1663 4420 per·

17 4470 19 4491 2
74 4431 839 4514 consequeusest,eaplanesuprahommemessa
892 4434 1090 4509 factumst
1130 4438 1278 4511 superrat
1265 4434 1399 4494 turalem
1439 4434 1664 4497 beatitudinem

75 4527 232 4600 Quartae
259 4524 427 4586 sanctitatis
453 4523 843 4627 atqueadoptionisdono
894 4530 1092 4604 assequatur;
1124 4543 1213 4603 posse
1247 4529 1353 4585 tamen
1376 4524 1420 4584 ita
1445 4524 1590 4605 diligere,
1617 4528 1665 4588 uti

18 4560 22 4691 l
75 4638 154 4680 nexa
172 4623 222 4680 est
238 4617 372 4679 coelestis
390 4616 568 4693 beatitudo,
592 4635 661 4676 cam
678 4634 704 4675 ιι
701 4613 795 4695 'filit
816 4623 843 4676 et
894 4616 1078 4697 oporteret
1069 4634 1104 4676 m
1117 4616 1179 4676 alio
1193 4633 1299 4676 rerum
1316 4620 1407 4689 statu,
1424 4622 1518 4695 atque
1541 4619 1662 4690 ordine,

20 4698 23 4797 l
76 4707 206 4773 mdes
216 4730 224 4770 ι
236 4726 308 4770 eum
316 4708 410 4788 igitur
421 4708 555 4788 perlecta
568 4707 620 4768 illu
633 4706 761 4767 felicitas
771 4724 843 4767 vere
894 4713 930 4768 ut
944 4707 1038 4768 beatit
1038 4706 1166 4768 udinem
1180 4707 1273 4767 aliam
1285 4707 1458 4785 acquireret
1470 4708 1662 4784 naturalem,

75 4801 112 4862 sit
135 4801 254 4881 ςιιιιιιι,
282 4807 313 4862 et
332 4801 450 4861 donum
471 4818 563 4879 supra
586 4804 749 4871 naturam,
779 4800 844 4857 no'n
894 4804 986 4878 atqua
1019 4798 1243 4875 imperfectam.
1269 4798 1369 4877 Hujus
1402 4805 1506 4860 autem
1538 4801 1665 4861 secundi

75 4890 241 4954 hominum
257 4892 360 4967 modo,
376 4892 428 4953 sed
444 4892 537 4951 etiam
551 4890 745 4969 angelorum,
762 4894 803 4955 et,
818 4890 845 4950 si
894 4889 1016 4967 generis
1029 4907 1167 4951 amorem
1181 4890 1215 4950 iu
1233 4891 1347 4965 Deum,
1370 4890 1455 4951 huno
1480 4891 1660 4964 honestatis,

76 4986 148 5063 quid
162 4985 255 5047 condi
263 4989 363 5064 potest
375 4983 493 5061 angelis
508 4983 582 5062 ipsis
592 4980 797 5061 praestantius,
809 4986 844 5041 ut
895 4990 925 5042 et
934 4981 1063 5059 justitiae
1077 4982 1196 5042 cultum
1208 4981 1356 5054 hominis,
1368 4988 1405 5042 ut
1414 4982 1509 5042 homo
1519 4988 1576 5059 est,
1588 5000 1662 5062 pro·

77 5077 161 5137 artic.
177 5093 242 5154 seq.
259 5073 432 5135 ostenditur
444 5093 452 5148 ;
466 5073 504 5134 de
518 5076 688 5146 sanctitate,
706 5078 736 5133 ct
747 5072 842 5151 adop·
893 5074 999 5152 prium
1011 5090 1087 5142 essa,
1111 5073 1188 5133 etin
1209 5073 1276 5150 ejus
1297 5079 1447 5152 potestate
1469 5073 1582 5150 situm,
1605 5092 1663 5136 nec

77 5168 170 5245 tione,
185 5167 218 5227 id
229 5168 332 5246 ipsum
346 5165 406 5226 dici
419 5184 541 5226 necesse
572 5171 636 5226 est:
662 5165 725 5225 imo
746 5164 784 5224 da
807 5163 845 5223 iis
893 5164 1180 5244 supernaturalibus
1189 5165 1312 5228 auxiliis
1321 5165 1522 5244 indigere,ita
1531 5165 1666 5228 breviter

77 5261 168 5319 etiam
193 5258 306 5318 divinae
332 5260 440 5336 gratiae
467 5257 606 5326 auxiliis,
640 5275 710 5333 quae
745 5273 844 5339 nuper
894 5257 1040 5318 ostendo:
1070 5255 1189 5329 Homo,
1207 5262 1242 5316 ut
1267 5257 1363 5318 1ιοιιιο
1391 5263 1454 5328 est,
1482 5276 1522 5318 ex
1546 5264 1667 5320 suamet

77 5350 240 5413 aduersarii
266 5349 452 5410 videbantur
473 5349 636 5428 attingere,
664 5348 844 5426 ceterisque
893 5347 1038 5409 inaturali
1051 5349 1237 5425 conditione,
1251 5348 1397 5426 liberast,
1412 5349 1619 5430 suiquejun's,
1634 5355 1667 5412 et

79 5441 266 5521 adjumentis
285 5441 450 5516 omuibus,
476 5440 589 5520 quibus
609 5440 711 5519 primo
734 5438 843 5499 homin
892 5441 1061 5520 potcstatis.
1079 5439 1114 5501 ld
1127 5440 1155 5501 ei
1169 5441 1222 5519 qui
1236 5440 1356 5515 adimit,
1372 5439 1449 5502 illud
1463 5442 1584 5517 adimit,
1600 5460 1663 5521 quo

216 5559 293 5619 Tou.
317 5557 369 5618 lv.
1542 5559 1581 5619 37

98 1967 270 2043 Secundo,
300 1966 373 2045 quia
417 1966 532 2038 homo,
572 1966 638 2025 siue
678 1964 835 2036 charitate,

55 2059 289 2141 cupiditatibus
303 2058 368 2119 suis
381 2058 522 2119 resistere
531 2056 650 2137 nequit.

407 2243 437 2322 §-
459 2243 498 2305 v.

1225 3985 1254 4065 §-
1276 3987 1331 4046 vr.
