4004 6168
304 362 306 369 Ι
338 288 398 350 598
776 289 827 352 DE
847 289 984 353 Paula.
1013 289 1062 351 ET
1083 287 1307 351 SEMIPELAG.
1331 289 1494 352 HAERESI

335 452 422 530 cujus
449 452 540 532 elogii
567 454 616 515 sui
641 454 785 517 meminit
806 456 840 521 iu
864 456 945 517 libra
971 454 1106 517 munao
1198 454 1243 514 1·v
1247 498 1254 516 .
1277 454 1338 517 Sed
1348 472 1406 516 naa
1422 453 1502 519 illud
1513 454 1602 516 iacile
1615 455 1832 531 concesserim,
1844 458 1914 535 quod
1952 515 1953 518 ,

335 544 596 624 detractationem,
614 564 680 625 cap.
696 565 779 607 xxm
792 546 848 609 ubi
861 569 877 606 a
890 546 1006 626 Pelagii
1013 546 1108 627 ipsius
1158 544 1268 606 iisdem
1275 546 1403 608 enuditis
1413 544 1488 607 uiris
1495 547 1621 627 placuit,
1629 547 1780 609 eumdem
1790 553 1915 609 nasbun
1936 543 1975 594 ἶ

336 654 452 697 namen
473 656 537 698 naa
551 639 617 700 sine
637 639 730 700 laude
743 640 846 720 eliqua
871 641 1009 720 posuisse
1021 639 1105 715 dicit,
1158 654 1223 697 esse
1250 638 1407 717 Pelagium
1430 638 1608 715 Eremitam,
1623 641 1662 702 ad
1684 657 1787 720 quem
1813 640 1915 720 scripsit

335 729 408 807 quia
429 729 491 790 vita
512 729 610 808 ejusu
630 731 737 794 multis
758 732 1022 811 praedicabatur.»
1040 731 1107 804 Quo
1159 728 1293 795 isidorus
1307 731 1474 793 Peluaotas
1487 729 1622 809 aarem¹,
1637 732 1914 814 etmulautamcpi·

335 819 427 879 etiam
441 837 480 881 ex
492 819 561 881 loca
577 828 706 899 constet,
725 822 821 885 libros
831 824 899 884 illas
909 830 972 884 tres
984 821 1019 885 dc
1033 821 1107 887 Pea-
1159 820 1280 894 stolam,
1296 822 1457 903 quaillum
1469 822 1674 902 lignacum,
1684 828 1719 885 et
1731 825 1916 903 aupsdiasun

334 915 466 972 mimum
487 912 612 989 meritas,
625 921 654 974 et
679 914 857 993 remissione,
873 914 1012 995 primum
1028 930 1108 992 opus
1158 910 1253 973 baisse
1266 913 1513 992 signifieataum
1523 914 1590 994 jam
1601 932 1697 977 senex
1706 920 1838 983 esseest
1849 918 1917 978 euna

333 1019 443 1064 eorum
455 1003 558 1079 inisse,
582 1023 652 1085 quae
666 1011 775 1068 cantra
794 1008 990 1084 Pelagianam
1004 1006 1108 1066 baare-
1159 1003 1721 1086 adspersumcaputheberet.Verum
1735 1009 1915 1088 munden

334 1095 393 1156 sim
406 1096 537 1175 scripsit,
553 1114 627 1158 aum
654 1118 669 1154 a
684 1099 843 1160 Coelestius
863 1098 1109 1179 discipulusque
1159 1095 1204 1157 illi
1219 1097 1571 1177 conjecturaducuntur,
1587 1099 1647 1161 nisi
1658 1100 1800 1161 nominis
1812 1107 1915 1180 quast

344 1204 396 1246 am
409 1190 625 1267 proptertales
645 1192 828 1253 assertiones
851 1192 935 1272 apud
954 1188 1111 1268 Carthagi·
1158 1183 1332 1261 levissima3
1363 1203 1436 1247 cum
1468 1187 1584 1264 Pelagii
1616 1205 1735 1250 nomen
1770 1206 1915 1252 commune

329 1270 418 1346 ,inem
424 1279 457 1341 in
464 1281 628 1362 episcopali
632 1281 751 1362 judicia
759 1281 1110 1347 excommunicationem
1160 1277 1265 1338 multis
1276 1277 1369 1339 fuisse
1384 1278 1527 1340 constet?
1542 1280 1654 1341 Utrum
1666 1281 1915 1361 eutemindigyp

335 1373 507 1434 meruisset.
523 1393 553 1434 a.
1158 1373 1227 1430 tum
1253 1370 1367 1449 peden
1393 1388 1533 1451 unquam
1566 1372 1707 1452 posuerit
1733 1372 1914 1434 harenarum

374 1463 434 1524 III.
451 1464 506 1525 llic
522 1464 1109 1542 Augustinilacusattentaransidaran-
1161 1461 1312 1538 Pelagius,
1327 1480 1420 1525 nemo
1444 1482 1502 1543 pra
1527 1469 1610 1525 eerto
1638 1465 1798 1526 affirmare
1823 1472 1913 1544 pateat

336 1555 393 1614 dus
407 1560 462 1627 cst,
479 1561 633 1636 quatenus
649 1562 719 1636 post
732 1557 964 1618 damnationem
978 1558 1110 1620 leestii
1160 1554 1343 1633 Quanquam
1360 1555 1443 1634 qiuad
1457 1555 1496 1615 ad
1517 1556 1651 1633 delicias,
1667 1564 1700 1617 et
1710 1556 1874 1637 epulsmm,
1886 1577 1913 1619 aa

333 1652 397 1725 tres
424 1646 492 1707 ilios
519 1644 615 1709 libros
636 1646 830 1710 elucubrasse
846 1664 877 1709 se
895 1646 980 1722 dicit,
996 1668 1034 1711 ex
1047 1669 1109 1730 qua
1159 1644 1351 1707 lautitiarum
1385 1647 1585 1726 cupiditatem
1618 1650 1744 1724 attinet,
1778 1650 1856 1709 testis
1878 1657 1914 1711 est

333 1743 456 1819 nmpus
465 1739 592 1814 indicat,
601 1758 664 1820 quo
679 1759 731 1802 eas
743 1738 846 1803 edidit.
860 1742 939 1804 Nam
950 1741 1111 1804 Caelestius
1161 1738 1285 1799 Orosius
1294 1739 1326 1799 ia
1333 1738 1490 1821 Apologia.
1500 1739 1662 1820 Pelagium
1672 1741 1912 1804 cutieudamsuan

335 1850 420 1892 anno
446 1832 559 1894 Christi
581 1832 639 1895 tin
675 1832 842 1895 damnatus
864 1838 920 1907 est,
945 1839 981 1894 ut
1004 1842 1109 1915 postea
1160 1847 1281 1891 curasse
1292 1829 1361 1909 plus
1375 1848 1469 1909 quam
1487 1830 1569 1911 iraugi
1587 1833 1782 1894 monachum
1802 1834 1911 1895 deamat.

335 1922 513 2000 docebitur3
529 1924 633 2005 itaque
660 1931 731 2006 past
756 1924 841 1989 hunc
863 1942 983 1987 anuum
1006 1927 1109 2009 scripti
1165 1921 1257 1982 «Sed
1278 1921 1336 1983 iibi
1362 1923 1512 2003 specialis,
1537 1924 1641 2016 inquit
1654 1924 1679 2003 ¹,
1696 1926 1771 1987 inde
1792 1928 1910 2008 portandi

335 2016 457 2076 suntilii
471 2014 862 2098 iibri*.Hincapparet,nan
873 2018 1109 2099 ualdeessepro-
1160 2011 1397 2076 oneristriatse
1411 2013 1525 2076 fiducia
1543 2020 1600 2093 tsi,
1613 2016 1700 2097 quod
1716 2016 1840 2090 balneis.
1853 2036 1911 2099 tiit

335 2107 534 2187 habile,quud
548 2108 687 2189 plerique
694 2124 802 2170 omnes
815 2109 955 2171 arbitrati
969 2110 1109 2197 suni,qui
1160 2103 1257 2187 lisque
1282 2105 1419 2167 nutritus
1445 2106 1523 2168 laios
1542 2106 1693 2169 humeros
1712 2115 1820 2190 gestas,
1837 2109 1910 2171 robu-

336 2197 374 2259 de
388 2198 510 2277 Pelagio
535 2197 605 2272 hoa,
619 2205 650 2261 et
675 2200 827 2279 superiori
853 2201 965 2263 saeculo
979 2202 1107 2283 seripse-
1160 2201 1299 2277 uiamque
1313 2196 1465 2259 aerucam
1477 2245 1485 2276 ‚
1499 2200 1667 2279 praeiarens
1680 2202 1778 2264 etiam
1788 2201 1910 2262 infrenis

336 2295 421 2365 runt,
435 2290 596 2352 huncesse
610 2290 769 2368 Pelagium
783 2286 987 2372 illumcujus
1000 2294 1109 2355 memi·
1159 2287 1425 2368 pinguedinem.»
1452 2291 1492 2351 Et
1515 2291 1609 2371 paulo
1632 2298 1705 2373 post
1721 2314 1730 2355 :
1749 2315 1766 2352 a
1785 2292 1908 2374 Sedquid

336 2382 383 2442 nit
397 2382 636 2462 chrysostomus
649 2382 683 2444 iu
704 2383 879 2464 epistularu
894 2384 934 2446 ad
949 2383 1107 2467 Olympia·
1160 2397 1217 2457 ego
1230 2379 1298 2441 haec
1309 2381 1525 2445 aeoniessiane
1538 2387 1594 2446 tua
1609 2385 1714 2465 exigo,
1723 2404 1796 2449 anm
1807 2402 1910 2445 canun-

335 2472 472 2551 dcm,ubi
486 2473 610 2554 lapsum
625 2475 710 2536 illius
725 2475 878 2555 deplorat:
890 2478 954 2538 uile
968 2476 1107 2558 Pelagio,
1159 2470 1311 2531 sationem
1322 2475 1410 2531 tuam
1418 2470 1531 2551 vulgus
1543 2473 1734 2553 agnoscatis
1759 2472 1907 2548 Quinetiam

336 2566 449 2646 inquit,
472 2566 625 2627 monacho
650 2567 740 2629 ualde
761 2567 890 2629 moleste
912 2568 981 2630 tuli.
1002 2569 1110 2649 Cogita
1159 2566 1250 2622 anian
1268 2570 1451 2644 μονόφθαλμον,
1467 2563 1499 2624 id
1521 2571 1567 2625 est
1589 2563 1675 2629 ocula
1697 2566 1790 2628 alteru
1810 2574 1907 2648 capim

336 2658 442 2735 igitur,
457 2658 580 2737 quantis
595 2658 716 2720 aaronis
731 2659 818 2738 digni
832 2665 913 2729 sunt,
929 2659 980 2743 qui
991 2660 1111 2725 iartiter

335 2755 497 2824 steterunt,
515 2767 587 2812 aum
600 2750 661 2810 viri
683 2750 817 2812 intanta
836 2751 1006 2834 disciplinae
1022 2770 1108 2816 seue-

334 2842 423 2903 ritate
443 2844 594 2903 traasaata
609 2841 675 2903 vita'
690 2843 732 2903 sla
754 2842 873 2925 abrepti
887 2841 1105 2909 assecuturus

335 2934 410 2995 Haec
435 2948 518 2994 anna
538 2934 597 2996 405
620 2934 732 3015 scripta
757 2950 821 2996 esse
840 2940 972 3017 oportet,
990 2952 1062 2999 aum
1075 2938 1109 3001 in

336 3025 428 3086 exilio
453 3031 532 3087 esset
558 3026 807 3106 chrysostomus.
843 3026 937 3111 Atqui
964 3029 1106 3092 nondum

336 3123 411 3178 tunc
429 3117 557 3178 haeresis
570 3117 666 3179 uilius
686 3123 846 3198 suspectus
868 3125 935 3181 erat
954 3119 1106 3199 Pelagius.

335 3210 380 3269 De
405 3208 464 3269 hac
479 3210 564 3270 enim
578 3208 813 3287 intelligendum
837 3227 901 3272 esse
925 3210 1107 3294 chrysosto-

333 3318 434 3375 mum,
459 3301 518 3362 rati
542 3306 615 3361 sunt
637 3299 780 3361 homines
801 3301 847 3363 iili
870 3302 963 3379 docti,
987 3305 1042 3383 qui
1068 3305 1108 3367 ad

333 3392 573 3453 haeresiarcham
586 3390 749 3472 Pelagium
761 3392 922 3471 epistolam
935 3393 1025 3457 istam
1040 3412 1108 3481 par·

333 3482 431 3544 tinere
455 3488 576 3562 putam.
606 3484 680 3552 Curis
707 3490 814 3547 autem
839 3487 1024 3567 persuadere
1048 3486 1108 3550 sihi

332 3575 453 3654 poterit,
467 3579 554 3635 tanto
576 3581 648 3636 ante
671 3585 876 3657 compertam,
892 3585 924 3640 et
948 3580 1107 3659 cognitam

332 3663 418 3725 illam
437 3665 475 3727 da
498 3666 597 3745 gratia
621 3666 731 3728 Christi
754 3668 897 3730 heresim
925 3670 1055 3748 Graecis,
1078 3678 1109 3734 et

333 3756 537 3819 Orientalibus
548 3757 753 3839 iuuisse,quam
766 3759 904 3837 Latinis3
920 3763 1108 3842 eumeniam

278 3906 282 3913 .
333 3849 462 3928 detecta
479 3857 511 3911 et
525 3850 557 3912 in
571 3851 654 3913 alara
667 3852 735 3913 luae
749 3851 848 3935 posita
863 3899 871 3931 ,
892 3859 998 3937 totque
1012 3872 1106 3936 spua-

332 3941 454 4003 daiihus
467 3940 596 4004 decretis
608 3943 642 4004 in
656 3942 812 4006 occidente
825 3944 976 4020 confosse,
993 3947 1106 4026 pleris-

332 4048 392 4113 que
417 4034 596 4096 Graecorum
618 4036 671 4097 rix
697 4034 777 4098 bene
804 4042 962 4119 perspecta
988 4037 1107 4100 fuerit?

333 4127 423 4187 Certe
440 4124 629 4207 Augustinus
638 4132 708 4208 post
718 4128 852 4189 coelestii
859 4126 1103 4203 damnationem,

332 4219 392 4278 hoa
406 4222 452 4278 est
465 4225 535 4297 post
559 4235 678 4280 annum
708 4219 819 4281 Christi
842 4220 910 4289 ata,
933 4220 1101 4300 Pelagium,

1158 2650 1253 2714 tuisse
1280 2653 1500 2716 demonstrat:
1534 2677 1550 2715 a
1576 2656 1713 2733 Noster,
1738 2657 1846 2741 iuquit,
1869 2656 1907 2717 iria

1159 2743 1298 2814 mutilus,
1331 2745 1417 2807 loeuis
1443 2746 1477 2809 in
1503 2745 1616 2822 hante,
1641 2757 1829 2832 μονόφθαλμος,
1857 2765 1906 2809 nan

1159 2835 1366 2898 necessarium
1381 2837 1441 2899 sihi
1456 2837 1589 2901 aestimat
1601 2840 1768 2901 munimen
1774 2840 1805 2901 in
1816 2838 1904 2920 sapiu

1160 2928 1215 3008 qui
1229 2926 1461 3008 possibilitatem
1474 2930 1533 2991 sibi
1546 2933 1709 3011 praesumit
1721 2933 1755 2992 in
1767 2948 1883 2992 carnea

1199 3021 1237 3080 V.
1261 3021 1351 3083 Hunc
1362 3020 1469 3083 Rufini
1485 3022 1672 3103 discipulum
1681 3024 1785 3099 inisse,
1795 3021 1904 3084 eiuhaa

1160 3113 1278 3174 semina
1293 3112 1406 3174 erraris
1414 3112 1579 3194 accepisse,
1595 3114 1712 3176 indiaat
1722 3114 1905 3195 Hieronymus

1160 3203 1193 3265 in
1206 3203 1386 3289 praefatione
1397 3205 1437 3266 ad
1449 3206 1689 3268 commentarios
1705 3205 1902 3269 inducamim:

1159 3292 1215 3358 ubi
1240 3293 1394 3358 Granium
1422 3295 1475 3377 (ita
1494 3297 1580 3358 enim
1608 3297 1758 3361 Rufinum
1778 3293 1901 3375 nominat]

1158 3392 1247 3449 uocat
1260 3404 1481 3470 precursorem
1490 3386 1615 3468 Pelagii,
1633 3411 1649 3447 a
1662 3407 1759 3471 quem
1771 3387 1901 3450 stolidissi-

1158 3496 1257 3553 mum,
1283 3485 1314 3540 et
1343 3480 1505 3541 Scotorum
1535 3479 1673 3562 pultibus
1705 3486 1901 3562 pregravatur

1158 3570 1327 3653 appellat.»
1341 3572 1423 3634 Etin
1436 3570 1617 3652 praelatione
1631 3572 1795 3635 adlibrum
1801 3572 1902 3633 terium

1158 3665 1441 3741 commentariorum,
1460 3663 1498 3725 de
1517 3664 1627 3727 eodem
1642 3664 1771 3738 Rufino,
1786 3663 1900 3739 «flabat,

1158 3756 1270 3836 inquit,
1285 3757 1468 3837 progeniem
1483 3755 1612 3818 Sentice
1626 3757 1738 3837 gentis,
1752 3758 1788 3819 de
1803 3756 1900 3818 Britan·

1156 3864 1271 3911 narum
1285 3848 1409 3909 rucinia.
1425 3868 1440 3907 u
1454 3848 1572 3923 Quibus
1583 3866 1622 3910 ex
1633 3849 1809 3931 Hieronymi
1820 3844 1901 3908 rerba

1157 3939 1307 4020 colligunt
1338 3939 1446 4023 aliqui,
1477 3940 1605 4003 Scotum
1637 3940 1730 4004 luisse
1757 3940 1899 4020 Pelagium.

1157 4030 1321 4095 Scatonem
1330 4050 1423 4117 porra
1435 4032 1901 4097 natiuasedesoiimnanlluituu·

1156 4122 1209 4185 niu
1222 4124 1291 4202 luit,
1309 4125 1362 4186 sed
1375 4124 1533 4187 hibernia.
1549 4124 1757 4188 Nihilominus
1769 4124 1899 4187 Butram

1156 4222 1274 4278 canstat
1286 4214 1434 4301 appellari
1452 4217 1558 4296 vuulgo,
1573 4216 1743 4298 haberique
1757 4215 1897 4294 Pelagium

333 4314 369 4369 ut
395 4310 540 4388 vidimus,
556 4312 674 4389 optima
696 4316 727 4372 et
752 4312 901 4374 laudabili
922 4312 1004 4373 ieme
1019 4330 1102 4377 oom-
1196 4310 1299 4373 Roma
1337 4307 1491 4390 proiectus
1524 4309 1692 4389 aliquando
1725 4310 1758 4372 in
1788 4306 1899 4370 ΗΜ

333 4400 514 4462 mandatum
540 4400 631 4465 luisse
663 4406 804 4465 testatam.
835 4402 941 4484 ltaque
968 4406 1104 4467 nominis
1154 4400 1496 4484 Pelagius,liippanam
1509 4400 1728 4478 adiit,ehseute
1738 4397 1895 4481 Augustino,

333 4492 471 4570 ejusdem
498 4492 669 4557 monachus
693 4494 847 4577 quispiam
880 4493 1060 4576 designatur
1087 4514 1106 4561 a
1154 4499 1185 4555 et
1197 4492 1241 4554 ibi
1255 4493 1382 4555 breuem
1407 4510 1529 4555 maram
1550 4495 1707 4574 egit,aum
1726 4494 1787 4576 jum
1798 4484 1899 4553 neue

336 4584 566 4664 chrysostomo.
1154 4586 1221 4666 ejas
1237 4585 1347 4648 haeresi
1360 4584 1478 4673 aliquid
1491 4584 1660 4650 insedisset
1673 4585 1857 4669 Augustum,
1869 4580 1899 4638 ui

372 4814 636 4884 uCaaus.ep.1v.
666 4813 765 4887 Σφόδρα
782 4814 881 4889 ἤλγησα
901 4812 961 4886 ὑπὲρ
981 4812 1104 4887 limogias
1154 4811 1200 4873 uiui
1216 4813 1333 4886 γενναίως
1354 4813 1463 4885 πάντες,
1486 4814 1544 4868 ὅταν
1566 4813 1651 4887 ἄνδρες
1665 4811 1801 4885 samaa
1814 4806 1895 4875 detinni

336 4898 380 4951 τοῦ
391 4896 549 4971 pontisarae.
571 4895 706 4965 Ἐννόησον
722 4896 805 4955 τοίνυν
820 4898 885 4953 ὅσων
902 4894 964 4959 ἄξιον
979 4897 1104 4970 στεφάνων
1153 4897 1320 4973 διαγαγόντες,
1329 4896 1372 4950 καὶ
1385 4896 1510 4973 καρτερίᾳ,
1520 4896 1586 4953 οὕτω
1595 4903 1703 4970 φανῶσιν
1717 4894 1881 4969 incaptum·

368 5086 573 5141 'Contumeliae
596 5084 709 5153 iudicium
730 5087 882 5141 PetsuiiEm.
900 5087 968 5142 Curi.
987 5085 1101 5151 horisius,
1150 5086 1191 5141 itu
1213 5086 1369 5156 Chrpuastuaui
1392 5087 1423 5141 sit
1436 5087 1488 5140 data
1509 5101 1569 5145 aaut
1587 5085 1650 5154 aaa,
1664 5101 1716 5143 aun
1741 5080 1893 5137 nnbat

335 5165 393 5216 liat.
406 5163 459 5216 Pei.
480 5162 521 5215 lib.
541 5165 561 5227 l,
584 5179 635 5230 cap.
652 5174 695 5226 ru,
717 5162 859 5229 ostenditque
872 5162 979 5215 credibile
995 5177 1103 5216 rancus
1150 5162 1322 5230 dunestanus
1335 5161 1600 5217 trahimitnlrmania.
1708 5160 1754 5214 Tu.
1767 5158 1810 5211 ll.

335 5238 452 5306 Pelagium
462 5238 553 5306 petiisse
566 5238 674 5291 orientem
695 5242 747 5291 anie
759 5250 842 5291 amun
857 5238 916 5302 iti,
932 5252 985 5293 auu
1007 5239 1102 5305 epistola
1140 5263 1142 5267 ν

362 5427 372 5470 i
390 5426 438 5471 Lib.
450 5425 490 5477 lii,
504 5437 540 5482 ap.
552 5425 681 5470 manau-P
693 5425 754 5471 Cras.
767 5425 790 5469 in
805 5425 871 5481 ipat.
