3936 6172
358 409 410 470 DE
429 407 590 471 orrmcto
611 409 685 472 SEX
706 409 866 486 DIERUM,
888 412 961 473 LlB.
985 413 1035 490 Ν,
1058 413 1139 476 GAP.
1164 414 1243 478 Vlll.
1537 416 1593 476 lli

39 578 121 638 ditum
145 574 237 637 luisse
254 573 433 650 voluntatis,
448 579 480 635 at
499 574 631 649 arbitrii,
652 575 737 655 quod
750 580 782 638 et
831 575 1599 661 ouiseamori,velquantumsubdidarit3quodqne

39 684 124 731 urata
133 672 254 747 peceato
268 670 401 745 peterat,
415 666 443 727 si
456 666 559 741 vallet,
574 672 606 729 at
615 668 700 747 quod
713 685 780 729 rec·
831 666 914 731 idem
931 688 1031 744 amor,
1046 670 1112 732 solo
1126 672 1223 733 animi
1238 677 1326 733 motu
1344 671 1550 752 dispensante,
1566 673 1598 734 id

39 759 552 839 tun‚bouestumqneestamplecti.
569 761 713 822 avarum
722 766 779 839 est,
830 768 877 822 est
895 762 982 822 nulla
1004 763 1059 825 Dei
1082 765 1182 842 gratia
1201 769 1299 839 actus,
1320 781 1451 843 operum
1474 783 1598 844 quoque

38 852 73 914 sit
89 851 120 913 in
138 850 215 913 libro
231 849 267 913 de
282 850 405 915 Natura
418 858 446 913 et
462 852 574 933 qratia,
594 853 693 932 eapite
701 869 779 931 mm,
829 852 986 915 bonorum
993 854 1213 935 perfectionem
1222 855 1363 929 Dbaram,
1375 856 1598 918 etnulliobno-

39 943 105 1023 quod
117 944 193 1005 Deos
215 950 282 1006 tam
303 943 426 1021 bonus,
454 961 548 1024 mam
565 943 668 1023 justus
687 945 780 1008 talem
828 945 913 1006 xiam
926 947 1152 1026 perturbationi
1166 948 1359 1027 possideat.»
1376 948 1482 1020 Vides,
1498 948 1600 1027 cojus-

38 1035 175 1097 bominem
184 1034 302 1111 berit,
314 1035 366 1096 cui
374 1037 490 1115 peccati
501 1036 585 1097 malo
597 1054 702 1099 carere
713 1038 775 1107 sul·
830 1037 916 1098 modi
928 1038 1103 1100 libertatem
1116 1039 1265 1100 humana
1278 1039 1431 1100 voluntati
1443 1040 1597 1114 Julianus,

39 1126 191 1202 tioemt,sed
204 1127 230 1188 si
241 1127 399 1189 voluisset.
412 1127 487 1202 Quis
499 1129 584 1189 enim
596 1147 670 1191 enm
683 1131 782 1192 nescit
829 1146 901 1189 cum
915 1146 1015 1210 eoque
1026 1130 1181 1210 Pelagiani
1194 1149 1303 1191 omnes
1309 1132 1496 1207 tribuerant3
1510 1151 1601 1212 aqua

39 1235 137 1291 soum
164 1224 195 1281 et
219 1219 442 1299 inculpabilem
468 1220 596 1296 iactum,
625 1226 656 1283 et
682 1221 781 1285 libero
829 1220 1413 1284 etiamliberiarbitriinomentluxisse
1427 1224 1596 1287 crederent.

39 1310 151 1385 ublato,
174 1316 267 1390 atque
290 1312 328 1371 ad
345 1312 427 1391 juste
447 1312 617 1373 vivendum
630 1318 781 1392 potestate
829 1313 948 1392 Nempe
959 1335 975 1372 a
985 1314 1076 1390 forte,
1089 1334 1125 1375 ac
1133 1314 1261 1376 firmum
1274 1316 1314 1376 ad
1322 1332 1387 1376 non
1394 1316 1596 1395 peccandum,

39 1402 114 1464 bbere
130 1402 351 1465 constitutum?
365 1425 381 1463 n
397 1405 437 1464 Et
458 1404 532 1465 alibi
549 1404 685 1466 liberum
697 1407 779 1468 arbi-
829 1409 865 1464 ut
877 1406 996 1485 scripsit
1010 1406 1150 1485 Pelagius
1160 1405 1183 1483 ⁸,
1194 1406 1329 1468 liberum
1341 1407 1473 1467 innobis
1484 1408 1599 1469 habere

39 1494 112 1555 tn'um
123 1495 210 1574 primi
222 1495 363 1557 bominis
390 1516 406 1554 a
428 1495 505 1557 adeo
528 1495 661 1558 liberum
687 1497 779 1561 tussa
828 1514 885 1557 nos
907 1497 1081 1572 arbitrium,
1097 1499 1182 1579 quod
1196 1499 1382 1578 generaliter
1396 1504 1517 1561 naturae
1536 1500 1596 1561 bu-

39 1584 121 1661 dett
144 1592 178 1647 ut
202 1586 285 1649 bene
306 1587 385 1649 velle
411 1593 524 1668 posset,
546 1594 578 1649 et
600 1589 693 1652 male.
708 1610 723 1648 o
741 1593 780 1654 Et
827 1605 930 1649 manae
943 1596 1062 1651 creator
1076 1591 1217 1652 inseruit.
1231 1589 1385 1668 »learnt«
1401 1592 1447 1653 Ad
1467 1610 1597 1672 peccan-

38 1685 136 1755 postea:
152 1679 225 1740 cllti
242 1696 320 1758 ergo
334 1680 400 1741 sine
413 1684 539 1759 peccato
554 1679 619 1741 ullo
634 1681 705 1743 data
719 1689 776 1760 est,
827 1679 921 1755 dum,
950 1682 1033 1742 etad
1047 1700 1112 1742 non
1130 1683 1321 1760 peccandum
1339 1683 1495 1762 integrum
1521 1684 1598 1746 libe-

37 1768 216 1849 inquit¹,oum
225 1772 775 1852 quoconditusest,voluntaslibera‚
826 1788 897 1832 rum
922 1772 1037 1834 babere
1064 1791 1121 1833 nos
1141 1773 1304 1835 arbitrium
1318 1774 1449 1848 dicebat,
1471 1776 1530 1836 hoe
1551 1785 1597 1838 est

38 1867 125 1922 eteam
140 1860 208 1923 iecit
220 1864 340 1924 servire
356 1868 490 1943 pacato.
508 1885 523 1922 a
547 1864 672 1927 Nullam
690 1867 776 1928 enim
825 1862 920 1924 nullis
933 1863 1104 1925 obnoxium
1119 1865 1433 1943 perturbationibus»
1451 1884 1490 1928 ex
1504 1885 1548 1944 se,
1559 1875 1596 1929 ut

38 1952 74 2013 ille
94 1953 254 2032 petiebatur
281 1955 539 2035 concupiscentia
564 1956 678 2036 legem,
706 1977 777 2038 qum
825 1955 868 2015 ait
880 1955 1033 2032 dubanus,
1048 1956 1187 2035 adeoque
1201 1957 1335 2019 liberum
1349 1959 1388 2019 ab
1406 1976 1515 2020 earum
1528 1961 1596 2022 vin·

37 2050 145 2106 nentem
168 2046 201 2107 in
224 2046 330 2108 earnis
342 2065 378 2108 ae
393 2049 510 2126 peceati
530 2048 714 2129 obsequium
725 2053 775 2113 vel
824 2046 911 2125 culis,
927 2048 1128 2122 etservitute,
1143 2048 1205 2109 nisi
1228 2055 1384 2127 quantum
1403 2056 1511 2112 nostra
1534 2052 1595 2112 illis

37 2136 147 2210 uuam,
156 2156 190 2198 ac
198 2146 429 2219 repugnantem
439 2146 572 2219 cogeret,
584 2147 620 2202 ut
629 2148 685 2203 etc
698 2144 777 2223 qood
823 2138 984 2200 voluntate
997 2139 1147 2201 cedimus.

38 2228 100 2289 rellet
109 2228 202 2291 mam
216 2278 225 2306 ,
246 2250 310 2291 noa
323 2237 433 2312 operat,
455 2230 534 2313 quod
543 2231 648 2295 odisset
661 2234 773 2298 malum
864 2230 1275 2312 Hinepossibititatem,quod
1284 2230 1387 2309 ipsum
1400 2236 1447 2292 est
1459 2231 1594 2295 liberum

38 2317 98 2380 illud
108 2321 327 2399 sacmt’Quae
337 2325 772 2407 estris,etcoactio,adeoque
821 2322 1002 2399 arbitrium,
1035 2323 1118 2385 idem
1144 2323 1196 2383 ille
1231 2321 1372 2398 Pelagius
1405 2324 1560 2386 asserebat
1568 2325 1592 2403 ⁸,

37 2413 170 2490 apricitas,
184 2419 214 2475 et
226 2414 374 2488 servitus,
396 2415 448 2477 cui
470 2421 516 2477 est
535 2416 700 2479 laudabitis
720 2420 771 2482 illa
824 2414 1014 2493 «cuiusque
1036 2414 1131 2494 partis
1145 2433 1164 2476 a
1178 2415 1241 2475 Deo
1264 2414 1389 2475 maltam
1403 2432 1480 2493 esse,
1507 2417 1594 2477 velut

36 2505 156 2565 undula
177 2505 324 2582 libertas,
353 2507 387 2567 in
412 2525 474 2586 qua
506 2508 627 2588 primus
660 2528 773 2589 parens
820 2507 988 2585 quamdam
1000 2507 1135 2567 radicem
1148 2505 1348 2579 fructiferam,
1375 2511 1468 2586 atque
1484 2507 1592 2570 leotin-

36 2594 216 2672 conditnsest3
232 2615 308 2677 qua
322 2598 449 2678 quidem
463 2599 643 2678 exjustitia,
658 2608 689 2662 et
702 2604 773 2664 aha.
820 2596 911 2672 dam,
949 2616 1019 2676 quae
1054 2614 1090 2658 ex
1122 2598 1283 2658 voluntate
1309 2597 1448 2658 bominis
1470 2599 1590 2663 diversa

36 2684 111 2762 dub,
122 2706 177 2767 qua
194 2689 357 2751 constabat
375 2690 560 2753 innocentior
582 2692 635 2754 ille
661 2699 768 2773 status,
819 2689 936 2767 gignat,
948 2695 979 2750 et
991 2689 1092 2770 pariat
1105 2695 1218 2769 atquae
1233 2690 1328 2769 possit
1340 2691 1381 2751 ad
1393 2692 1510 2771 proprii
1524 2694 1589 2755 eul-

36 2777 168 2842 odcbatur.
819 2779 894 2840 toris
907 2780 1071 2842 arbitrium
1086 2781 1137 2842 vel
1149 2782 1248 2843 nitere
1264 2780 1341 2843 llere
1353 2781 1517 2861 virtutum,
1540 2787 1589 2848 rel

63 2869 100 2938 ll,
119 2872 267 2943 latitat
285 2875 398 2935 amissa
415 2880 539 2955 peceato
556 2893 629 2937 eum
650 2878 770 2956 iustitia
818 2872 956 2934 sentibus
968 2873 1096 2934 horrere
1109 2873 1301 2934 vitiorum.»

36 2965 58 3019 a
74 2961 199 3027 ebarimte
220 2965 363 3043 libertae,
387 2972 419 3027 et
440 2985 586 3047 oppressa
610 2969 767 3048 servitute,
858 2966 928 3027 Vll.
952 2966 1101 3040 Quocirca
1112 2965 1245 3026 liberum
1260 2982 1298 3025 eo
1315 2981 1407 3025 sensu
1425 2964 1589 3028 arbitrium

35 3054 129 3116 nonnbi
149 3057 321 3119 instaurata
344 3076 400 3138 per
422 3060 555 3136 gratiam
573 3059 769 3125 charitatem
817 3057 1019 3137 usurpabant,
1029 3058 1112 3137 quod
1121 3056 1239 3118 nullius
1248 3057 1388 3118 servituti
1401 3062 1481 3118 esset
1493 3058 1589 3123 obno-

33 3141 121 3217 jusitia
142 3158 351 3230 recuperetur.
381 3151 469 3225 Quod
494 3151 674 3231 Pelagiani,
702 3156 768 3217 eine
816 3149 921 3223 xiurn3
939 3167 997 3210 nee
1006 3148 1203 3225 dominantis,
1220 3160 1252 3209 et
1260 3148 1400 3228 urgentis
1411 3149 1588 3228 cupiditatis

35 3237 115 3313 grstia,
125 3240 183 3302 sola
193 3242 333 3303 naturali
347 3242 517 3304 voluntatis
529 3244 560 3304 vi
573 3262 610 3306 aa
621 3244 766 3310 libertate
816 3240 948 3320 imperio
966 3240 1113 3317 subesset
1132 3240 1186 3301 sed
1203 3258 1273 3302 eam
1286 3240 1389 3320 potius
1408 3241 1536 3304 haberet
1553 3244 1586 3304 in

35 3324 83 3387 ficri
92 3329 228 3395 dicebaut.
241 3333 329 3395 Hinc
341 3334 424 3413 apud
434 3335 549 3396 Bedam
562 3336 707 3398 Julianus
715 3338 768 3402 ille
816 3335 975 3412 potestate,
1000 3333 1066 3394 sine
1088 3332 1256 3393 adventitio
1281 3331 1345 3393 ullo
1367 3334 1474 3411 gratim
1496 3334 1585 3414 adju-

36 3415 166 3498 Ptlegiana
177 3431 268 3487 secta
285 3425 429 3488 columen
442 3427 476 3487 in
489 3427 570 3489 libro
580 3429 716 3508 quodam
731 3431 767 3492 de
816 3425 906 3502 torio,
920 3441 1030 3485 verum
1043 3425 1151 3485 innata
1162 3423 1206 3501 vi,
1218 3429 1250 3485 et
1262 3425 1406 3503 naturali,
1421 3444 1484 3505 qua
1495 3444 1587 3507 expe-

36 3508 136 3590 tnae‘,
161 3517 211 3596 qui
228 3518 354 3598 primns
379 3523 446 3579 erat
470 3536 594 3594 eorum,
626 3539 705 3600 quos
733 3523 766 3585 in
816 3517 890 3592 dita,
906 3517 1046 3578 etsoluta
1056 3535 1123 3577 non
1134 3516 1462 3597 minusprolibitouti
1471 3525 1584 3599 posset,

37 3596 154 3666 sutiam
177 3607 373 3671 Cuatr'coram
397 3611 572 3691 scripserat,
598 3619 766 3677 «sanctum
815 3627 910 3689 quarn
937 3609 1056 3669 eaeteris
1083 3608 1122 3668 ab
1154 3608 1263 3670 mem
1293 3608 1442 3670 concessis
1473 3617 1586 3673 natura

34 3692 106 3769 mla,
118 3698 217 3775 aiebat,
233 3721 271 3763 ac
294 3718 481 3779 generosum
493 3721 633 3765 amorem
646 3705 686 3765 ab
698 3706 765 3785 ipso
813 3701 1020 3770 facultatibus,
1031 3721 1043 3758 ι
1054 3701 1152 3777 Patet,
1166 3700 1269 3780 inquit
1277 3700 1316 3762 de
1325 3699 1450 3763 tuliano
1456 3701 1586 3782 loquens

35 3780 88 3845 lucit
102 3791 213 3853 ueruto
240 3799 359 3855 natura
384 3793 565 3856 conciliante
591 3795 761 3871 insitum»
814 3794 908 3870 Beda,
922 3792 1158 3873 qnidhumanas
1175 3792 1304 3853 arbitrio
1327 3792 1490 3870 libertatis,
1508 3794 1584 3874 quid

35 3878 94 3950 quod
107 3881 176 3943 nibil
188 3884 275 3946 aliud
291 3890 347 3958 est,
363 3903 459 3964 quam
472 3887 615 3963 charitas,
640 3888 699 3950 hoc
719 3896 766 3951 ast
813 3885 1046 3965 tribuatgratia
1058 3885 1227 3965 spirituali,
1242 3884 1317 3964 quia
1330 3885 1471 3946 animum
1481 3884 1584 3946 bomi-

34 3962 93 4029 lcar
112 3974 255 4039 voluntas.
272 3977 401 4038 Dicebat
414 3976 597 4040 lcrantorem
624 3987 764 4043 sanetum
813 3978 862 4038 nis
876 3995 932 4058 per
953 3996 986 4039 se
1007 3976 1177 4056 sapientem
1192 3976 1270 4049 lieri,
1287 3993 1385 4056 perse
1399 3976 1582 4055 dignitatem

33 4058 84 4121 ¹⁰li¹
93 4066 306 4131 enuniviribus
325 4070 478 4145 innixum,
485 4089 584 4151 usque
592 4072 632 4132 ad
641 4074 764 4136 senium
813 4070 920 4144 saneti,
938 4070 1116 4149 etgeneresi
1127 4068 1242 4129 amoris
1255 4067 1382 4145 babere,
1396 4086 1452 4148 per
1463 4086 1495 4129 se
1508 4069 1582 4130 huic

33 4149 184 4220 tt'ltedunno
196 4161 419 4242 suipersistere
432 4163 560 4242 vigoris.
573 4166 665 4239 lium,
681 4184 765 4228 amo.
812 4161 912 4222 amori
925 4161 1118 4240 voluptatem
1138 4160 1290 4238 srrbjieere
1309 4159 1428 4237 carnis,
1448 4177 1504 4239 per
1517 4178 1582 4222 sese

33 4257 79 4305 ‘tm
88 4255 228 4325 nubum,
244 4254 327 4314 sicut
342 4253 380 4315 de
394 4272 522 4333 corpore
535 4256 667 4329 trabere,
679 4258 763 4337 quod
812 4253 979 4315 etincitare
988 4252 1027 4312 ad
1039 4253 1198 4328 virtutem,
1214 4257 1245 4312 et
1254 4251 1398 4312 ordinare
1411 4253 1582 4332 appetitum

33 4340 258 4418 ammiratus,
293 4351 325 4406 et
348 4345 486 4425 rapidus,
515 4346 558 4407 ita
580 4347 618 4409 de
642 4351 759 4424 animo,
811 4345 1164 4426 possetestatur.oHuie
1172 4345 1280 4423 generi
1288 4342 1579 4425 libertatisproprie,

33 4429 288 4509 aurearoma,
303 4442 396 4516 atque
405 4438 581 4500 continuus.
596 4459 611 4496 a
624 4440 759 4512 Dicebat,
811 4456 847 4499 ae
859 4438 972 4499 directe
982 4442 1028 4497 est
1038 4436 1180 4517 opposita
1191 4436 1313 4513 coactio,
1329 4453 1400 4516 quse
1413 4437 1521 4498 eadem
1536 4444 1582 4499 est

36 4525 197 4601 tundam,
239 4529 398 4607 quamdiu
424 4528 501 4589 nibil
536 4530 575 4591 de
597 4532 760 4608 gentilitati
811 4535 842 4591 et
855 4530 997 4604 servitus,
1010 4535 1041 4589 et
1063 4527 1234 4607 eaptivitas.
1261 4529 1314 4587 Est
1327 4528 1411 4590 enim
1436 4531 1578 4606 servitus,
1632 4580 1726 4633 OM

33 4608 152 4678 reluctata
174 4620 329 4682 desiderat
340 4621 364 4694 ¹,
389 4621 477 4700 quasi
503 4621 543 4681 ad
556 4622 651 4683 solius
664 4624 760 4684 animi
810 4627 885 4683 uta
911 4619 1145 4682 iurisconsultis
1169 4617 1351 4695 definitur',
1383 4641 1399 4678 a
1425 4622 1581 4701 qusquis
1614 4634 1709 4699 ticcam
1723 4642 1746 4679 a

33 4706 117 4799 ψονειί
131 4710 302 4785 arbitrium,
330 4714 407 4773 etin
433 4712 553 4775 actibus
569 4715 632 4775 suis
646 4715 760 4779 babere
809 4712 1060 4776 dominicalieno
1083 4715 1192 4772 contra
1204 4716 1348 4773 naturam
1371 4711 1544 4791 subjicitur,
1563 4735 1576 4771 ι
1602 4696 1754 4838 j,}‘{{'¹p¹,?,⁸r,.

29 4798 223 4890 iucunditatem,
252 4810 291 4865 ut
316 4804 556 4884 perturbationis
570 4807 756 4883 immunem,
808 4807 841 4868 id
854 4810 970 4881 auum,
986 4803 1069 4884 quod
1090 4809 1135 4864 est
1157 4808 1266 4863 oontm
1287 4810 1444 4881 naturam,
1466 4804 1579 4866 violeu—
1615 4805 1683 4839 ΝΜ
1696 4802 1739 4841 ‘⁰⁵·

30 4887 288 4957 testantibcuata
294 4895 493 4975 gaudentem.
503 4897 592 4971 Quod
598 4904 645 4959 est
653 4906 759 4978 aperte
809 4906 881 4973 tum,
898 4902 930 4957 et
943 4904 1072 4957 eoactum
1085 4894 1208 4958 dieitur.
1226 4895 1264 4955 Et
1274 4895 1401 4974 quidem
1415 4896 1441 4956 is
1455 4898 1579 4977 proprie

29 4971 111 5053 Μ,
123 4986 200 5064 quia,
215 4988 352 5065 exeeptis
364 5006 436 5067 quaa
450 4989 490 5049 ad
502 4989 603 5051 carnis
615 4990 756 5053 stimulos
811 4991 915 5066 servit,
937 5007 1001 5050 uon
1015 4987 1070 5068 qui
1084 4987 1172 5049 altari
1197 4986 1365 5066 imperanti
1388 4988 1578 5067 obsequitur,

28 5070 160 5149 lertinent,
173 5078 206 5139 in
219 5080 349 5141 arbitrio
362 5080 402 5141 sit
415 5080 512 5141 animi
529 5082 627 5142 nostri
648 5083 753 5158 situm,
806 5083 859 5161 sed
873 5081 1132 5160 sieobtemperat,
1148 5079 1228 5156 ut,si
1242 5078 1374 5167 nolit,[vi
1388 5079 1471 5159 adigi
1485 5081 1581 5161 possit

48 5229 201 5302 ’madon
226 5241 341 5295 abira:
357 5243 459 5308 mutat
480 5243 604 5310 voluptate
627 5243 689 5313 (bae
704 5259 759 5299 oer-
806 5245 877 5300 rectio
891 5259 934 5299 osc
948 5242 1108 5311 nmoudptis
1121 5255 1164 5297 aee
1176 5240 1243 5295 bouis
1257 5239 1393 5295 editoribus
1406 5242 1532 5370 topcitppt)F

43 5421 133 5471 tuac
144 5431 237 5486 occat
251 5436 273 5477 ιι
287 5438 342 5487 aa.
356 5445 405 5489 ap.
415 5445 473 5478 ιι-
484 5433 499 5476 a
512 5433 569 5478 rere.
580 5445 629 5490 cp.
641 5446 706 5480 ιιι-
716 5436 804 5479 auom.
820 5446 859 5486 va,
872 5436 933 5480 ro.-
945 5434 958 5478 ι
972 5431 1286 5478 marcomanorum.
1303 5428 1413 5474 rnre-e
1428 5430 1483 5474 aaa
1495 5430 1578 5474 urc-

23 5478 79 5526 tut
88 5485 97 5529 t
106 5488 129 5532 dc
139 5491 234 5536 utari.
246 5494 369 5550 apndlug.
383 5497 400 5540 l.
411 5496 438 5539 ds
450 5497 511 5541 drot.
523 5496 596 5541 Gtrb.
608 5508 628 5540 c.
639 5509 745 5541 nurum
755 5496 836 5540 ’tidem
848 5496 924 5551 Pstsg.
937 5496 960 5540 in
972 5508 1006 5551 ep.
1022 5496 1050 5540 sd
1061 5497 1135 5540 leaeo.
1146 5493 1204 5549 opud
1214 5493 1272 5549 Aug,
1280 5492 1306 5535 dc
1314 5492 1375 5537 orat
1388 5492 1460 5537 t'trts.
1469 5503 1542 5535 ιιιιιι
1550 5513 1578 5523 -

21 5540 92 5599 ΗΜ
104 5551 188 5607 legun.
201 5555 227 5599 de
239 5557 300 5602 (έναι
312 5558 391 5602 ΟΜ.
402 5569 452 5614 cap.
467 5559 583 5602 nun-t
597 5559 645 5604 lib.
660 5559 694 5609 rt,
708 5559 745 5615 5¹
757 5561 783 5605 de
797 5561 862 5606 stato
872 5561 931 5603 tom.
