3932 6172
367 357 429 420 280
871 357 1197 422 usmmstcouutt
1218 357 1435 422 occultunt

368 540 442 585 rum
454 529 633 585 nostrarum
657 524 775 586 malum
802 525 836 586 in
850 542 907 586 nos
924 524 1137 586 fraudulenter
1187 524 1231 585 ris
1244 530 1389 600 mortem3
1405 524 1458 586 sed
1482 524 1509 586 si
1534 524 1595 586 hoc
1619 524 1900 608 feruntcarnique·

369 615 540 690 infudisset,
554 617 689 678 necideo
702 617 788 680 locus
808 617 942 698 amplius
954 617 1037 678 bono
1051 617 1138 678 relic·
1187 617 1260 678 dam
1273 617 1399 678 felicitas
1425 618 1601 694 adderetur,
1630 619 1809 680 minueretur
1826 627 1901 683 auhn

370 713 421 768 tus
434 706 533 783 esset3
550 708 681 770 obhanc
701 728 836 785 eausam,
852 728 892 770 ne
905 710 1034 770 insitum
1047 709 1137 770 nobis
1187 708 1259 770 fidei
1276 710 1433 771 tortitudo.
1461 711 1512 771 Sic
1537 712 1621 771 enim
1650 710 1785 771 homines
1805 718 1901 776 marten

370 799 482 859 vitium
505 806 710 880 perennaret,
737 801 858 862 meliori
869 802 1072 882 providentia,
1084 819 1138 861 vas
1186 801 1278 862 istem
1290 803 1412 874 timent,
1423 807 1460 862 ut
1472 821 1538 863 non
1547 802 1587 862 ob
1601 802 1683 863 aliud
1695 802 1790 864 felices
1801 804 1902 865 durent

371 891 410 951 ad
423 896 545 971 tempus
557 897 657 953 morte
671 893 858 967 dissolvitur,
873 903 920 969 ut,
935 893 1037 972 elapsa
1050 893 1138 953 vitio
1187 911 1253 954 esse
1262 894 1469 970 Christianos,
1484 894 1544 955 nisi
1558 896 1640 974 quod
1653 894 1731 955 mori
1743 896 1851 957 omnino
1860 915 1902 958 non

371 982 469 1059 sitate,
485 984 624 1045 humana
633 990 744 1046 natura
754 986 951 1061 reformetur,
962 984 1137 1046 etabomni
1187 991 1321 1065 possent.
1339 988 1450 1065 Asper
1470 986 1530 1047 hoc
1543 1004 1636 1047 nemo
1659 992 1779 1066 propter
1795 986 1902 1048 illand-
1941 1048 1942 1057 .

370 1072 440 1136 labe
466 1075 585 1137 sineere
605 1077 639 1137 iu
650 1078 746 1138 vitam
760 1077 923 1158 pristinam
935 1078 1134 1137 instauretur.
1187 1083 1262 1152 tum,
1274 1097 1345 1158 quae
1357 1085 1426 1158 post
1435 1081 1525 1140 istam
1537 1085 1671 1140 mortem
1683 1078 1768 1140 beata
1778 1078 1902 1155 futuraest,
1941 1080 1942 1099 ³

371 1165 436 1229 Hoc
449 1169 534 1251 enim
544 1172 728 1231 resurreetio
743 1170 800 1230 sibi
812 1170 900 1241 vult,
916 1175 951 1230 ut
964 1170 1004 1229 sit
1016 1174 1136 1230 naturae
1187 1188 1244 1249 per
1257 1171 1403 1232 virtutem
1412 1172 1507 1232 etiam
1515 1171 1745 1233 contemnenda
1756 1171 1838 1250 ipsius
1846 1189 1903 1232 nor·

369 1267 483 1322 nostre
497 1262 634 1342 priorem
645 1263 679 1323 in
693 1268 808 1323 statum
820 1262 984 1323 restitutio.
1002 1263 1136 1335 Quamo-
1187 1261 1226 1322 tis
1248 1263 1288 1323 ad
1308 1263 1418 1323 Christi
1430 1263 1562 1341 gratiam
1575 1262 1745 1338 festinaret,
1757 1263 1804 1324 sed
1814 1271 1905 1343 propter

367 1350 468 1429 brem,
483 1354 510 1414 si
522 1353 710 1433 impossibile
724 1358 780 1432 est,
794 1360 940 1415 naturam
953 1353 1065 1414 melius
1077 1354 1137 1413 ius
1187 1355 1408 1416 removendam
1420 1355 1529 1416 mortis
1537 1355 1710 1416 molestiam
1718 1354 1855 1415 debeatius
1863 1373 1905 1415 cre-

367 1445 485 1506 taurari
498 1445 566 1506 sine
579 1446 815 1523 resurreetione,
843 1446 911 1507 haec
924 1451 1049 1521 autem,
1076 1445 1137 1506 nisi
1188 1446 1313 1507 deretur
1326 1448 1361 1508 in
1375 1447 1542 1508 Christum.
1560 1447 1634 1511 Plus
1648 1465 1720 1526 ergo
1738 1447 1830 1521 gratia
1842 1465 1906 1524 pras

367 1554 452 1597 mors
480 1537 678 1599 antecesserit
694 1584 701 1607 ,
730 1538 800 1598 fieri
828 1548 892 1597 non
906 1538 1026 1617 possit;
1054 1536 1138 1598 bona
1187 1537 1267 1613 titit;
1283 1538 1352 1618 plus
1365 1538 1508 1599 fidelibus
1521 1539 1584 1599 suis
1598 1539 1664 1599 sine
1688 1538 1856 1599 dubitatione
1870 1538 1906 1598 do

366 1628 476 1707 utique
490 1646 574 1690 mors
587 1635 643 1705 est,
658 1648 728 1708 quae
753 1628 936 1689 mutationis
961 1628 995 1689 in
1025 1628 1138 1689 melius
1188 1630 1283 1689 navit.
1299 1631 1380 1696 Quid
1391 1632 1476 1692 enim
1489 1649 1641 1710 magnum
1654 1636 1720 1691 erat
1731 1630 1854 1698 videndo,
1864 1648 1907 1690 non

365 1718 492 1782 initium
503 1720 593 1782 nobis
605 1722 651 1795 fit,
668 1728 700 1782 et
711 1723 795 1783 viae.
812 1744 824 1780 υ
1188 1721 1269 1782 mori
1280 1740 1344 1797 eos,
1359 1723 1414 1801 qui
1427 1723 1608 1798 crederent,
1624 1723 1745 1784 credere
1764 1739 1792 1782 se
1804 1739 1907 1781 noune

405 1812 459 1873 ΧΙ.
475 1814 562 1874 Hauc
577 1815 720 1875 eamdem
734 1813 833 1875 divini
847 1812 966 1873 consilii
980 1810 1138 1872 solertiam
1187 1813 1345 1873 riturum‘t
1361 1816 1482 1888 Quanto
1496 1820 1543 1875 est
1556 1814 1679 1892 majus,
1704 1812 1907 1893 quantolortins,
1943 1874 1944 1895 ς

366 1906 500 1985 copiosa,
516 1911 548 1966 et
560 1906 695 1985 eleganti
711 1906 850 1967 oratione
864 1904 1060 1984 prosequitur
1074 1905 1138 1964 Me·
1188 1910 1305 1983 quanto
1319 1905 1513 1980 laudabilius,
1529 1907 1572 1966 ita
1584 1905 1729 1979 credere,
1752 1911 1785 1965 ut
1799 1921 1826 1964 se
1837 1909 1908 1981 spuet

365 1996 491 2057 thodius
502 2004 624 2077 martyr
636 1998 720 2078 apud
733 1997 944 2076 Epiphaniam
958 2002 1064 2057 eontra
1073 1997 1139 2059 Ori-
1188 1996 1358 2057 moriturus
1367 1998 1433 2059 sine
1446 1997 1509 2058 fine
1523 1996 1702 2058 victurum?
1715 2016 1730 2054 u

365 2105 479 2166 genem
487 2088 649 2168 disputans
662 2089 701 2150 de
714 2089 937 2150 resurrectione
951 2106 1135 2169 corporum;
1229 2089 1277 2148 lta
1290 2088 1443 2150 Macarius
1462 2089 1591 2151 homilia
1604 2106 1656 2150 κν.
1676 2109 1691 2147 a
1718 2086 1749 2148 Si
1759 2086 1907 2161 immortalis,

366 2179 421 2241 ubi
434 2179 558 2240 artitlcis
576 2180 777 2241 similitudine
790 2181 908 2257 utitur,
935 2181 990 2260 qui
1003 2186 1137 2241 statuam
1189 2177 1302 2258 inquit,
1318 2182 1530 2255 essethomo,
1551 2186 1582 2242 et
1605 2181 1779 2260 incorrupto
1800 2195 1907 2256 corpore,
1944 2256 1945 2265 ἵ

367 2290 405 2333 ex
419 2289 495 2332 auro
505 2270 623 2332 affabre
637 2271 762 2350 iactam,
780 2292 815 2335 ac
831 2272 963 2333 subinde
977 2272 1135 2349 foedatam,
1190 2288 1262 2332 cum
1271 2289 1339 2333 rem
1349 2290 1476 2349 novam,
1492 2278 1523 2332 et
1536 2272 1750 2333 admirabilem
1762 2275 1832 2331 totus
1843 2286 1908 2328 nun·
1944 2272 1945 2331 ί

367 2369 585 2444 eteonuptam
597 2364 723 2425 reficere
738 2364 998 2445 volens,primum
1006 2364 1135 2441 conflat,
1189 2363 1247 2424 dus
1272 2365 1414 2442 videret,
1438 2383 1503 2425 nou
1521 2363 1689 2444 ,corrumpi
1714 2362 1909 2425 Christianorum

366 2474 403 2517 ac
415 2456 613 2535 liquefactam
639 2457 775 2533 resolvit,
797 2462 834 2518 ut
846 2456 958 2517 deinde
971 2456 1147 2537 pristinum·
1190 2473 1335 2535 corpora3
1358 2457 1493 2536 quadam
1507 2457 1700 2532 necessitate,
1714 2453 1910 2517 nonvotuuats

366 2549 546 2617 instatum,
561 2550 724 2610 autetiam
738 2549 901 2611 meliorem
914 2547 1055 2627 refingat.
1189 2548 1347 2627 proposito
1374 2549 1414 2609 ad
1439 2553 1565 2609 tantum
1591 2549 1713 2609 bonum
1734 2546 1908 2627 aspiraret»

407 2641 1136 2721 Gregoriusquoqueltezianzenusorationenn,
1190 2639 1429 2719 Chrysostomus
1458 2640 1587 2701 homilia
1614 2657 1651 2701 xo
1675 2640 1750 2700 tomi
1763 2636 1857 2717 plinii,
1868 2634 1909 2695 010·
1945 2662 1946 2723 ί

368 2737 505 2793 mortem
524 2732 559 2792 in
585 2750 658 2794 eum
684 2732 781 2794 finem
801 2735 897 2794 aDeo
910 2732 1060 2793 inflictam
1073 2751 1139 2795 csse
1189 2737 1298 2806 gauter
1312 2731 1397 2792 deea
1413 2750 1447 2793 re
1456 2732 1588 2807 disserit,
1609 2736 1727 2811 quanto
1741 2730 1791 2791 Dei
1800 2726 1910 2789 beneficio
1945 2728 1946 2739 ¹

368 2819 454 2901 dicit,
468 2845 484 2881 ο
497 2830 534 2885 ut
541 2842 582 2885 ne
592 2824 767 2886 immortale
781 2829 860 2886 esset
882 2825 916 2884 in
928 2824 1057 2887 homine
1072 2843 1138 2886 ma·
1189 2841 1274 2884 mors
1287 2824 1497 2885 inhominum
1517 2824 1719 2885 commodum
1738 2822 1775 2882 sit
1791 2836 1910 2881 convena.

367 2914 446 2977 lum.
463 2915 794 2997 Itaiubenignitatem
820 2917 1116 2997 poenaoonvertitur
1128 2937 1137 2994 ;
1190 2915 1350 2996 Philippus
1363 2915 1438 2976 item
1451 2916 1556 2977 Abhas
1571 2917 1665 2976 Bonae
1681 2915 1761 2995 Spei,
1774 2913 1911 2993 capitano

368 3007 636 3089 sioenimpunire
649 3010 752 3070 Deum
766 3008 900 3069 arbitror
915 3007 956 3069 ί.»
974 3008 1139 3070 SicTheo-
1189 3006 1242 3082 ait,
1268 3007 1459 3069 «hominem
1488 3005 1912 3081 murcomannum

368 3100 505 3177 duratus,
537 3121 552 3159 ο
579 3100 769 3162 medicinam
792 3101 836 3163 eit
849 3118 926 3175 esse,
941 3119 1007 3162 non
1020 3101 1139 3181 suppli·
1189 3103 1351 3179 pematum
1365 3117 1487 3179 semper
1495 3099 1620 3173 vivens,
1637 3105 1670 3161 et
1682 3115 1796 3178 semper
1807 3109 1911 3176 ροοονυυ,

369 3191 454 3252 oium
463 3202 486 3267 ⁰3
502 3213 517 3250 ο
534 3192 618 3272 quod
628 3198 659 3254 et
669 3194 758 3254 Titus
768 3191 950 3255 Bostrensis¹
965 3198 1037 3254 ente
1051 3193 1140 3254 illum
1190 3208 1312 3269 semper
1326 3191 1472 3253 miseram
1483 3191 1610 3252 duceret
1626 3191 1760 3252 vitam.»
1946 3188 1947 3193 ’

370 3283 458 3346 dixit.
474 3284 634 3346 Zacharias
647 3303 772 3365 quoque
786 3284 1006 3365 Mitylenaeus¹
1031 3285 1065 3346 iu
1079 3284 1140 3345 dis-
1231 3283 1301 3347 XII.
1319 3284 1381 3345 Sed
1394 3284 1433 3345 de
1454 3289 1519 3345 toto
1532 3283 1659 3344 dierum
1673 3300 1726 3344 sex
1746 3298 1828 3359 opere
1838 3277 1913 3338 hrcle

370 3376 531 3456 putatione
556 3376 591 3437 de
610 3376 717 3438 mundi
742 3376 872 3459 Opifieio
885 3377 1020 3456 idipsum
1031 3376 1138 3454 tradit,
1191 3393 1265 3450 nus3
1289 3393 1363 3436 nam
1377 3382 1489 3437 eaetera
1502 3393 1573 3454 quae
1586 3375 1733 3455 deinceps
1755 3374 1912 3436 smtsauta

372 3472 403 3529 et
416 3468 618 3530 similitudine
645 3470 726 3531 vasis
749 3469 902 3549 explicat,
926 3475 962 3530 ut
983 3475 1014 3531 et
1031 3469 1141 3551 Glyeas
1190 3468 1276 3528 velut
1285 3467 1442 3547 Serpentis
1455 3486 1527 3529 cum
1536 3466 1671 3529 muliere
1690 3463 1846 3538 collocutio,
1857 3459 1913 3538 ejus

371 3560 427 3640 qui
439 3560 708 3639 chrysostomum,
724 3568 755 3622 et
764 3562 911 3623 Basiliam
924 3562 1010 3623 citat.
1190 3578 1251 3639 que
1264 3560 1383 3639 lapsus,
1412 3566 1443 3620 et
1456 3565 1526 3640 post
1539 3559 1620 3619 hane
1636 3558 1757 3633 Adami,
1771 3575 1803 3617 ac
1813 3570 1869 3634 qua
1878 3567 1913 3610 co·

411 3652 591 3714 (iurantem
616 3653 756 3713 Christus
780 3652 975 3714 credentibus
988 3653 1139 3713 inselar·
1191 3653 1422 3732 demspectant,
1437 3653 1583 3712 intrasex
1596 3651 1668 3711 illos
1688 3650 1752 3711 dies
1762 3640 1915 3724 meoiudicio

370 3743 431 3822 giri
443 3743 525 3805 istud
538 3744 650 3822 noluit,
663 3750 699 3805 ut
711 3763 751 3806 ne
760 3750 894 3806 mortem
913 3745 1138 3824 experirentur,
1190 3761 1256 3805 uon
1279 3745 1487 3805 eontinentur.
1517 3743 1569 3803 Est
1594 3742 1656 3804 hoc
1675 3740 1796 3822 quidem
1807 3735 1915 3833 dubium

200 3872 244 3917 0„
265 3871 347 3916 mm„
371 3854 496 3898 eausam
517 3837 562 3898 ita
584 3836 705 3898 dusent
728 3837 919 3916 Augustinus
932 3837 966 3898 in
993 3836 1073 3898 libro
1097 3855 1142 3897 se
1191 3853 1249 3897 nec
1270 3835 1399 3896 omnino
1422 3839 1643 3914 compertum,
1673 3838 1786 3915 quanto
1808 3834 1918 3906 tenpore

233 3932 319 4036 ὣς»)
371 3928 474 3990 cundo
489 3926 525 3990 de
547 3938 733 4010 moruorum
747 3928 886 4005 meritis,
912 3936 940 3990 et
962 3928 1138 4003 remissione,
1191 3927 1289 4007 spatio
1302 3927 1335 3987 in
1350 3927 1547 4006 voluptuario
1561 3925 1778 3988 illodomicilio
1791 3967 1798 3997 ‚
1811 3927 1838 3981 et
1853 3921 1917 3978 inno

199 4033 341 4079 mentitu
371 4020 949 4103 repitennupueratdnquitetiam
957 4016 1142 4081 hoedonare'
1191 4021 1288 4081 centis
1300 4019 1371 4081 ritae
1394 4024 1475 4080 statu
1498 4018 1592 4099 primi
1605 4020 1706 4080 nostri
1719 4019 1919 4098 parentatum

213 4099 331 4187 efflat.
371 4115 577 4193 credentibus,
585 4119 622 4176 ut
634 4131 693 4176 uec
706 4114 793 4175 istius
804 4114 1019 4194 experirentur
1031 4131 1140 4194 corpo·
1192 4111 1299 4187 serint;
1314 4111 1496 4191 variantque
1508 4111 1547 4173 de
1560 4111 1797 4191 coconjectura.
1808 4100 1920 4167 θαοοιίυ

406 4338 427 4377 a
446 4321 536 4379 Gneo.
551 4320 666 4378 Nrsssn.
686 4333 727 4375 or.
743 4322 776 4374 in
794 4320 870 4374 Fue.
884 4316 985 4389 pulch.
1004 4316 1080 4371 otto
1094 4317 1142 4390 γὰρ
1191 4316 1356 4378 ἀναστάσεως·
1374 4315 1480 4369 θανάτου
1501 4313 1528 4368 δὲ
1549 4314 1582 4385 μὴ
1604 4314 1811 4387 apameno,
1824 4278 1922 4403 ΜΨ(

369 4406 433 4459 ἄλλο
452 4405 476 4458 τί
499 4402 581 4467 ἔστιν,
606 4401 644 4458 ἐπ’
658 4402 819 4475 ἀνθρώπωνθ
836 4402 951 4468 θάνατος,
975 4400 997 4454 εί
1011 4401 1043 4473 μὴ
1058 4401 1142 4464 κακίας
1190 4401 1301 4473 γενέσθαι
1313 4398 1342 4454 σθ
1357 4399 1467 4462 diverat,
1483 4396 1572 4470 ἀγαθὸν
1589 4400 1618 4450 ἂν
1636 4397 1675 4466 εἴη
1689 4398 1704 4451 6
1717 4383 1922 4461 θάνατυςᾸνχνίῑί

369 4489 509 4561 καθάρσιον.
529 4486 631 4554 Ἐπειδὴ
642 4486 689 4559 γὰρ
703 4480 758 4540 οἷόν
775 4505 798 4539 τι
812 4479 897 4547 σκεῦος
921 4482 1018 4555 ἀγαθῶν
1035 4484 1142 4537 δεκτικὸν
1191 4483 1247 4545 tet<
1260 4487 1303 4551 τῆς
1324 4482 1386 4553 πρὸς
1406 4483 1436 4534 τὸ
1457 4483 1566 4553 κρεῖττον
1591 4481 1729 4552 μεταθολῆς
1747 4478 1801 4549 ἡμίν
1816 4472 1920 4545 prim·

370 4572 400 4628 rb
414 4572 469 4624 κατ’
487 4568 565 4643 ἀρχὰς
584 4568 600 4637 ἡ
621 4569 689 4638 plere
701 4567 772 4640 ἡμῶν
789 4566 855 4640 παρὰ
867 4561 912 4621 τοῦ
932 4568 987 4621 θεοῦ
1002 4573 1053 4622 τῶν
1076 4566 1142 4619 ὅλων
1192 4566 1262 4622 Vide
1272 4565 1404 4621 eumdem
1416 4568 1448 4621 iu
1461 4563 1583 4621 Gutuclr.
1594 4579 1655 4634 cap.
1674 4578 1731 4619 sur.

370 4655 559 4721 κατεσκευάσθη.
575 4656 619 4706 roi
634 4649 660 4704 δὲ
679 4649 766 4723 ίχθροῦ
780 4656 829 4705 τῶν
842 4651 928 4724 ψυχῶν
942 4651 1015 4722 ἡμῶν
1030 4648 1063 4703 δι’
1080 4647 1143 4702 ἀποί-
1228 4649 1245 4704 b
1264 4649 1391 4706 Ntztsnz.
1405 4647 1465 4701 Ἵνα
1479 4646 1512 4720 μὴ
1523 4646 1641 4701 ἀθάνατον
1654 4643 1709 4720 ᾔτδ
1721 4645 1798 4705 κακόν·
1810 4640 1844 4692 καί
1854 4637 1921 4708 ptum

370 4742 415 4807 τῆς
433 4738 462 4792 rb
475 4728 620 4807 κακθνὴμῖν
639 4735 827 4806 repugnator,
848 4735 877 4786 τὸ
892 4733 980 4804 ἇγαθδν
995 4735 1079 4807 χώραν
1099 4731 1143 4786 οὔκ
1190 4729 1392 4803 φιλανθρωπίαὴ
1420 4729 1534 4802 τιμωρία.
1550 4730 1615 4783 οθτω
1640 4727 1688 4801 γὰρ
1710 4725 1813 4797 πείθομαι
1835 4718 1921 4778 κνλίίῑθ

372 4821 455 4896 ἔσχεν·
484 4820 571 4874 τούτου
601 4817 697 4881 ἕνεκεν,
722 4816 755 4878 ὡς
774 4817 803 4867 ἂν
831 4814 864 4887 μὴ
893 4817 1017 4887 θιαιωνιζῃ
1045 4815 1105 4887 ἡμῖν
1126 4814 1142 4883 ἡ
1190 4812 1254 4867 θεόν.

372 4903 489 4978 inpostea
499 4902 582 4965 κακία,
592 4899 696 4972 προνοίᾳ
703 4899 822 4972 κρείττονι
836 4897 934 4969 θανάτῳ
947 4897 977 4951 rb
991 4901 1075 4961 σκεῦος
1083 4898 1142 4971 πρθς
1227 4911 1242 4950 c
1261 4897 1367 4952 Tuben.
1391 4894 1501 4968 ’ἰατρεία
1516 4894 1595 4948 τοίνυν
1608 4893 1623 4948 6
1637 4895 1750 4957 θάνατος,
1764 4890 1791 4944 oti
1805 4883 1896 4959 τιμωρία

373 4987 456 5060 καιρθν
470 4985 604 5047 desilierat,
618 4983 660 5035 ἵνα
673 4986 716 5049 τῆς
729 4982 812 5044 κακίας
827 4977 949 5052 ἔκρυείσης
958 4979 1102 5053 ἀναπλασθῇ
1114 4980 1143 5034 rb
1227 4978 1249 5034 d
1269 4980 1372 5035 Macen.
1392 4977 1462 5034 Elei
1476 4978 1594 5039 ἀθάνατος
1609 4973 1639 5045 ἦν
1656 4977 1671 5030 6
1688 4976 1813 5048 ἅνθρωπος,
1833 4968 1867 5021 καί
1877 4960 1922 5017 καθ

374 5069 537 5142 ἀνθρώπινον,
551 5066 592 5121 καί
607 5065 692 5139 ἀμιγὲς
705 5064 789 5126 κακίας
802 5069 839 5136 τῷ
851 5062 875 5125 ἔξ
892 5063 970 5137 ἀρχῆς
984 5063 1142 5137 ἀποκαταστῇ
1191 5061 1220 5114 rb
1234 5068 1307 5134 σῶμα
1319 5063 1449 5134 ἄφθαρτος,
1464 5061 1559 5133 βλέπων
1575 5061 1631 5123 libor
1644 5059 1659 5114 6
1672 5061 1763 5130 κόσμος
1777 5057 1804 5109 td
1816 5044 1921 5122 παρθνίθ

375 5154 431 5225 βίῳ.
447 5155 520 5206 τοῦτο
533 5152 581 5224 γάρ
596 5147 659 5203 ἔστιν
673 5148 689 5217 ἡ
707 5147 847 5211 ἀνάστασις,
861 5145 877 5214 ί]
893 5146 925 5209 είς
938 5147 968 5201 τὸ
985 5145 1088 5219 ἀρχαῖον
1099 5149 1143 5214 τῆς
1191 5146 1397 5217 τοῦπράγματος,
1413 5146 1451 5198 ὅτι
1462 5143 1495 5216 μὴ
1503 5143 1624 5216 φθείρεται
1633 5141 1664 5196 τὰ
1674 5150 1777 5213 σώματα
1787 5142 1831 5190 τῶν
1837 5134 1921 5203 ipone

374 5238 468 5308 φύσεως
487 5233 558 5307 ἡμῶν
583 5231 793 5305 ἀναποιχείωοις.
814 5229 835 5284 εἰ
856 5224 899 5284 obv
919 5228 1048 5303 ἀμήχανόν
1077 5226 1142 5283 ίοτιν
1191 5234 1251 5292 νῶν,
1267 5228 1361 5302 ἀνάχκῃ
1375 5228 1455 5281 τοίνυν
1470 5226 1526 5291 τινί,
1547 5225 1603 5278 ἀλλ’
1622 5225 1670 5297 οὐχ
1691 5209 1921 5291 hauriendarum&

375 5316 607 5392 θναστοιχειωθῆναι
629 5316 689 5389 πρὸς
714 5315 744 5370 το
768 5317 877 5386 κρεῖττον
903 5311 948 5381 τὴν
976 5313 1046 5385 φύσιν
1067 5311 1144 5385 χωρίς
1191 5309 1221 5365 τθ
1234 5311 1323 5382 ἀγαθον
1338 5310 1467 5383 dedaste.

402 5508 414 5551 t
427 5506 475 5552 le.
486 5503 514 5551 11.
528 5506 586 5549 cont.
597 5503 655 5547 Ιακ,
665 5507 717 5549 un.
730 5499 757 5548 ill
766 5500 823 5546 sut.
836 5500 896 5546 Patr.
909 5499 953 5544 ool.
964 5497 1066 5545 tot-i
1079 5498 1140 5543 ton.
1158 5497 1167 5544 l
1180 5497 1237 5542 etot.
1250 5496 1311 5542 Patr.
