4096 6166
698 444 817 507 unua
838 442 956 518 unus,
978 441 1064 502 cta.
1087 442 1130 502 x.
1649 441 1707 501 cat

116 604 166 663 lix
178 601 241 665 aar
253 609 360 668 eutem
372 607 442 669 idco
454 607 530 669 dicit
542 607 703 690 justificavi
716 609 890 681 hominem,
942 610 1013 679 trat,
1031 605 1421 683 acrude,iuchcatunu1ue
1444 609 1503 677 sse
1524 603 1577 665 aad
1590 621 1710 684 operam

117 710 185 755 nou
198 713 237 755 ex
250 698 406 776 operibns,
427 700 501 779 quia
524 702 589 782 ipsa
607 702 709 781 prima
731 702 834 775 datur,
854 710 893 761 err
941 699 1092 774 meritam,
1120 716 1156 758 ac
1182 696 1438 777 perfectissimum
1460 712 1499 756 cx
1523 694 1599 773 legis
1617 695 1712 757 totius

117 804 183 865 qua
202 787 409 868 impetrentur
425 797 547 866 catera,
564 811 634 873 quar
648 794 773 873 proprie
797 808 893 871 opera
941 789 1089 869 operibus
1102 795 1231 862 constet,
1252 787 1341 866 legis,
1356 787 1496 867 inquam,
1512 805 1578 848 non
1592 788 1711 849 servilis

116 887 353 961 nuncupantur,
368 883 402 945 ln
412 884 524 963 quibus
534 886 617 964 jaste
631 886 757 948 vivitur.
773 907 789 945 a
807 887 846 947 tet
859 887 892 946 in
941 899 1036 959 quam
1057 881 1221 961 Apostolus
1238 896 1397 957 opponere
1418 879 1524 957 gratia
1545 878 1622 939 solet
1630 900 1643 948 ,·
1657 880 1711 941 scd

117 972 249 1050 epistola
284 991 335 1037 or.
377 978 518 1057 «Opera
543 978 659 1058 qnippe
691 978 774 1040 bona
797 978 890 1051 flunt,
941 973 1026 1047 novi,
1041 973 1087 1030 uti
1101 970 1387 1047 dixi,l'estamenti;
1403 977 1554 1050 qnatenus
1567 971 1600 1031 in
1614 972 1710 1033 animi

117 1064 231 1143 iuquit,
247 1065 287 1126 ab
300 1067 443 1142 homine3
453 1069 530 1131 fides
543 1075 648 1131 autem
657 1071 693 1131 fit
705 1070 739 1131 in
751 1070 889 1145 homine,
939 1061 1108 1139 Ps⁰l>⁰⁸il⁰2
1131 1080 1166 1122 ³⁰
1189 1061 1392 1123 dflsfissdtmssd
1416 1064 1508 1124 11⁰ssae
1530 1063 1707 1137 lelmtfldb

115 1155 186 1216 sine
199 1175 261 1235 qua
274 1158 328 1220 illa
341 1178 360 1220 a
373 1161 459 1222 nullo
474 1161 555 1223 fiunt
567 1163 707 1224 hmine,
720 1184 750 1231 »ι
939 1169 1035 1230 opera
1045 1153 1151 1213 omnia
1165 1153 1344 1215 Christiane
1358 1154 1445 1234 legis,
1460 1161 1491 1217 et
1509 1154 1610 1217 officia
1621 1155 1711 1217 nobis

158 1249 227 1312 vll.
240 1251 306 1323 Qua
315 1251 350 1312 in
361 1270 396 1313 re
409 1254 608 1333 cogimndum
621 1254 697 1315 illud
708 1260 765 1326 est,
776 1250 893 1329 duplici
940 1244 1131 1323 temptatam
1143 1246 1236 1306 Deus·

111 1339 239 1404 ‚ratione
255 1344 425 1421 perlectum
451 1345 540 1422 illud,
563 1348 749 1426 proprieque
774 1342 891 1404 dictum
980 1336 1138 1409 Qumitddt
1155 1355 1227 1398 dum
1242 1344 1271 1398 θῑ
1285 1338 1433 1398 melitum
1454 1336 1577 1417 ΡΓΟΡΡῙΘ
1592 1356 1709 1417 Operm,

116 1433 266 1493 meritum
289 1436 432 1510 ,lampasi
450 1456 551 1513 posse,
572 1438 655 1513 quod
675 1436 742 1494 sina
759 1434 889 1512 justitia,
940 1426 1005 1486 sive
1017 1428 1105 1505 operi
1130 1429 1327 1508 respondeat,
1344 1447 1446 1507 neque
1460 1428 1634 1505 credulitas,
1657 1437 1711 1492 aut

117 1529 148 1581 et
173 1524 322 1581 alteritate
346 1522 470 1585 nullum
492 1531 548 1586 est,
577 1524 720 1603 Duobus,
748 1526 889 1604 inquam¹
942 1520 1044 1598 operis
1056 1518 1193 1581 faciundi
1206 1521 1363 1597 voluntas,
1379 1521 1495 1582 nedum
1510 1521 1581 1581 fidei
1595 1540 1631 1582 ac
1645 1541 1712 1583 cre·

117 1610 222 1670 modis
228 1611 392 1688 justificari
410 1633 449 1676 aa
470 1615 560 1677 bonis
579 1617 725 1695 operibus
744 1618 891 1680 mountur
941 1610 1080 1673 dulimtis
1105 1612 1240 1691 initium,
1265 1613 1365 1674 adhuc
1391 1614 1425 1675 in
1452 1630 1531 1692 opus
1551 1616 1711 1675 communi

117 1700 279 1779 hominem
307 1707 538 1785 primumcum
561 1708 733 1783 absancto,
756 1710 890 1788 atinate
915 1700 919 1705 ⁴
940 1720 1028 1763 more
1062 1704 1222 1784 quumtdi,
1258 1725 1294 1766 ac
1318 1705 1454 1783 iudididt
1491 1706 1600 1785 dedali
1625 1706 1709 1775 huic,

117 1795 268 1873 quopiam
289 1814 368 1876 opus
390 1800 513 1861 virtutis
535 1800 677 1876 efficitur,
700 1820 762 1881 quo
790 1802 890 1864 inere-
940 1795 1063 1874 opinor,
1079 1797 1484 1877 semipelagiani‚meritum
1493 1797 1712 1877 adjudicabant

117 1891 262 1949 mentum
296 1891 424 1967 gretie,
460 1892 629 1971 gloriasque
663 1899 888 1973 promerem„
938 1887 1136 1951 verbotenus
1149 1889 1188 1950 ab
1205 1890 1259 1951 illo
1273 1891 1374 1970 primo
1396 1895 1511 1951 conatu
1531 1890 1709 1967 voluntatis,

116 1978 486 2054 deindecum‚etrinu110
501 1991 584 2045 certo
597 1985 699 2047 adimo
712 2005 805 2065 opere
817 1986 888 2047 fun.
939 1984 971 2039 ct
983 1980 1084 2056 initio,
1099 2000 1135 2042 ac
1147 1982 1325 2043 rudimento
1339 1982 1422 2056 fidei,
1439 1982 1522 2061 quod
1537 2001 1575 2043 ex
1591 1989 1712 2045 natura

115 2071 204 2149 gitur
226 2072 377 2151 eiusmodi
398 2076 520 2138 virtutis
539 2076 631 2137 etde
649 2077 810 2154 distinete,
823 2079 889 2157 jam
939 2089 1045 2141 censu,
1061 2072 1178 2153 absque
1190 2074 1305 2136 auritio
1317 2075 1435 2154 gratia,
1452 2073 1590 2135 conterre
1601 2094 1712 2136 unum-

115 2170 224 2224 tamen
237 2165 321 2226 illius
334 2166 367 2225 in
381 2167 472 2229 corda
491 2169 623 2229 charitas
641 2169 837 2245 diffunditur,
854 2190 889 2233 ac
942 2180 1097 2243 quemque
1107 2165 1311 2228 dicebantEx
1327 2185 1388 2245 quo
1404 2183 1495 2227 voces
1509 2166 1635 2229 illorum
1646 2169 1712 2229 ista

112 2252 189 2331 fidet
200 2255 443 2334 perdilectionem
450 2260 570 2340 operari
575 2260 728 2339 inrideat
741 2262 888 2324 charitate
939 2255 1135 2334 prodierunt,
1151 2274 1230 2336 quas
1242 2258 1338 2319 refert
1352 2258 1488 2319 Hilarius
1503 2278 1510 2319 ε
1533 2284 1546 2311 c
1559 2260 1713 2336 Ceterum

113 2346 255 2410 formari.
272 2351 325 2410 Est
338 2356 443 2412 autem
467 2350 597 2413 ebaritas
613 2351 702 2431 idem,
717 2353 794 2435 qaod
814 2352 888 2416 bona
939 2347 978 2407 ad
1004 2348 1127 2410 ntrllnm
1155 2368 1243 2429 opas,
1275 2351 1325 2412 rel
1346 2351 1570 2430 incipiendum,
1593 2352 1712 2415 nedum

115 2438 270 2516 colantes,
289 2448 326 2503 ut
338 2443 557 2521 exdugrntino
571 2461 665 2524 supra
674 2447 886 2509 meminimus,
937 2439 1175 2518 perficiendum,
1190 2460 1380 2522 quemqnam
1393 2442 1454 2502 sibi
1469 2442 1608 2504 sufficere
1623 2462 1711 2522 posse

113 2531 183 2590 Hoc
197 2531 294 2610 igitur
307 2534 419 2596 affectu
432 2534 505 2595 fidei
518 2536 596 2595 vivae
612 2537 664 2597 Dei
680 2537 781 2616 legem
798 2556 888 2599 ama.
937 2533 1154 2609 consentiunt3
1180 2551 1282 2614 neque
1304 2534 1389 2595 enim
1411 2533 1504 2595 alicui
1516 2534 1601 2614 operi
1619 2554 1710 2597 onra-

113 2640 198 2698 mus,
215 2630 246 2686 et
260 2624 351 2687 officii
372 2644 521 2705 numeros
541 2646 661 2700 omnes,
687 2630 887 2708 quantumin
937 2620 1031 2682 immid
1044 2642 1154 2685 eorum
1172 2626 1445 2687 dnssllfflefflflduffi
1467 2631 1590 2705 putant,
1610 2632 1710 2687 exter·

112 2713 207 2775 nobis
226 2720 283 2789 est,
301 2716 431 2797 implere
458 2719 603 2780 volumus
619 2719 641 2783 ¹.
664 2722 772 2794 «Quia
789 2722 889 2801 etqui
938 2714 1008 2788 rdet
1037 2720 1069 2776 dt
1096 2717 1227 2795 Supplici
1248 2717 1424 2790 lelmlmtt
1453 2735 1711 2799 unumquemque

113 2805 216 2884 diligit
230 2806 342 2885 Deum,
354 2827 546 2888 consequens
559 2817 614 2883 est,
637 2817 673 2872 nt
687 2812 788 2889 faeiat,
804 2814 888 2892 qnod
938 2812 1089 2884 agruim
1108 2807 1189 2869 velle
1206 2809 1319 2870 sanari.
1336 2830 1352 2866 s
1382 2810 1481 2870 Item:
1501 2810 1593 2870 «Nee
1603 2810 1711 2888 negari

111 2897 183 2959 vult
206 2897 309 2974 Deus3
333 2907 364 2960 et
379 2901 412 2961 in
427 2907 548 2964 tantum
564 2903 675 2982 diligit,
690 2903 722 2964 in
737 2912 888 2983 qiisntum
937 2899 1081 2975 gratiam,
1103 2901 1128 2960 si
1143 2901 1317 2977 precedere
1336 2901 1455 2962 dicatur
1472 2901 1541 2983 talis
1554 2901 1707 2978 voluntas,

111 2988 197 3064 iacit,
213 2995 269 3050 rut
282 2990 327 3051 ait
338 2991 540 3071 Augustinus.
554 2995 692 3074 ldeoper
706 2995 801 3057 iidem
815 2997 888 3057 cha·
938 3008 1009 3072 qum
1035 2997 1157 3052 tautum
1185 2992 1343 3053 medic-dm
1366 3002 1495 3072 qdmmb
1521 3011 1586 3054 11⁰ss
1603 2999 1710 3058 dudem

111 3080 205 3143 ritate
224 3083 401 3158 formatam,
420 3086 493 3164 quia
510 3091 608 3147 totam
623 3088 740 3167 gratita,
762 3089 888 3150 arnovi
938 3083 1108 3162 quidquam
1117 3084 1185 3164 ipsa
1194 3084 1261 3162 jam
1273 3085 1385 3147 valeat.
1400 3105 1416 3142 n
1429 3087 1468 3145 Et
1480 3085 1574 3164 hujus
1587 3087 1708 3162 generis

112 3172 303 3236 Testamenti
323 3175 423 3253 legem
442 3177 670 3257 amplectimur,
686 3180 714 3240 ei
727 3188 889 3242 mmenta-
937 3174 1008 3249 rna,
1025 3192 1095 3253 que
1109 3175 1302 3238 voluntatem
1317 3177 1516 3256 operandiab
1528 3178 1708 3259 ocereipso

111 3265 166 3326 nei
180 3283 298 3342 sumus,
319 3273 350 3328 ct
362 3270 527 3348 exequuti,
543 3270 676 3350 adeoqui
696 3271 782 3350 justi,
800 3292 815 3330 t
829 3274 888 3347 Qui
937 3271 969 3326 et
993 3266 1137 3327 credendi
1157 3267 1351 3347 propositum
1368 3286 1388 3329 a
1402 3269 1591 3343 credulitate,
1607 3270 1667 3344 vel,
1683 3271 1710 3332 si

112 3357 764 3440 animatidsmscrtbinugustinus²‚verhi
774 3367 885 3443 gratia,
937 3358 980 3418 im
996 3358 1091 3419 ferret
1110 3377 1184 3419 usus
1195 3360 1354 3439 loquendi,
1372 3360 1411 3421 dh
1425 3359 1585 3422 trtditl'tmt
1598 3361 1711 3424 distm-

114 3448 252 3526 persectc
276 3450 374 3526 novit,
397 3452 592 3531 perfecteque
619 3461 703 3514 amat
721 3455 885 3533 justitiam,
937 3454 1028 3511 mmt·
1055 3450 1324 3523 Quemadmodum
1344 3450 1457 3513 fiducia
1477 3452 1540 3529 illa,
1561 3468 1656 3532 quam
1670 3454 1709 3517 de

107 3541 179 3617 jtrm
188 3540 292 3619 iustus
306 3548 371 3603 est:
392 3543 511 3604 etiamsi
534 3544 620 3606 nulla
644 3546 755 3607 existat
777 3564 886 3609 serun-
939 3540 1059 3601 medico
1069 3542 1202 3622 concipit
1217 3549 1364 3621 aegrotus,
1385 3551 1512 3624 propter
1524 3545 1710 3608 illiustesta·

113 3630 193 3691 dum
221 3650 293 3695 sam
315 3632 483 3696 forinsecus
508 3653 564 3714 pei·
584 3637 725 3698 membra
751 3644 888 3719 eorporis
937 3633 1055 3692 tamin
1083 3633 1200 3694 morbis
1222 3635 1366 3696 curandis
1387 3636 1541 3716 peritiam,
1566 3638 1630 3699 aive
1644 3639 1710 3717 ejus

113 3724 264 3803 operandi
273 3727 508 3787 necessitasmlit
518 3727 579 3789 alio
590 3727 624 3788 in
638 3728 743 3790 1000³2
763 3729 886 3807 «Fides,
937 3725 1113 3786 accersendi
1125 3725 1325 3804 desiderium,
1342 3727 1422 3790 inter
1433 3728 1600 3790 curationis
1613 3748 1709 3807 opera

113 3833 186 3895 qum
207 3835 265 3895 per
287 3816 485 3880 dilectionem
505 3826 663 3899 operatur,
685 3821 742 3883 etsi
757 3823 885 3892 nonsit,
938 3818 1118 3896 neutiquam
1131 3826 1303 3898 ponuntur,
1319 3822 1450 3900 eoquod
1474 3820 1552 3881 nihil
1565 3830 1662 3900 agunt
1674 3823 1708 3884 in

111 3908 147 3968 iu
161 3926 225 3986 quo
239 3909 375 3970 exterius
388 3916 545 3991 operetur,
563 3912 595 3972 in
609 3914 701 3974 eorde
713 3919 818 3975 tamen
834 3914 888 3976 illa
937 3908 1095 3982 mmmm),
1112 3911 1391 3990 maritudinemque
1400 3910 1510 3991 ipsam,
1518 3930 1576 3973 nec
1586 3919 1707 3993 partem

113 3999 236 4060 fervens
256 4006 434 4062 servatur.»
459 4003 560 4081 Atque
585 4004 644 4065 hoc
667 4006 761 4066 modo
785 4028 800 4065 a
824 4025 887 4068 erc·
937 4001 1145 4061 remediorum
1159 4003 1319 4079 attingunt
1332 4003 1479 4082 aliquam.

112 4090 251 4153 dentibtat
266 4093 298 4152 ic
318 4112 383 4154 eam
395 4091 418 4166 ⁸,
443 4094 669 4175 qaijustifirnt,
695 4116 729 4157 ar
755 4096 886 4178 dilipen.
977 4091 1031 4151 IX.
1048 4092 1164 4152 l'erum
1176 4092 1266 4153 lucus
1281 4099 1346 4154 erat
1360 4094 1429 4168 istc,
1443 4095 1520 4156 etin
1534 4095 1588 4156 tali
1601 4115 1706 4158 exem·

112 4182 204 4255 tibus,
227 4182 302 4263 fides
326 4191 486 4265 reputatur
510 4187 552 4246 ad
567 4187 752 4267 justitiam
785 4189 888 4251 idest
936 4181 988 4262 plo
1003 4185 1276 4245 commemorando
1294 4185 1440 4246 insidiosa
1462 4185 1620 4248 calliditas.
1636 4189 1707 4251 Non

113 4275 244 4354 perinde
262 4275 418 4337 habentur
445 4272 529 4357 apud
552 4279 662 4355 Deum,
687 4297 723 4339 ae
744 4281 768 4340 si
790 4286 888 4342 totam
937 4273 1021 4334 enim
1043 4274 1151 4336 eadem
1176 4276 1210 4337 in
1237 4276 1433 4338 sublevandis
1459 4278 1556 4338 animi
1577 4280 1705 4360 morbis,

113 4367 216 4445 legem
232 4368 342 4447 reipsa,
365 4374 395 4428 et
408 4369 588 4449 singillatim
603 4371 826 4445 observassent,
851 4393 887 4435 aa
938 4365 1065 4446 ejusque
1078 4369 1274 4447 procuranda
1286 4369 1415 4430 sanitate
1429 4370 1508 4430 mdo
1516 4376 1562 4431 est
1574 4370 1707 4435 humani

113 4454 158 4516 sic
170 4461 322 4534 tauquam
336 4475 445 4518 omnes
459 4463 572 4519 nostrae
584 4460 720 4520 actiones
729 4460 769 4521 ud
782 4479 886 4522 amna-
937 4464 1075 4536 conatus,
1091 4478 1127 4520 ac
1140 4460 1244 4523 studii.
1258 4466 1350 4541 atquc
1365 4461 1397 4521 in
1412 4462 1556 4523 curandis
1569 4466 1706 4544 corpori-

112 4547 174 4607 sim
189 4564 261 4606 cum
272 4547 340 4627 lage
354 4557 573 4627 congruerent.
927 4548 1005 4610 bus.
1020 4551 1076 4611 Hie
1093 4550 1177 4612 enim
1188 4550 1323 4633 pdyn'co,
1343 4559 1378 4613 ut
1402 4559 1525 4631 vocant,
1545 4554 1708 4619 efficientia

154 4639 237 4701 vllt
253 4639 323 4700 Haec
338 4648 383 4701 est
397 4641 766 4722 imputatioillajustitiae,
778 4644 816 4706 de
825 4664 888 4726 qtra
936 4640 1040 4703 locum
1052 4643 1156 4704 habet.
1172 4662 1208 4705 ne
1219 4642 1322 4704 moliri
1331 4646 1431 4725 reipsa
1444 4647 1604 4727 quippiam
1618 4666 1708 4728 opor-

113 4731 254 4809 loquitnr
286 4731 462 4809 Apostolus,
498 4735 623 4813 quando
656 4742 821 4798 renovatos
852 4737 887 4797 in
936 4739 980 4795 tet
1006 4734 1163 4809 enatantis,
1189 4741 1220 4795 et
1242 4735 1434 4797 extrinsecus
1455 4738 1596 4816 adhibiti,
1618 4746 1654 4800 ut
1673 4742 1707 4802 in

114 4823 255 4883 interiori
282 4824 421 4899 homine,
446 4829 477 4886 et
505 4824 545 4885 ad
568 4826 713 4887 mandata
738 4829 888 4889 servanda
936 4831 1056 4906 partem
1071 4826 1237 4887 curationis
1251 4827 1365 4889 veniat.
1374 4827 1414 4889 At
1424 4829 1468 4889 illi
1478 4830 1603 4891 nonnisi
1611 4850 1706 4892 more

114 4916 223 4976 omnia
243 4922 351 4996 parato
369 4919 474 4977 animo
502 4916 631 4997 perinde
653 4920 733 4979 llere
747 4926 888 4999 acceptos
937 4917 985 4994 lis,
999 4918 1082 4996 quod
1096 4917 1222 4992 dicitur,
1243 4936 1348 4999 opera,
1371 4926 1402 4980 et
1423 4920 1542 4982 effectio
1556 4922 1704 4998 cernitur,

113 5006 268 5083 habetat
287 5007 313 5068 si
327 5014 482 5087 praecepta
494 5008 570 5088 legis
593 5010 747 5083 universa,
772 5017 803 5073 ct
823 5012 885 5085 sin-
936 5010 1024 5088 cnjus
1044 5028 1115 5093 pars
1135 5016 1180 5070 est
1212 5010 1354 5072 voluntas
1389 5011 1454 5091 ipsa
1487 5016 1706 5094 recuperandae

113 5099 189 5178 gula
204 5100 321 5177 miultis,
336 5100 367 5161 ct
385 5100 479 5161 variis
496 5101 668 5162 actionibus
696 5104 885 5181 implessent.
936 5103 1084 5173 sanitatis,
1113 5107 1144 5162 et
1164 5101 1341 5182 imploratio
1360 5104 1484 5181 medici,
1509 5104 1565 5166 ubi
1592 5108 1705 5169 merito

116 5191 165 5252 Ita
177 5190 224 5266 fit,
235 5192 424 5253 utmeritum
434 5191 512 5252 illud
525 5192 608 5269 fidei,
623 5211 725 5254 cuma
739 5194 887 5256 charitate
935 5211 985 5255 res
1006 5193 1122 5272 agitur3
1147 5198 1178 5254 et
1203 5213 1318 5256 navare
1344 5195 1471 5274 aliquid,
1498 5202 1544 5258 est
1569 5198 1705 5278 idipsum

114 5276 337 5362 proficiscatur,
354 5301 423 5363 quaa
435 5284 500 5345 sola
517 5284 618 5363 legem
633 5285 751 5365 implet,
767 5304 831 5346 non
848 5285 889 5346 sit
936 5290 1053 5365 optare,
1070 5303 1106 5345 ac
1123 5290 1272 5364 satagere,
1298 5286 1629 5369 quamlibeteaiguum
1652 5291 1702 5367 sit,

115 5362 264 5437 meritum
277 5374 350 5435 fidei
362 5375 503 5456 simplex,
520 5395 590 5457 quae
603 5377 783 5439 cbantatem
791 5376 887 5458 impe·
937 5397 972 5439 ac
986 5383 1090 5452 tenne,
1106 5377 1188 5459 qatcd
1204 5397 1241 5440 ex
1258 5378 1355 5458 teipso
1373 5378 1522 5441 conferas.
1546 5381 1661 5458 Quare,
1676 5383 1703 5443 ai

143 5575 154 5619 t
170 5577 229 5630 ang.
241 5576 257 5620 t.
267 5574 316 5620 vtlt
329 5575 429 5632 cleti-ta.
438 5588 458 5622 c.
472 5576 558 5622 rra-2
571 5577 619 5621 ut.
631 5577 693 5623 ttae
705 5578 766 5623 tua.
781 5590 802 5625 c.
815 5588 844 5623 rr.
858 5579 981 5624 -tscrtn
992 5590 1048 5621 usu
1059 5579 1086 5623 or
1099 5581 1168 5632 Tace.
1185 5589 1233 5633 cap.
1247 5588 1325 5623 rut.-
1336 5577 1350 5623 l
1362 5580 1421 5624 Rota.
1431 5589 1461 5629 rr,
1472 5578 1493 5623 5.
