4004 6168
636 316 687 379 DE
706 317 869 383 centula
890 319 964 383 SEX
984 321 1145 386 DIERUM.
1623 317 1683 383 583

97 475 304 541 tamdemum
316 478 541 561 hociureniat,
556 499 629 545 cum
639 482 794 545 Deiiorms
807 485 868 547 hoc
918 486 1138 564 differentias
1153 489 1197 550 ait
1222 489 1305 553 idem
1324 489 1379 553 lib.
1394 490 1435 551 IV
1461 486 1497 549 de
1520 485 1593 547 Fide
1606 503 1631 545 c.
1644 500 1684 544 111

96 578 183 649 atam
196 570 362 651 Divinum,
375 573 408 637 id
422 580 485 645 est,
501 593 591 637 mens
609 582 716 638 nostra
737 583 769 638 et
789 577 867 639 ratio
922 600 937 636 a
951 578 1097 641 humanas
1117 581 1177 641 hoc
1198 581 1388 661 impossibile
1411 585 1542 652 naturae,
1559 577 1612 639 sed
1630 593 1686 655 per

98 678 164 725 aum
187 668 306 725 natura
339 673 471 744 dignata
496 668 660 747 conjuncta
692 667 803 745 fuerit,
837 676 868 733 et
918 670 973 731 Dei
989 672 1121 748 gratiam
1143 673 1190 749 fit,
1203 694 1218 731 a
1245 674 1280 733 in
1306 673 1389 734 idem
1417 673 1585 733 c.1Lueoe.
1615 668 1686 728 alu

98 754 194 832 imago
216 755 257 816 ad
282 758 444 838 exemplar
461 759 539 821 illud
565 779 669 838 suum,
684 761 773 839 cuijus
792 767 868 822 tunc
917 768 1066 839 potestate
1089 769 1193 825 nostra
1215 783 1280 825 nan
1300 770 1433 826 osteum
1450 763 1565 833 ridere,
1583 759 1684 821 sedin

98 845 242 908 desiderio
270 850 425 929 tangitur,
448 851 656 915 ascenderit...
672 870 785 933 nempe
811 870 868 915 nas
917 860 1065 932 potestate
1076 855 1158 916 illius
1167 862 1213 918 est
1223 875 1399 936 appareres
1417 851 1684 930 OctavusEpipha·

98 937 258 1019 siquando
264 945 392 1004 tantum
399 944 589 1022 cognituros,
595 951 746 1024 quantum
752 946 867 1024 cogniti
917 946 1058 1025 nius,qai
1072 948 1196 1026 quidem
1211 946 1686 1024 haeres.txxv1Deumttpcroa,et

99 1047 209 1093 sumus.
226 1033 268 1093 st
281 1032 319 1094 in
328 1034 387 1099 hac
400 1036 526 1098 mortali
538 1038 638 1103 rita...
650 1037 756 1117 siquis
768 1038 869 1099 Deum
918 1043 1089 1113 ἀκατάληπτον
1116 1039 1305 1113 invisibilem,
1323 1049 1354 1101 et
1371 1033 1684 1121 incomprehensibilem

99 1123 260 1202 wgnoscit,
290 1131 359 1205 aut,
374 1128 534 1207 Scriptura
560 1134 653 1203 teste,
689 1129 867 1208 cognovisse
919 1147 975 1189 erse
988 1129 1064 1190 dicit
1080 1151 1087 1191 ε
1104 1133 1157 1193 sed
1169 1133 1316 1194 eumdem
1334 1150 1442 1194 rursus
1459 1152 1474 1189 a
1489 1147 1578 1210 posse
1592 1125 1685 1206 quid·

99 1214 218 1291 dieitur,
246 1222 379 1281 autenm
404 1221 584 1299 cognovisse
612 1221 783 1283 censendus
810 1226 866 1297 est,
919 1221 994 1301 quid
1009 1222 1082 1283 velit
1094 1223 1203 1286 facere.
1220 1227 1339 1286 Natura
1351 1225 1446 1304 igitur
1457 1220 1620 1283 invisibilis
1629 1224 1684 1291 est,

63 1340 65 1344 ·
98 1312 242 1385 mutantis
255 1309 414 1372 uberioris
423 1312 595 1391 splendoris
602 1313 866 1391 particepsfuerit,
919 1313 1030 1392 inquit,
1047 1319 1078 1375 et
1096 1316 1163 1394 ejus
1183 1317 1406 1396 comprehendi
1430 1333 1493 1376 uun
1513 1312 1688 1393 potestglo·

99 1417 186 1477 quam
197 1400 252 1479 qui
270 1402 380 1464 minus
402 1404 548 1480 luminis,
564 1405 712 1466 divinitus
727 1405 796 1487 (hou
810 1409 866 1480 est,
918 1405 965 1464 ria
981 1425 988 1466 ι
1004 1424 1125 1485 verum,
1141 1427 1213 1470 aum
1226 1409 1376 1488 producto
1389 1427 1408 1468 a
1420 1425 1452 1467 se
1463 1405 1585 1468 homini
1597 1420 1687 1482 appa·

100 1508 184 1568 supra
206 1493 382 1575 naturam),
403 1497 533 1575 accepit.
548 1516 563 1553 a
582 1497 694 1557 Sextus
710 1502 870 1558 accusatur
918 1515 986 1558 rere
999 1499 1143 1578 voluerit,
1159 1501 1239 1562 nihil
1255 1502 1320 1580 ejas
1337 1498 1490 1560 voluntati
1503 1497 1686 1576 refragatur.

101 1582 257 1661 Gregorius
283 1586 420 1665 Nysssn.
445 1593 570 1667 propter
594 1588 648 1649 illa
672 1588 778 1664 etiam,
798 1607 868 1668 quta
919 1591 1018 1651 Deum
1037 1590 1163 1669 quidem
1181 1592 1291 1667 videri,
1311 1591 1483 1672 prasertim
1497 1590 1536 1649 ab
1550 1589 1689 1649 humana

101 1676 213 1754 scripsit
238 1677 272 1737 in
295 1677 398 1741 Esar.
429 1678 498 1740 oitoe
515 1679 605 1741 Masis
623 1700 630 1742 ι
646 1698 717 1759 qtrae
743 1680 868 1759 quidem
919 1685 1106 1743 naumanan
1119 1700 1206 1761 passe
1219 1683 1362 1757 fatemur,
1379 1701 1480 1761 neque
1494 1681 1689 1761 quodaspea·

102 1767 353 1846 interpretatione
365 1777 470 1833 nostra
483 1771 523 1832 ad
537 1772 730 1833 Cathalicum
743 1790 869 1833 sensum
919 1772 1013 1834 tabita
1027 1779 1082 1850 est,
1098 1774 1129 1835 id
1140 1775 1223 1854 quod
1237 1776 1335 1836 videri
1355 1775 1484 1835 omnino
1502 1769 1687 1851 nonpotest,

101 1858 211 1921 traduci
237 1860 370 1922 debent.
397 1863 448 1923 Sic
476 1863 561 1923 enim
587 1863 702 1924 scribit.
720 1883 736 1921 a
756 1864 867 1940 Quare,
920 1865 1033 1926 intueri
1047 1866 1258 1945 lasputamus.
1281 1866 1342 1928 Sed
1360 1866 1393 1926 id
1409 1871 1514 1926 tamur
1526 1862 1689 1924 invisibilis

103 1949 206 2029 inquit,
219 1970 287 2013 non
300 1954 421 2032 poteris
435 1954 541 2015 videre
559 1955 668 2016 faciem
682 1972 796 2028 meam,
812 1974 870 2017 aec
921 1959 1012 2027 Deus,
1026 1976 1082 2037 pro
1097 1976 1152 2017 sua
1172 1957 1378 2033 humanitate,
1393 1957 1583 2035 acpotentia‚
1592 1954 1691 2016 imbe-

104 2043 177 2103 euim
190 2044 311 2105 ridebit
333 2044 431 2106 homa
453 2046 564 2109 faciem
584 2063 698 2121 meam,
715 2052 745 2107 et
766 2048 865 2108 vivet:
921 2049 1024 2110 cillam
1051 2050 1150 2110 aciem
1183 2051 1226 2110 ita
1258 2050 1372 2109 virtma
1403 2067 1471 2109 sua.
1491 2047 1690 2109 corroborare

104 2153 161 2195 aon
180 2136 254 2215 quia
285 2154 384 2198 causa
411 2139 521 2199 mortis
543 2139 721 2199 videntibus
745 2139 786 2198 sit
816 2139 870 2201 illa
920 2141 1076 2220 dignatur,
1093 2148 1137 2214 ut,
1151 2140 1346 2220 quodvideri
1360 2141 1476 2219 alioqui
1492 2158 1557 2200 non
1577 2144 1688 2217 potest,

104 2225 184 2287 iacies
205 2246 213 2289 ε
235 2246 313 2289 nam
351 2230 507 2307 quamodo
542 2232 614 2290 vitas
653 2229 746 2291 iacies
779 2249 871 2292 causa
919 2233 1055 2313 aspiciat.
1070 2234 1165 2294 Porro
1179 2250 1251 2295 cum
1270 2232 1524 2303 invisibileillud,
1539 2235 1571 2292 et
1584 2231 1689 2292 intini-

105 2320 422 2400 appropinquantibus
444 2323 553 2383 martis
573 2339 638 2382 esse
655 2322 794 2401 poterit?
809 2323 868 2383 Ve·
919 2333 988 2386 tum
1013 2327 1131 2404 aspicit,
1154 2344 1230 2401 non,
1260 2331 1414 2405 quatenus
1447 2324 1606 2384 infinitum
1631 2329 1687 2398 cst,

105 2427 168 2471 rum
192 2413 249 2472 etsi
270 2413 412 2476 rivifioat
432 2416 517 2475 Deus
549 2425 672 2487 natura,
707 2415 869 2493 proprium
919 2418 996 2478 illud
1016 2419 1156 2478 intuetur
1179 2417 1295 2496 (idest,
1318 2435 1383 2477 non
1403 2415 1544 2494 perfecte,
1572 2434 1608 2475 aa
1634 2431 1689 2493 per

106 2507 201 2565 nmen
232 2521 329 2566 suum
364 2512 420 2581 est,
454 2511 491 2565 ut
511 2502 635 2575 :omnen
661 2506 870 2584 cognitionem
919 2507 1065 2589 κατάληψιν)
1077 2509 1131 2569 sed
1144 2514 1295 2586 quantum
1310 2508 1387 2586 ejas,
1401 2507 1486 2586 quad
1500 2506 1690 2567 imbecillum

109 2595 223 2655 madet
245 2615 252 2657 :
276 2595 418 2669 idcirco,
456 2597 510 2676 qui
543 2615 677 2671 aarum,
711 2614 780 2677 qun
818 2615 870 2659 co-
920 2606 978 2675 est,
999 2607 1111 2661 natura
1130 2617 1237 2679 capere
1269 2604 1379 2677 potest,
1403 2598 1554 2676 ejusmodi
1590 2599 1631 2666 vi,
1655 2616 1690 2659 ac

110 2692 312 2764 gnascuntur,
355 2689 455 2751 Deum
488 2707 554 2751 esse
576 2688 757 2771 ¹opinatur,
782 2692 870 2768 quasi
913 2692 1033 2753 ‘virtute
1060 2691 1269 2760 corroborata,
1297 2695 1332 2750 ut
1363 2691 1402 2750 ad
1437 2688 1575 2769 potentis
1607 2689 1691 2751 illius

109 2778 247 2842 deviasset
277 2781 388 2856 abeo,
412 2781 468 2860 qui
493 2791 550 2854 est,
574 2781 614 2841 ad
637 2781 680 2856 id,
706 2783 790 2860 quod
804 2801 869 2844 esse
921 2784 1064 2844 notitiam
1082 2783 1258 2862 pertingere
1277 2781 1383 2860 possit.
1403 2801 1418 2839 a
1435 2781 1690 2841 Addiautembis

110 2876 240 2948 putamr3
276 2873 376 2933 vitam
405 2890 470 2933 nou
495 2872 598 2934 babet.
621 2872 721 2945 Quare
757 2874 784 2933 si
803 2874 869 2935 heac
918 2880 1028 2955 potest,
1041 2875 1126 2955 quod
1146 2874 1331 2952 Epiphanius
1350 2874 1433 2934 idem
1447 2872 1550 2933 statim
1565 2872 1691 2949 subjicit

110 2961 253 3024 vivificans
276 2970 392 3025 natura
410 2964 622 3043 coguitionem
638 2981 765 3026 omnem
779 2984 868 3027 exce·
918 2984 1007 3028 num.
1037 2968 1066 3026 8.
1096 2965 1407 3039 «Quemadmodum,
1428 2963 1540 3042 inquit,
1571 2964 1690 3042 siquis

112 3052 171 3115 dita
181 3060 237 3116 etc.
250 3057 340 3117 ldem
352 3056 375 3117 l.
389 3055 424 3117 de
438 3053 580 3117 beatitud.
594 3058 867 3135 cap.111.cVerum,
919 3057 1032 3119 eoelum
1057 3062 1287 3136 perangustum
1299 3055 1438 3116 foramen
1450 3055 1637 3134 transpiciat,
1653 3074 1690 3116 aa

112 3147 250 3207 neomtio
264 3146 625 3209 nastrahustralaboret
639 3148 674 3207 in
689 3147 787 3208 rebus
801 3167 870 3228 cap
920 3150 1032 3212 omium
1056 3149 1162 3209 videre
1182 3167 1213 3209 sc
1236 3149 1332 3221 dicat3
1355 3147 1544 3225 nanctique
1562 3148 1691 3208 mentia·

111 3240 171 3297 tum
183 3243 324 3300 nastrum
338 3239 566 3319 superantibus,
581 3257 788 3318 supernorum
800 3241 869 3320 qui-
920 3254 971 3304 tur
988 3263 995 3302 :
1010 3242 1096 3303 videt
1109 3242 1193 3301 enim
1206 3258 1316 3301 revera
1342 3239 1454 3300 coelum
1468 3258 1475 3298 :
1492 3239 1574 3316 quod
1586 3241 1690 3317 siquis

113 3329 174 3390 dem
183 3330 337 3392 banorum
343 3336 486 3392 naturam
492 3330 648 3409 inquirere
655 3331 868 3393 desinamus...
920 3335 1087 3414 prudenter
1101 3334 1129 3393 ei
1142 3333 1223 3393 dicat
1237 3352 1243 3391 :
1268 3349 1334 3392 non
1347 3330 1433 3391 vides
1453 3330 1566 3390 coelum
1579 3350 1587 3405 ;
1608 3348 1648 3390 ne
1662 3330 1689 3391 is

114 3420 222 3493 Quumo
236 3428 345 3486 autem
365 3422 540 3501 eogrritiane
560 3427 667 3483 nostra
684 3423 776 3484 altius
793 3423 870 3483 illud
921 3427 1047 3505 quidem
1066 3425 1244 3485 mentietur.
1265 3423 1390 3494 Neuter,
1415 3422 1553 3500 inquam,
1575 3422 1689 3482 menti·

115 3528 171 3574 esse
188 3520 298 3576 natura
325 3515 445 3576 banum
470 3513 635 3588 credimus,
660 3519 745 3575 tanto
772 3515 871 3594 magis
920 3524 982 3591 tar,
1010 3535 1111 3596 neque
1132 3517 1187 3594 qui
1207 3514 1319 3575 vidisse
1347 3532 1379 3574 sa
1404 3508 1489 3589 dicit,
1511 3532 1612 3592 neque
1635 3514 1690 3594 qui

114 3603 222 3667 luctum
247 3608 282 3668 in
301 3606 393 3671 nobis
413 3606 622 3677 intendamus
644 3606 729 3684 quod
746 3607 817 3682 tale,
836 3626 872 3667 aa
921 3616 1025 3688 negat.
1040 3605 1520 3677 Nouenimextensionemcaali,
1540 3605 1689 3666 aelatitu-

116 3701 228 3759 tantum
240 3701 279 3761 sit
291 3700 424 3772 honum,
437 3715 456 3757 a
470 3715 531 3777 quo
545 3697 690 3774 disjuncti
703 3715 821 3771 sumus,
838 3708 873 3761 ut
922 3702 1027 3763 dinem
1042 3700 1169 3780 aspexit,
1184 3720 1199 3756 r
1218 3705 1274 3759 eta.
1290 3697 1446 3758 concludit
1458 3702 1562 3757 autem
1575 3697 1614 3757 ad
1623 3714 1692 3757 rem

117 3790 368 3868 recognitionem
381 3788 695 3867 quidemejuscapere
707 3790 870 3868 possimus.
922 3800 1086 3855 nostram:
1106 3793 1216 3866 clam,
1233 3791 1258 3850 si
1279 3791 1313 3849 in
1331 3790 1480 3849 creaturis
1501 3789 1544 3848 ita
1566 3806 1630 3848 sese
1643 3806 1693 3850 res

118 3876 328 3944 Verumtamen
335 3879 874 3959 hujushoni,qaadsuperatamnem
923 3886 1032 3961 habet;
1046 3889 1162 3964 quanto
1181 3882 1279 3960 magis
1293 3882 1327 3940 in
1341 3881 1475 3958 gratuito
1497 3880 1549 3939 illo
1572 3878 1688 3939 benefi-

119 3968 175 4029 um
186 3973 478 4053 comprehendendi,
493 3990 551 4033 aas
563 3973 705 4033 homines
718 3973 792 4033 olim
804 3990 874 4053 par·
924 3978 982 4051 cia,
998 3977 1081 4055 quod
1103 3977 1183 4036 Deus
1204 3971 1371 4053 prophetis,
1394 3970 1599 4049 apostolisque
1614 3988 1690 4032 can·

119 4060 212 4139 tieipes
230 4082 355 4126 eramus
371 4084 378 4126 ι
394 4083 430 4124 ac
461 4070 585 4125 tantum
611 4068 677 4125 erat
702 4065 735 4123 iu
762 4072 874 4126 natura
923 4068 1039 4129 cessit?
1062 4069 1143 4144 Ergo
1169 4065 1215 4125 illi
1242 4065 1344 4123 Deum
1372 4062 1555 4123 existentem
1584 4080 1693 4123 revera

121 4149 226 4216 bunum
239 4157 329 4227 illud,
343 4157 426 4235 quod
445 4160 570 4234 superat
583 4173 709 4216 ornnem
723 4157 873 4231 cognitia-
924 4160 1052 4223 eontuiti
1075 4168 1158 4233 sunt,
1182 4161 1213 4218 et
1233 4154 1325 4215 simul
1348 4171 1412 4213 uon
1441 4159 1514 4213 sunt
1536 4154 1690 4215 contuiti:

122 4258 195 4321 aem,
208 4252 237 4306 et
250 4246 461 4322 intellectum
477 4246 658 4307 utalterum
671 4247 873 4308 illudhuma-
923 4253 1068 4313 viderant
1088 4249 1224 4330 quidem,
1245 4251 1398 4326 quatenus
1418 4246 1558 4325 ipsorum
1582 4251 1693 4306 natura

121 4349 188 4396 uum
211 4337 330 4400 honum
355 4357 421 4400 esse
441 4338 611 4414 rideretur,
640 4340 875 4417 exquisitissima
924 4343 1118 4405 sustinebat:
1134 4341 1239 4420 idque,
1260 4356 1325 4399 non
1342 4336 1477 4397 naturali
1498 4336 1540 4410 vi,
1554 4337 1692 4398 etlacul-

121 4425 344 4510 plenissimaque
357 4430 587 4503 assimilatione,
598 4435 691 4509 atqua
703 4431 875 4494 imitatione
924 4442 998 4511 tate,
1013 4435 1067 4495 sed
1079 4433 1204 4493 virtutis
1216 4431 1299 4491 illias
1312 4428 1559 4507 senescimus
1568 4448 1693 4509 praepo·
1778 4426 1784 4440 '

122 4516 330 4600 uimagtnem
340 4521 490 4602 primarii,
507 4533 538 4583 et
552 4521 711 4599 originalis
720 4524 874 4603 exempla·
924 4534 993 4589 tens
1004 4527 1056 4587 ille
1070 4526 1160 4600 Deus,
1176 4540 1233 4602 pro
1252 4519 1400 4599 singulari
1423 4538 1480 4581 suo
1501 4538 1575 4599 erga
1588 4522 1693 4582 homi·

123 4607 159 4667 ris
182 4611 356 4676 iormatum.
381 4615 472 4686 Nam,
496 4631 565 4692 quae
588 4632 674 4674 nuuc
692 4615 729 4676 de
750 4616 803 4676 illo
822 4634 876 4695 per
926 4638 999 4681 nem
1024 4635 1140 4691 amore,
1163 4616 1252 4676 illum
1275 4612 1396 4673 afficere
1416 4613 1555 4673 valuit.»
1587 4615 1694 4675 Nonus

125 4701 300 4779 tumeamus
316 4705 512 4784 speculamur
528 4705 788 4783 etimaginamur,
810 4709 877 4770 hoec
925 4713 1184 4790 Ghrysostamus:
1206 4722 1299 4785 quem
1321 4704 1376 4782 qui
1398 4710 1552 4775 accusant,
1577 4705 1693 4783 produ-

126 4793 219 4854 0muia
235 4796 313 4859 circa
331 4797 492 4859 hominem
506 4815 630 4876 quaque
643 4805 732 4859 erant
749 4820 756 4859 :
773 4800 875 4862 incor-
924 4810 996 4865 cant
1007 4821 1045 4864 ex
1059 4798 1304 4880 ejushomil.x1v
1318 4798 1353 4856 in
1365 4795 1414 4856 Ja.
1426 4795 1590 4874 anguibus
1601 4796 1696 4856 inter-

126 4886 296 4961 ruptibilitas
308 4890 413 4962 simul,
437 4895 470 4951 ct
491 4888 662 4965 beatitudo,
676 4898 733 4952 etc.
749 4892 877 4954 barritus
925 4900 1065 4976 pretatur
1092 4892 1176 4971 quod
1203 4894 1268 4951 estr
1281 4885 1348 4950 Job.
1372 4889 1465 4961 1,18.
1493 4886 1587 4948 Deum
1612 4905 1695 4948 nemo

127 4971 191 5036 item
203 4988 306 5058 aperta
319 4981 411 5042 simul
427 5000 464 5042 ac
474 4999 554 5060 pura
566 4987 682 5057 mente,
699 4985 785 5044 omni
798 4987 878 5046 vela·
926 4977 1460 5066 oidituuquum:UnigenitruFiiiua
1470 4979 1611 5037 etcTam
1620 4996 1695 5039 vera

127 5075 220 5130 manta
232 5072 379 5149 detracta,
402 5073 523 5135 bonum
541 5076 749 5135 contuendi.»
778 5076 877 5156 Septi·
925 5079 1117 5155 deindeque
1127 5074 1236 5135 homil.
1253 5072 1361 5133 eadem
1372 5070 1410 5131 de
1423 5087 1459 5130 eo
1474 5068 1591 5144 scribit,
1609 5071 1694 5149 quod

129 5172 189 5218 mus
200 5161 375 5225 Ambrosius
391 5184 399 5224 :
415 5165 505 5225 sedis
524 5166 618 5226 edam
631 5167 786 5228 immerito
804 5188 811 5228 τ
835 5170 879 5229 sic
926 5160 1693 5244 estlTim.111,lit‚Mattb.sv111‚lOMattb.r,8ett'i.

129 5248 201 5311 euim
213 5253 356 5333 loquutus
365 5257 398 5316 in
411 5256 485 5318 Luc.
501 5275 532 5317 1.
547 5278 563 5314 c
577 5259 616 5318 Et
636 5259 662 5318 si
673 5265 806 5338 potestas
815 5278 881 5321 uon
927 5253 1695 5339 Triumphauttandemiueo,quodhubethom.111

131 5344 170 5397 est
180 5344 310 5423 videndi,
324 5353 370 5408 est
382 5348 481 5426 gratia
492 5351 700 5428 promerendi,
724 5355 759 5410 ut
779 5351 881 5411 ridere
927 5353 961 5415 de
976 5347 1265 5431 incomprehensibili
1277 5345 1334 5406 Dei
1342 5351 1464 5418 natura,
1483 5346 1546 5405 sive
1560 5350 1637 5405 arat.
1655 5363 1694 5405 111

132 5434 278 5505 ponimus.
293 5439 397 5503 Multae
412 5440 496 5501 enim
511 5446 584 5503 sunt
600 5442 881 5521 impossibilitatum
928 5453 1005 5507 eant.
1021 5445 1140 5520 Anam„
1164 5458 1233 5520 quae
1248 5441 1346 5500 exstat
1367 5441 1443 5499 tom.
1465 5437 1507 5497 Vl
1529 5454 1600 5515 pag.
1623 5439 1693 5499 403.
