3936 6172
423 464 475 525 na
493 450 663 525 cristato
682 454 756 523 sax
776 446 943 534 otmunt,
971 456 1041 523 ata.
1065 456 1107 543 a,
1131 465 1215 526 aar.
1238 466 1276 526 u.
1580 460 1637 532 aot

74 624 287 706 peramant·
309 624 508 703 adulterae,
531 624 662 706 quoties,
678 620 827 704 utmajos
876 638 946 686 eam
968 625 1066 687 solam
1091 630 1215 708 proprie
1238 630 1342 691 vocari
1369 626 1490 709 ffirerlt,
1509 640 1579 712 quta
1597 638 1643 695 est

75 715 290 776 incommodum
310 717 453 793 titsmas,
476 714 576 777 levius
593 710 720 794 aliquod
737 715 828 794 depa-
876 717 992 793 uocato,
1005 718 1052 779 tel
1062 719 1237 799 probibitio.
1253 723 1332 783 liam
1346 722 1431 784 deea
1445 724 1567 786 tantum
1580 724 1644 807 agit

75 806 213 867 ctscirnur.
248 808 444 870 Manifestum
466 810 523 882 est,
552 805 732 868 violentiam
753 808 833 867 tanc·
877 808 1067 886 necessitate,
1083 826 1153 891 quae
1168 814 1207 874 ad
1220 826 1312 874 mores
1321 816 1446 895 spectat,
1456 816 1489 876 id
1503 818 1559 893 est,
1574 830 1644 897 qua

75 912 141 961 csse.
163 912 234 960 cam
255 900 291 960 in
312 912 423 981 corpus
442 906 585 961 nostrum
608 899 673 960 uim
690 897 829 977 aliquam
877 901 1013 962 scaenas
1035 902 1159 980 aberas,
1176 905 1337 984 ipsamque
1360 906 1437 968 adeo
1469 907 1645 972 bbmtatem

75 991 184 1050 marcet
196 997 295 1051 causae
306 992 494 1053 extrinsecas
503 989 641 1069 urgentis
654 989 827 1069 impressio,
879 986 998 1053 arbitrii
1011 992 1179 1068 modificat,
1193 1001 1223 1056 et
1232 1000 1316 1057 certa
1327 997 1447 1061 ratione
1456 998 1642 1078 coniormat3

75 1081 327 1161 attiludqutdem,
341 1094 475 1162 qaonon
484 1080 552 1144 vult
560 1078 827 1158 homo,trahatttr,
877 1096 943 1143 non
970 1090 1006 1144 at
1029 1090 1100 1146 eam
1128 1087 1272 1166 perimat,
1299 1093 1330 1148 et
1356 1088 1422 1167 ejas
1454 1090 1646 1155 saumonem

74 1174 101 1234 ot
117 1180 218 1236 contra
227 1174 538 1236 tornamentorum
546 1175 762 1251 ;animusvcro
780 1169 831 1233 ael
879 1176 1005 1254 penitus
1018 1176 1186 1257 extinguat,
1205 1180 1259 1240 sed
1276 1184 1311 1242 ut
1324 1176 1495 1244 bonitatem
1508 1200 1544 1245 aa
1556 1184 1645 1246 mali-

73 1268 218 1326 arsrsetur
231 1258 498 1342 tntummrelnon
511 1265 632 1346 sponte,
648 1265 702 1326 sed
715 1263 844 1350 incitus,
880 1268 966 1346 tiam,
983 1274 1054 1349 que
1066 1269 1138 1330 inae
1153 1270 1263 1347 oritur,
1277 1272 1438 1351 majorem,
1455 1274 1647 1340 minoremve

74 1357 257 1419 assentiatur.
282 1357 322 1420 ht
343 1359 509 1420 necessitas
533 1356 574 1418 aa
598 1357 700 1418 scium
720 1355 830 1417 retern
878 1352 979 1436 hulst,
994 1366 1049 1421 aut
1062 1361 1192 1422 omnino
1203 1364 1522 1427 successionum
1530 1372 1646 1449 emant,

75 1448 203 1509 ammam
225 1448 360 1529 tidetar,
395 1460 478 1526 cum,
506 1448 653 1529 presenti
679 1446 767 1509 nullu
800 1447 832 1508 ti
880 1456 916 1512 aa
942 1451 1013 1513 caeci
1040 1452 1182 1514 teruntur
1199 1455 1234 1514 in
1260 1455 1321 1516 hoc
1342 1456 1480 1519 Anselmi
1507 1459 1587 1534 loco,
1617 1470 1649 1523 et

75 1540 185 1601 onon
218 1542 357 1620 corpori,
386 1541 580 1602 imminentis
613 1539 830 1601 tantummodo
880 1540 1035 1601 similibus
1047 1542 1225 1619 adversum,
1242 1543 1305 1605 slve
1324 1546 1538 1609 necessitatem
1551 1549 1647 1611 inter-

76 1632 250 1693 cnhmetus
263 1632 446 1707 ostendltur,
471 1648 533 1711 qao
547 1630 829 1693 commotarulunb
880 1636 1043 1711 pretantar
1065 1634 1209 1712 rigidam,
1235 1642 1266 1696 et
1287 1635 1471 1709 absolutam,
1491 1650 1554 1720 qua
1576 1654 1649 1703 cum

77 1726 116 1783 tas
127 1734 186 1784 nott
199 1726 322 1804 sponte,
336 1722 390 1786 sed
412 1726 516 1785 tamen
532 1716 640 1800 libare,
660 1723 743 1802 qaod
759 1732 831 1802 pto·
880 1729 960 1784 stare
973 1724 1098 1785 libertas
1117 1738 1181 1786 non
1202 1731 1314 1805 potest,-
1327 1730 1391 1790 slve
1411 1734 1649 1794 externamtan-

78 1816 197 1893 positam
217 1814 276 1893 est,
298 1810 426 1877 ssasait.
451 1813 496 1877 Ae
517 1820 597 1895 saepe
611 1814 658 1892 flt,
680 1814 716 1875 ut
738 1816 833 1874 attam
879 1820 1037 1894 tamquo
1052 1823 1222 1896 spontanec
1236 1821 1391 1882 cannula
1400 1824 1527 1890 estnon
1536 1823 1646 1886 hocro.

80 1912 174 1986 sponte
205 1902 383 1969 trahentem
415 1904 629 1968 remoratum
662 1910 830 1985 sequatur3
881 1908 961 1967 ham
975 1909 1088 1987 prioris
1107 1910 1230 1987 generis
1251 1911 1338 1971 nulla
1356 1912 1389 1972 in
1408 1922 1516 1975 rerum
1537 1921 1650 1977 natura

81 1986 328 2076 quemamodum
343 1998 456 2065 Pattla‘s'
473 1997 683 2059 Eremitarum
699 1996 831 2076 primus.
881 2002 982 2079 potest
1007 2010 1073 2061 esse
1097 2001 1223 2075 macho,
1252 2003 1312 2063 hoa
1333 2006 1380 2064 est
1397 2006 1554 2082 violentia,
1577 2016 1649 2087 quae

83 2086 207 2151 itsdana
224 2090 360 2151 dandas
380 2088 602 2170 persecutionis
624 2089 733 2168 gratia,
758 2087 832 2148 rati
878 2092 1068 2163 moerimslt,
1094 2097 1126 2153 et
1146 2090 1314 2154 voluntatis
1335 2098 1449 2156 nutum
1469 2102 1651 2178 extorqueat

83 2181 219 2242 nonaum
240 2182 361 2243 deserta
378 2180 569 2261 conarglum,
590 2181 667 2241 dam
687 2188 829 2259 perseeu-
880 2183 920 2243 ao
941 2183 1049 2256 invita
1074 2186 1109 2244 ut
1127 2184 1193 2262 jam
1210 2187 1323 2264 septus
1338 2189 1540 2251 monuimus.
1569 2190 1650 2253 Tum

85 2272 161 2333 honis
182 2275 276 2335 tinem
303 2275 545 2354 prestolaretur,
568 2272 781 2357 necessitatem
796 2271 830 2331 ln
880 2275 964 2354 quod
977 2276 1062 2336 addit
1075 2276 1250 2354 anselmus,
1267 2277 1400 2356 speciem
1418 2280 1501 2341 illias
1518 2284 1648 2343 necessi·

88 2364 256 2427 voluntatem
270 2366 397 2443 vertitu
416 2369 452 2426 ut
465 2366 509 2425 ait
522 2361 745 2443 Hieronymus¹
759 2362 833 2442 ;qui
879 2365 954 2428 tatis
972 2378 1039 2427 esse
1052 2370 1255 2447 preceptum,
1280 2370 1353 2429 satis
1377 2371 1500 2447 indicat,
1522 2386 1588 2434 non
1611 2364 1649 2435 de

89 2454 348 2518 benevoluntatem
365 2458 495 2537 opponit
515 2456 698 2531 necessitati,
713 2454 773 2515 hoc
787 2459 833 2514 est
880 2457 1032 2531 absoluta,
1047 2464 1078 2518 et
1096 2458 1300 2520 interfectrice
1319 2459 1468 2523 libertatis
1492 2464 1650 2526 coactione

90 2554 228 2624 chonca
242 2558 432 2628 spontaneum
441 2548 551 2624 invito,
563 2548 633 2609 etvi
644 2545 833 2607 necessitatis
880 2549 964 2628 toqui
988 2562 1031 2627 se,
1052 2551 1105 2610 sed
1123 2546 1163 2610 de
1179 2566 1228 2617 eac
1241 2562 1311 2629 qam
1324 2553 1513 2614 satmnseens
1525 2554 1651 2616 admota

91 2642 338 2719 expressumque
345 2639 509 2701 necessitas
518 2637 697 2716 hujumodi
708 2637 833 2697 liberta·
881 2642 1074 2702 uolantatcm
1086 2642 1225 2721 impellit.
1230 2643 1411 2721 cujusmodi
1424 2662 1489 2706 non
1498 2632 1544 2707 est
1557 2658 1651 2727 oppo-

89 2733 141 2789 tem
162 2749 222 2791 non
247 2732 383 2810 perimit,
394 2732 457 2792 sive
469 2739 622 2811 προαίρεσιν,
635 2728 832 2790 electionem·
880 2731 938 2790 sita
954 2731 1052 2791 libero
1074 2731 1215 2806 arbitrio,
1237 2732 1296 2792 lrou
1315 2734 1360 2793 est
1379 2738 1527 2813 reposuisse,
1544 2734 1597 2796 scd
1613 2748 1650 2817 ap

89 2822 263 2897 meimmm
274 2842 284 2898 ;
309 2824 362 2883 sed
386 2827 544 2902 spontaneo
564 2823 715 2882 duntaxat
738 2837 831 2899 repu-
881 2824 996 2902 locutu,
1022 2823 1054 2883 ld
1079 2827 1124 2883 est
1146 2828 1314 2904 amaturae,
1341 2825 1604 2902 quemadmodum
1620 2831 1651 2887 et

90 2918 160 2987 goat,
173 2914 251 2992 quod
269 2912 511 2975 etvotcurartcm
524 2911 834 2997 nonnunquamdiui-
883 2914 1012 2974 anecdot
1034 2915 1114 2975 Nam
1138 2919 1270 2994 uboqtm
1290 2915 1396 2991 modo,
1425 2917 1591 2993 coactione,
1615 2934 1651 2980 ac

91 3006 141 3070 tar,
150 3003 245 3065 marte
263 3009 369 3065 autem
382 3010 503 3065 rannac
883 3011 1036 3084 praecepto
1049 3006 1209 3081 manetur,
1220 3011 1251 3065 et
1263 3005 1483 3084 constringitur
1491 3007 1645 3084 voluntas,

120 3094 154 3155 ll.
173 3096 359 3175 Quapropter
380 3095 494 3169 Graeci,
515 3095 679 3173 Latinique
702 3096 832 3176 scripto·
882 3110 923 3156 ne
937 3103 1057 3176 sponte,
1074 3097 1158 3176 qaod
1172 3095 1249 3163 vult.
1263 3096 1366 3175 eliget,
1381 3098 1532 3176 quamdiu
1546 3108 1650 3161 necea

85 3196 141 3260 ras,
157 3199 189 3247 ao
207 3189 255 3248 aul
276 3187 418 3267 gentiles,
445 3187 494 3248 vel
516 3187 676 3247 christiani
697 3186 834 3267 theologi
883 3186 966 3247 sitati
979 3188 1026 3248 illi
1038 3188 1222 3267 refragatur,
1237 3198 1296 3249 neo
1309 3187 1513 3269 obtemperat,
1528 3192 1652 3271 utquod

4 3270 57 3358 ’ΨΜ
85 3278 208 3357 perinde,
226 3290 262 3340 ae
282 3280 467 3359 philosophi,
489 3292 561 3340 curn
574 3279 613 3340 cle
627 3278 719 3340 rebus
728 3280 834 3359 dispo·
883 3280 1052 3358 liberasso
1060 3280 1158 3341 invita
1166 3280 1271 3341 mmen
1283 3280 1426 3360 eligebat,
1437 3282 1653 3362 ultroincipiat

17 3388 35 3417 a
85 3370 332 3432 antadliberam
346 3368 519 3445 arbitrium,
530 3386 565 3431 ao
578 3382 681 3432 mores
694 3372 834 3451 spectum·
884 3371 1038 3450 amplectit

86 3459 171 3536 tibus,
183 3463 274 3524 ambi
287 3458 451 3543 nasacti
460 3466 507 3523 est
516 3466 725 3539 aeecuc'totem,
737 3463 837 3523 nomi·
925 3464 980 3525 xl.
996 3465 1075 3524 Nam
1089 3462 1173 3542 quod
1186 3478 1225 3523 ex
1242 3463 1416 3542 Augustino
1434 3465 1548 3544 passim
1566 3460 1652 3546 ubas,

87 3558 166 3627 nant,
187 3567 247 3615 nun
268 3550 362 3614 aliam
389 3554 578 3633 intelligunt,
603 3566 699 3633 quarn
726 3570 837 3635 quea
888 3562 919 3616 st
932 3557 972 3617 ad
985 3556 1074 3617 iilum
1089 3555 1341 3616 anselmrrccum
1355 3556 1467 3618 occinit
1476 3568 1575 3619 nouis
1583 3559 1657 3634 dog-

6 3650 60 3737 ἐξω
87 3643 168 3705 ucho
181 3648 312 3726 exposita
334 3645 391 3718 est,
415 3660 481 3706 non
501 3646 713 3708 manantem
728 3648 837 3725 titique
887 3648 1024 3710 maanes
1038 3646 1061 3717 ¹,
1077 3648 1172 3708 talem
1185 3644 1316 3726 inalligi
1332 3649 1556 3727 necmnmtem,
1576 3664 1654 3731 pao,

86 3734 232 3815 libertatis,
251 3744 283 3798 st
299 3737 485 3813 absolutam,
506 3737 583 3819 (haee
604 3740 689 3799 enim
704 3738 784 3799 niati
797 3738 837 3800 ad
887 3741 1003 3803 etiamsi
1025 3739 1164 3802 nolumus
1177 3737 1275 3819 efficit
1296 3740 1339 3813 ia,
1361 3739 1555 3821 quodpotest,
1577 3741 1658 3802 nihil

87 3838 178 3889 mores
197 3826 312 3909 athual
336 3828 391 3890 sed
413 3836 483 3909 aaa
503 3829 635 3890 liberam
655 3829 838 3891 electionem
886 3840 918 3895 st
931 3848 988 3912 pro
1001 3832 1161 3907 catholica,
1177 3832 1209 3892 id
1228 3836 1274 3892 est
1289 3836 1396 3892 nostra
1415 3833 1562 3911 opinione
1576 3834 1656 3892 vali·

88 3919 238 3981 voluntatis
257 3920 397 3996 inflectit,
421 3921 460 3981 ad
481 3934 574 4001 saque
588 3920 753 4001 pertrahit;
769 3934 838 4002 quoe
888 3927 968 4000 dius,
985 3928 1136 3986 utcontra
1150 3923 1303 4002 dogmatis
1324 3924 1371 3983 sui
1389 3940 1510 3984 venena
1521 3936 1656 4003 presen-

89 4018 232 4091 proptarea
244 4012 368 4073 moralis
384 4013 533 4075 necesitas
547 4013 696 4094 appellari
708 4033 836 4075 eonsue-
888 4019 950 4078 tius
967 4017 1078 4078 afferre
1099 4015 1209 4096 potuit.
1231 4014 1357 4074 Etenim
1378 4016 1576 4094 perspicuum
1598 4016 1655 4090 est,

88 4103 135 4163 tit·
148 4105 186 4165 Et
200 4120 263 4183 quo
275 4105 363 4166 iuuet
381 4110 413 4165 ot
433 4104 585 4165 cavillatio
606 4104 747 4182 Lethaei,
772 4104 840 4173 Col·
891 4106 1350 4187 augustinumdeneuessitatc,
1365 4104 1660 4168 sivecosctionsllla

90 4194 152 4269 tini,
178 4197 296 4274 buceri,
324 4216 361 4257 se
392 4214 547 4257 novorum
581 4198 839 4277 dogmatistarum
889 4201 1163 4280 interpretandum
1187 4214 1263 4273 esse,
1300 4211 1364 4259 non
1392 4214 1462 4278 quse
1493 4197 1660 4260 uoluntatis
1737 4259 1746 4270 ‚

90 4288 610 4367 mansiumqnilibertatiarbltrii
619 4290 716 4350 solam
726 4292 842 4370 opponi
892 4294 1056 4354 arbitrium
1066 4292 1199 4353 liberm
1208 4291 1337 4351 interius
1346 4289 1514 4351 obsidendo
1528 4290 1618 4368 telle,
1630 4301 1661 4353 et

91 4377 141 4439 dn
171 4387 201 4443 et
236 4382 427 4442 coaahcnem
455 4374 613 4460 putantes,
642 4398 708 4442 non
736 4392 841 4444 autem
892 4384 1005 4465 eligere
1028 4386 1133 4463 cogam
1158 4383 1192 4443 id
1212 4383 1297 4443 enirn
1319 4382 1405 4442 nulla
1427 4383 1472 4460 vi,
1494 4398 1535 4444 ne
1555 4384 1662 4444 diane

91 4474 284 4534 moialem
293 4472 475 4552 simplicem,
484 4484 547 4551 qua
555 4476 587 4534 et
595 4480 705 4552 sponte
711 4474 839 4554 aliquid,
892 4474 1030 4555 quidem,
1047 4474 1127 4536 affici
1141 4484 1228 4554 posse
1242 4475 1443 4535 consentiunt
1455 4488 1660 4554 omnes,qun-

91 4567 117 4621 tt
135 4565 302 4627 necesaria
329 4565 375 4640 ht,
399 4565 474 4626 indo
493 4565 681 4627 calumniam
703 4571 839 4643 mount,
893 4570 979 4629 niam
999 4566 1194 4629 manifestam
1211 4567 1245 4626 in
1259 4566 1661 4645 serepugnantiaminclu-

90 4656 160 4731 qaod
170 4657 514 4736 caeoc'tusabantiquis
527 4672 584 4737 pro
597 4658 744 4719 violentia
757 4660 842 4720 iden·
892 4661 949 4722 dit.
975 4662 1083 4720 Restat
1104 4658 1212 4737 igitur,
1235 4662 1272 4717 nt
1293 4663 1380 4718 extra
1396 4657 1591 4719 uoluntatem
1605 4654 1664 4720 sita

90 4744 171 4809 tidem
193 4749 355 4828 accipitur.
392 4748 454 4810 Neo
488 4748 749 4826 animadvertunt,
777 4756 843 4811 tam
894 4762 1040 4833 premam
1064 4750 1117 4810 illa
1138 4749 1312 4825 necessitas,
1335 4750 1457 4829 corpori
1475 4764 1510 4811 aa
1523 4750 1664 4811 sensibus

92 4833 207 4903 Qrum
225 4840 414 4903 considerari
437 4840 476 4902 ab
499 4841 569 4917 illis,
585 4843 668 4920 qtrod
690 4842 844 4904 estotim
894 4844 1040 4920 incubet3
1057 4848 1088 4904 et
1106 4842 1141 4902 lh
1163 4838 1214 4911 iis,
1233 4840 1353 4902 etiarnsi
1374 4841 1522 4917 amamus,
1545 4843 1605 4903 hoe
1619 4848 1664 4903 est

91 4941 273 5009 porosum,
286 4949 383 5011 quam
394 4932 613 5009 harenarium,
628 4930 713 5012 quod
724 4935 845 5014 opposi-
895 4937 1065 5011 obnitente,
1077 4949 1113 4995 au
1123 4934 1282 4995 resistente
1294 4932 1422 4994 arbitrio
1431 4932 1540 5010 libero,
1552 4932 1665 4995 efficiat

93 5022 146 5083 bn
157 5032 200 5086 cst
210 5026 397 5105 spontaneos
413 5034 581 5104 utrumque
590 5042 684 5104 portu
697 5027 736 5087 ad
745 5040 845 5105 genas
897 5030 941 5106 id,
956 5029 1040 5108 quod
1058 5031 1168 5111 praest.
1189 5018 1270 5098 Quid
1290 5028 1395 5085 autem
1409 5023 1486 5084 illud
1500 5026 1556 5102 est,
1580 5026 1665 5106 quod

91 5125 190 5191 nram,
206 5116 291 5196 quod
307 5115 421 5177 nurus
433 5120 558 5193 vocant,
570 5117 688 5177 reterri.
897 5125 1009 5202 potest,
1032 5114 1093 5180 nisi
1116 5124 1151 5178 ut
1172 5116 1285 5196 cogat?
1307 5130 1381 5176 nam
1404 5116 1664 5191 semitoniumve

124 5206 200 5281 truc,
226 5226 298 5289 quae
324 5224 418 5288 supra
445 5208 480 5268 in
499 5208 590 5269 tortio
611 5209 693 5270 libro
713 5206 844 5290 sparsim
898 5211 1085 5273 necomitatis
1098 5210 1234 5289 cogentis
1247 5206 1423 5289 potamia
1436 5218 1474 5269 oo
1487 5208 1553 5269 scic
1566 5210 1666 5276 estut

91 5296 243 5378 murus,
254 5301 370 5362 irarum
378 5300 707 5363 incubandahoeloec
716 5302 844 5363 inerunt
897 5310 998 5383 cogat
1020 5302 1114 5381 Atqui
1131 5301 1228 5362 libera
1245 5298 1388 5359 voluntas
1407 5298 1442 5360 in
1461 5308 1495 5361 se
1511 5298 1577 5380 ipsa
1594 5297 1665 5378 cogi

93 5388 843 5477 minmigusmamursaselmusnesessitatsm
897 5398 1085 5477 nonpotest.
1099 5394 1169 5456 iton
1182 5391 1277 5472 igitur
1294 5386 1664 5471 inipsavcluntateope·

119 5572 681 5653 commmunicaverunt
