3984 6176
570 452 621 512 DE
639 449 814 519 inustis,
837 448 908 511 lla.
932 449 987 526 lll,
1009 447 1093 512 GAP.
1117 450 1183 512 Vll.
1610 450 1668 511 ίθθ

93 614 135 675 lta
143 614 308 695 Nysscnus3
323 616 379 698 qui
392 635 464 679 cum
474 617 618 679 homines
626 635 691 678 non
704 613 850 695 baptismi
900 613 1008 690 suisse,
1023 620 1059 676 ut
1069 620 1124 676 ant
1134 613 1304 690 diabolum,
1326 619 1356 675 et
1369 613 1527 676 daemones
1540 614 1665 694 pariter,

91 706 185 769 solum
209 715 359 789 expertes,
384 711 436 771 sed
463 710 558 771 etiam
583 708 784 789 ponitentiae,
813 725 849 768 ac
899 724 935 768 ac
952 707 1116 768 damnatos
1137 707 1280 768 homines
1298 707 1396 767 salvos
1416 706 1582 786 aliquando
1601 708 1668 769 fore

91 800 172 861 nullo
184 819 306 880 prorsus
329 820 443 880 genere
460 801 654 882 purgationis
673 801 851 879 redemptos
900 799 1026 876 diceret,
1051 805 1115 875 aut,
1143 799 1209 860 solo
1237 805 1364 879 excepto
1393 798 1533 879 principe
1554 799 1670 861 daemo·

90 893 251 971 apcccatis,
275 894 315 955 ad
337 913 426 974 spem
438 893 662 974 consequendae
683 897 849 973 postmor·
901 910 979 952 num
1002 892 1135 969 diabolo,
1159 897 1286 953 caeteros
1310 910 1430 968 omues,
1458 897 1513 952 aut
1534 891 1668 971 denique

90 990 152 1046 tem
163 985 263 1047 salutis
272 993 373 1063 rorat,
387 987 509 1048 nullum
522 990 623 1067 potest
635 985 809 1047 excludere.
901 983 982 1045 solos
1008 984 1162 1060 homines,
1188 984 1323 1058 diabolo,
1353 988 1384 1044 et
1399 984 1522 1063 Angelis
1547 985 1613 1063 ejus
1635 986 1668 1046 in

129 1077 179 1138 Vl.
202 1078 299 1158 Atque
334 1079 402 1141 haee
428 1080 555 1160 quidem
580 1079 618 1139 de
658 1078 849 1151 daemonum,
901 1081 1087 1156 perpetuum
1110 1077 1248 1153 rejectis3
1273 1076 1392 1155 priores
1410 1075 1570 1155 opiniones
1590 1078 1669 1138 duas

91 1170 306 1251 hominumque
320 1172 539 1233 damnatorum
552 1169 849 1247 saluta,itadiscrta,
900 1169 992 1246 pauci
1005 1168 1233 1230 Catholicorum
1242 1168 1376 1248 amplexi
1394 1172 1476 1228 sunt.
1490 1169 1534 1230 Ac
1545 1168 1668 1231 videtur
1723 1189 1822 1236 ιιτιστιτ

92 1282 287 1345 expressaque
305 1270 391 1341 srrnt,
405 1264 579 1344 prasertim
597 1263 631 1324 in
653 1260 848 1336 Cotecdetr'co,
901 1260 1094 1323 eanounihil
1108 1260 1228 1323 afflatus
1249 1267 1355 1322 auctor
1372 1261 1668 1323 commentariorum
1692 1244 1839 1353 ‘wlff

92 1362 125 1417 ut
142 1356 285 1418 stonum
308 1357 390 1418 trahi
410 1361 578 1437 nequeant,
597 1373 655 1417 uec
674 1353 739 1415 ulla
752 1352 849 1413 inter-
900 1351 935 1412 in
955 1353 1098 1432 epistolas
1120 1353 1221 1420 Pauli.
1243 1353 1297 1432 qui
1317 1352 1481 1415 Ambrosio
1509 1352 1665 1415 tribuitur.

90 1448 251 1529 pretatione
270 1448 395 1510 molliri.
413 1448 637 1511 Animadvertit
655 1450 715 1509 hoc
728 1444 850 1525 pridem
899 1443 979 1506 Nam
992 1446 1031 1507 ad
1045 1463 1125 1519 eam,
1144 1463 1215 1525 quae
1237 1451 1283 1507 est
1303 1442 1511 1525 adaptatos,
1527 1446 1669 1526 capitcru

90 1543 252 1603 (immarus
275 1541 453 1603 Patriaraha
479 1538 847 1619 Constantinopolitanae,
901 1535 1056 1599 affirmare
1088 1538 1222 1616 videtur,
1256 1538 1423 1612 daemones,
1464 1537 1518 1616 qui
1555 1537 1684 1599 diaboli·

90 1634 140 1713 qui
159 1635 236 1695 ineo
258 1633 352 1707 libro,
372 1634 460 1713 cujus
473 1634 590 1695 mentio
605 1638 651 1693 est
670 1630 755 1709 apud
769 1630 850 1690 Pho·
901 1630 1060 1709 tyrannidi
1072 1631 1187 1692 amausi
1214 1635 1297 1708 aunt,
1313 1630 1532 1710 Apostolorum
1554 1632 1668 1710 preadi-

88 1726 162 1787 tium
172 1724 193 1802 ¹;
206 1743 301 1807 quem
314 1726 469 1807 inscripsit
490 1732 717 1799 Ἀνταττσιοτιτιν,,
733 1723 793 1784 hoc
806 1726 852 1783 eat
900 1722 1019 1784 catione
1030 1723 1070 1784 ad
1094 1722 1201 1801 fidem,
1216 1728 1247 1783 at
1268 1722 1398 1783 salutem
1417 1721 1578 1802 aspirasse.
1594 1724 1669 1786 Hae

91 1816 361 1899 compressionem,
381 1819 446 1881 sive
467 1825 618 1893 ‘letteren
634 1817 665 1878 id
680 1821 727 1878 cst
741 1814 849 1876 Since·
900 1814 984 1875 enim
997 1815 1093 1876 verba
1101 1817 1318 1893 interpretans,
1337 1812 1376 1877 Ut
1390 1813 1669 1897 innotescatprinci·

89 1928 161 1987 ιιινι,
173 1913 369 1991 propositum
380 1911 442 1972 hoe
466 1909 589 1987 babuit,
610 1919 647 1971 ut
672 1913 849 1989 suspectum
894 1906 995 1988 pibus,
1018 1916 1046 1969 et
1060 1909 1255 1988 potestatibus
1279 1907 1309 1967 in
1323 1906 1482 1968 coebstitra
1494 1927 1549 1987 per
1562 1907 1669 1970 Eccle-

88 2002 253 2082 Origeniani
295 2004 410 2066 erroris
451 2004 626 2083 Nyssenum
663 2001 848 2081 Gregorium
898 1999 975 2061 sium
988 2000 1184 2081 inuitisormis
1196 1999 1343 2081 rapientia
1353 2002 1418 2072 Dei,
1435 2001 1479 2061 uit
1490 2005 1666 2079 potestates,
1711 1992 1714 1997 ’

88 2093 265 2158 detenderet.
284 2096 401 2157 Tribus
420 2101 526 2157 nutem
541 2114 580 2156 ex
595 2094 662 2174 ejus
681 2094 771 2155 libris
784 2092 847 2173 peti
899 2098 930 2153 at
943 2092 1098 2172 principes
1108 2111 1173 2155 esse
1182 2091 1541 2173 spiritusinaoelestibus,
1556 2093 1670 2173 quibus

87 2184 163 2248 illius
172 2187 300 2250 haeresis
312 2194 501 2267 arguments
514 2187 612 2262 dicit3
636 2204 771 2266 qnorum
784 2185 847 2246 duo
897 2202 954 2264 per
976 2185 1141 2248 Ecclesiam
1168 2185 1282 2247 Christi
1303 2185 1416 2247 raritas
1436 2183 1585 2263 innotuit,
1604 2207 1617 2243 ι
1633 2194 1670 2247 ut

88 2279 196 2341 anobis
212 2281 300 2343 allati
313 2286 400 2357 sunt,
414 2281 523 2341 tertius
544 2284 591 2341 est
604 2287 660 2360 ττρι
671 2286 763 2341 τελείου
779 2287 845 2359 βίου,
898 2284 1098 2358 agnoscentes
1123 2297 1181 2360 per
1200 2277 1376 2352 Ecclesiam,
1408 2296 1478 2357 quae
1501 2278 1668 2341 multitaria

87 2368 253 2452 &perfecta
268 2373 342 2450 vitu,
357 2371 412 2453 qui
424 2372 509 2434 haud
522 2370 596 2449 seio,
613 2390 655 2432 an
668 2376 778 2433 exstet.
793 2374 849 2433 Est
897 2370 1047 2433 advitam
1073 2377 1203 2432 attracta
1215 2376 1275 2446 ost;
1299 2370 1334 2430 iu
1353 2370 1474 2431 Christo
1497 2371 1591 2433 unius
1612 2371 1668 2432 Dei

87 2464 202 2543 quidem
223 2465 358 2545 scriptus
377 2464 417 2525 ab
440 2483 476 2527 co
495 2463 574 2525 liber
600 2468 686 2524 tomo
710 2464 847 2525 secundo
898 2480 1025 2525 manere
1046 2462 1240 2544 mysterium,
1268 2462 1410 2524 desinant
1431 2462 1472 2522 ab
1495 2481 1611 2525 errore.
1631 2464 1668 2526 Id

87 2574 206 2635 operum
224 2555 325 2638 ipsius
351 2565 407 2638 τερι
432 2566 595 2633 ττλτιότητος,
618 2554 653 2616 de
667 2556 848 2636 perfectione
897 2557 982 2618 euim
993 2556 1107 2635 agitur,
1119 2561 1153 2617 ut
1161 2554 1341 2636 praedicatio
1355 2554 1563 2616 Ecclesiastico
1575 2555 1669 2618 etiam

88 2646 361 2724 assumerem
376 2654 445 2709 tum
457 2646 578 2710 alterde
595 2645 779 2724 VitaMosrs,
793 2647 848 2728 qui
896 2648 945 2711 his
959 2647 1108 2728 proficiat,
1119 2654 1151 2710 et
1164 2649 1308 2710 deserant
1319 2664 1480 2710 assensum
1495 2648 1669 2728 tyrannidis
1750 2651 1752 2655 ’

86 2744 114 2799 et
133 2749 302 2823 τεριτῆςιατ
317 2748 407 2823 ἀρετὴν
420 2750 581 2817 τελειότητος,
607 2738 643 2800 de
665 2740 848 2820 perfectione
899 2740 1024 2817 diaboli,
1053 2760 1115 2821 qua
1143 2759 1176 2803 se
1197 2741 1345 2802 adversus
1372 2740 1428 2802 Dei
1455 2740 1548 2802 rmius
1573 2741 1669 2803 fidem

89 2836 151 2897 sato
169 2853 207 2896 er
226 2838 340 2896 uirtute
362 2835 507 2896 institute
535 2831 699 2913 praefixum
720 2832 848 2894 titulum
898 2833 995 2913 impia
1032 2833 1277 2914 presumptione
1304 2833 1476 2895 armavit.»
1507 2834 1589 2894 Tum
1615 2833 1669 2895 illa

86 2926 188 3003 laten
216 2926 273 2987 sed
297 2925 379 2986 nihil
400 2925 522 2986 inistis
548 2924 681 2986 occurrit
706 2924 848 3004 priorum
897 2923 1012 2986 Psalmi
1028 2943 1103 2986 ιιιιιιι
1128 2926 1223 2988 verba
1246 2927 1309 2987 lruo
1323 2924 1546 2999 accommodat,
1565 2923 1668 2986 Tollite

87 3019 187 3081 imile.
204 3018 306 3099 Igitur
324 3017 471 3094 Gregorio
494 3018 667 3078 Germanus
680 3015 725 3076 ita
741 3022 847 3096 patro·
896 3025 1010 3098 portes,
1028 3017 1186 3099 principes,
1203 3026 1321 3091 vestras,
1349 3024 1377 3077 et
1394 3015 1552 3078 ehvamini
1565 3024 1668 3095 portis

87 3111 327 3191 sinatur,utpro
342 3115 480 3171 certo.et
497 3107 766 3184 couiassohabeat,
782 3109 846 3185 illa,
899 3109 1058 3184 τοίσικιοίιι,
1088 3119 1116 3170 et
1144 3108 1279 3169 introibit
1304 3127 1358 3170 rer
1384 3107 1500 3189 φύοντα,
1531 3127 1600 3188 quae
1624 3110 1668 3172 sic

88 3224 150 3285 qua
162 3204 354 3284 objiciuntur
379 3220 397 3262 e
420 3201 507 3263 libris
529 3201 623 3277 illius,
650 3200 730 3275 loca,
745 3200 849 3279 qualia
899 3208 1047 3265 enarrat:
1066 3202 1213 3263 «Dicitur
1239 3219 1314 3280 ergo
1328 3201 1377 3261 his
1390 3201 1591 3281 principibus,
1615 3202 1669 3282 qui

88 3302 152 3357 sunt
172 3316 219 3368 ea,
245 3313 317 3376 quse
338 3293 494 3373 descripsi,
518 3291 743 3371 origenianam
764 3292 849 3354 istud
898 3295 932 3356 in
953 3313 1058 3356 errore
1084 3299 1167 3369 sunt,
1192 3293 1227 3356 in
1249 3293 1423 3355 coelestibus
1443 3293 1507 3355 sire
1519 3294 1669 3356 ministris

86 3388 188 3466 dogma
196 3386 376 3468 complecti:
387 3385 532 3464 nequadc
541 3384 579 3445 iis
587 3384 786 3463 explicandis,
795 3389 849 3445 aut
899 3385 966 3464 ejus
979 3384 1013 3444 in
1026 3383 1124 3461 terris,
1141 3389 1177 3443 ut
1190 3383 1333 3446 auferant
1343 3389 1445 3463 portas
1458 3382 1606 3463 principis
1618 3385 1667 3446 sui

88 3499 203 3561 quoquo
222 3479 318 3541 modo
338 3477 539 3540 conciliandis
562 3476 695 3551 laborat,
719 3481 755 3536 ut
767 3494 847 3537 non·
899 3476 1014 3539 diaboli
1022 3476 1061 3537 de
1075 3477 1232 3537 mentibus
1245 3475 1319 3554 suis,
1335 3494 1391 3556 per
1404 3494 1481 3556 quas
1495 3475 1666 3538 multorum

88 3574 157 3634 nulli
168 3575 228 3635 hoe
241 3578 383 3652 tempore
398 3570 447 3650 pie
461 3569 571 3648 magis,
591 3586 687 3648 quam
700 3586 783 3643 vere,
795 3574 850 3630 aut
899 3570 1030 3631 deorum
1043 3571 1280 3631 asserendorum
1294 3587 1380 3630 error
1394 3568 1532 3629 intravit.
1547 3590 1563 3627 s

88 3666 172 3727 edam
198 3665 355 3746 pudenter
376 3661 552 3723 instituunt.
584 3660 644 3721 Sed
674 3659 738 3721 sola
763 3660 849 3721 bunc
937 3662 1021 3723 Vlll.
1037 3662 1093 3722 llio
1107 3679 1173 3722 non
1195 3660 1283 3737 alios,
1302 3678 1395 3741 quam
1417 3661 1530 3741 impios
1542 3661 1668 3741 spiritus

88 3758 256 3837 exceptione
275 3754 431 3830 delendit3
455 3771 530 3814 uam
543 3752 639 3813 libros
652 3751 771 3831 ejusab
785 3752 850 3815 Ori-
897 3752 1094 3834 interpretari
1117 3753 1163 3815 fas
1186 3759 1243 3829 est,
1273 3751 1327 3833 qui
1353 3752 1414 3814 fide
1441 3759 1558 3830 carent,
1583 3759 1614 3815 et
1634 3754 1667 3816 in

88 3850 165 3927 genis
195 3847 371 3910 fautoribus
402 3846 556 3907 haereticis
585 3851 746 3924 corruptos
784 3862 848 3907 esse
900 3863 1005 3908 errore
1018 3851 1102 3911 sunt,
1119 3844 1322 3925 actyrannidi
1330 3845 1445 3906 assensi
1453 3852 1527 3907 sunt
1540 3845 1664 3923 diaboli;

89 3947 221 4003 moratur
234 3941 335 4020 iisque
348 3938 465 3999 alienas
477 3938 549 3998 istas
560 3937 691 3998 insertas
704 3954 769 3998 esse
781 3955 849 3998 seu·
899 3957 977 4018 quos
991 3939 1084 4000 etiam
1106 3938 1145 3998 ab
1160 3955 1265 3999 errore
1287 3937 1340 3998 illo
1361 3937 1579 4016 predicatione
1592 3937 1667 3999 liba-

89 4035 202 4095 entes.
216 4033 338 4094 Verum
347 4050 412 4092 uon
425 4029 513 4090 facilc
527 4029 585 4090 sibi
597 4029 657 4090 hoe
671 4027 849 4108 persuaderi
898 4030 961 4093 rari
975 4030 1117 4092 Ecclesia
1137 4031 1237 4091 docet.
1252 4030 1331 4090 Nam
1353 4030 1393 4090 ad
1406 4029 1505 4090 bonos
1520 4030 1664 4109 Spiritus,

90 4127 171 4203 duat,
184 4124 239 4205 qui
251 4125 292 4185 ad
307 4123 361 4184 illa
374 4122 505 4202 legenda
513 4121 677 4200 judicium,
693 4125 724 4182 et
735 4122 851 4182 cando·
898 4123 951 4201 qui
977 4121 1073 4183 rident
1099 4122 1209 4202 faciem
1224 4121 1326 4183 Patres
1339 4119 1490 4198 πύθοιθ’,
1511 4126 1542 4182 at
1561 4121 1665 4182 Chris·

90 4235 149 4279 ram
161 4216 333 4279 adhibebit.
348 4216 468 4294 Quippe
479 4219 545 4274 tam
555 4211 666 4292 stylus,
685 4218 717 4273 et
727 4210 852 4275 dicendi
898 4220 978 4291 tum,
994 4215 1098 4275 statim
1111 4220 1199 4295 atque
1214 4211 1397 4274 introductus
1409 4218 1450 4273 est
1461 4212 1597 4275 inertem
1610 4222 1669 4276 ter·

91 4308 250 4383 dimeter,
276 4325 372 4388 quam
395 4307 515 4385 reliqua
529 4322 721 4384 consequeus
738 4307 849 4379 oratio,
899 4306 1033 4385 rurum³,
1061 4306 1189 4367 adorare
1208 4306 1286 4385 jussi
1313 4311 1397 4380 sunt,
1433 4305 1602 4367 absurdum
1628 4307 1669 4368 sit

91 4419 230 4480 ςιτιιιιιιιι
243 4399 388 4461 etnativa
401 4398 528 4460 illacsse
538 4397 739 4459 demonstrat.
898 4400 1024 4477 referre,
1039 4399 1103 4460 imo
1118 4399 1313 4478 sacrilegum.
1340 4399 1524 4479 Quanquam
1538 4418 1602 4461 non
1616 4418 1667 4463 me

124 4496 193 4556 VII.
208 4495 289 4556 Cum
314 4496 420 4553 autem
440 4508 480 4552 ex
506 4489 667 4551 antedictis
691 4494 849 4569 appareat,
899 4492 1048 4572 praeterit,
1077 4491 1159 4552 inter
1173 4491 1233 4551 ulia
1247 4490 1389 4570 Origenis
1403 4490 1522 4552 somnia
1537 4497 1568 4552 et
1584 4490 1667 4553 istud

94 4602 150 4647 uon
174 4587 249 4648 satis
267 4586 303 4646 in
328 4602 434 4645 errore
456 4586 648 4646 constantem
680 4581 738 4642 sibi
759 4581 852 4642 luisse
900 4585 1004 4661 Arima,
1018 4582 1118 4644 bonos
1131 4582 1276 4662 Angelos,
1291 4583 1404 4662 quibus
1413 4582 1578 4645 hominum
1595 4601 1667 4645 cus-

95 4678 261 4759 On'gcnem,
290 4694 328 4739 ae
347 4675 498 4737 bifariam
521 4674 649 4736 omuino
669 4690 743 4735 cum
761 4691 852 4753 expo
901 4677 1018 4739 tedium
1040 4674 1180 4755 permisit
1198 4677 1289 4754 Deus,
1314 4693 1371 4737 suo
1385 4677 1522 4757 periculo
1534 4675 1667 4738 functio·

97 4880 164 4951 plrm
177 4878 254 4935 ieris.
270 4876 309 4950 ἐφ’
323 4870 360 4931 ὧν
372 4874 420 4950 γὰρ
436 4875 498 4932 κατὰ
510 4877 553 4931 τὸν
568 4876 620 4948 βίον
630 4878 716 4930 τοῦτον
726 4873 743 4944 ἡ
754 4868 795 4929 ut
808 4879 853 4929 τού
901 4875 1057 4945 καταλλήλον
1069 4874 1095 4929 st
1108 4880 1145 4948 τῷ
1158 4874 1365 4947 κσκιθθηλτυμίνῳ
1386 4873 1483 4948 γροσίῳ
1500 4875 1529 4929 tt
1542 4876 1669 4949 χωνευτί·

1 4985 2 4996 ’
96 4958 189 5037 lame
197 4961 406 5036 προκαθηγήσατο
418 4962 544 5032 κάθαρσις,
558 4959 618 5032 πρὸς
631 4959 660 5013 rb
671 4958 784 5031 συγγενίς
796 4959 854 5012 τού-
903 4979 965 5031 pror,
980 4960 1015 5021 θις
1040 4963 1084 5026 τῆς
1111 4957 1267 5031 ἔμμιχθείσης
1285 4957 1369 5019 αύτοῖς
1390 4958 1475 5020 κακίας
1497 4955 1668 5032 θιτοτακτίσης,

1 5105 2 5110 ,
97 5047 306 5120 νιιςθναιύιρησις
318 5044 397 5098 ἔσται.
408 5051 445 5117 τῷ
459 5043 485 5097 δὲ
501 5044 599 5115 καθαρῷ
613 5042 643 5096 τὸ
655 5041 743 5102 ἀπαθὲς
752 5061 853 5114 προσοι-
903 5045 1004 5115 μακροῖς
1013 5041 1112 5115 irrepat
1128 5041 1199 5095 αἰῶσι
1213 5040 1319 5112 καθαρὰν
1339 5040 1494 5108 ἀποσωθῆναι
1508 5047 1544 5115 τῷ
1558 5042 1605 5116 θεῷ
1625 5042 1670 5111 τὴν

1 5115 2 5126 ¹
96 5127 190 5184 πίεται.
209 5129 235 5183 ἰν
252 5128 279 5181 δὲ
293 5132 326 5201 τῇ
340 5127 444 5199 θιταθτίᾳ
461 5126 491 5180 rb
504 5127 622 5199 μακάριον
637 5119 698 5178 εἶναι
716 5122 761 5178 oin
778 5124 853 5197 ἀμφι·
901 5125 980 5196 φύσιν.
993 5122 1045 5178 lael
1054 5120 1096 5178 σύν
1113 5124 1212 5197 perusi
1228 5124 1264 5187 τίς
1279 5122 1330 5178 ἔστι
1347 5124 1448 5196 θονύμις
1462 5122 1486 5177 ἔν
1501 5130 1537 5197 τῷ
1550 5128 1617 5198 πυρί,
1629 5125 1671 5179 καί

1 5205 2 5262 ἶ
96 5208 208 5265 takes.
230 5205 272 5272 οἷς
298 5209 325 5263 δὲ
351 5209 534 5282 προσεσωριίιθη
560 5208 591 5263 τύ
613 5208 694 5276 πάθη,
718 5207 758 5260 καὶ
781 5206 852 5261 οὐδὲν
901 5213 938 5279 τῷ
947 5207 1024 5261 biart·
1036 5207 1060 5261 σί
1069 5206 1110 5260 διὰ
1123 5212 1166 5261 τοῦ
1181 5207 1268 5270 libato<
1280 5211 1324 5260 τοῦ
1340 5210 1455 5280 μυστικοῦ
1477 5207 1520 5261 ebs
1534 5211 1577 5275 τῆς
1589 5209 1672 5272 κακίας

1 5281 2 5312 ³
95 5295 209 5367 προσήχθη
223 5299 267 5361 τῆς
285 5293 386 5361 κηλίθος
402 5293 541 5365 καθάρσιον·
561 5289 618 5365 οὐχ’
643 5291 709 5363 ὕδωρ
723 5292 849 5364 μυστικόν·
901 5290 976 5361 ῥύπον
989 5289 1194 5363 θιτοκλνσθρανοι,
1209 5295 1252 5344 τοῦ
1267 5288 1350 5362 ἐτέρου
1370 5296 1420 5343 τῶν
1431 5290 1569 5362 καθαρσίων
1591 5289 1671 5354 εἴδους

96 5373 265 5445 situum
277 5375 343 5438 θείας
353 5376 489 5447 δυνάμεως,
504 5372 621 5448 σύχ’ἧέκ
635 5373 769 5446 paropsiae
780 5373 853 5446 θρθω·
900 5371 945 5428 oia
970 5372 1113 5428 ἐπιθέονται.
1135 5374 1158 5426 σί
1182 5371 1208 5427 δὲ
1231 5373 1319 5441 ταύτης
1340 5370 1443 5446 &princes
1466 5376 1509 5439 τῆς
1522 5372 1669 5445 καθάρσεως,

96 5475 134 5519 τις·
148 5458 323 5532 iri-pperisti,
333 5458 374 5512 καὶ
383 5458 479 5519 τούτοις
489 5455 512 5510 ἓν
528 5457 718 5530 τῷκιιταλλιίλῳ
729 5456 850 5529 γενέσθαι·
901 5455 1037 5529 ἀναγκαίως
1051 5462 1087 5530 τῷ
1099 5457 1156 5530 πυρί
1169 5455 1350 5528 καθαρίζονται.

118 5613 128 5657 Ι
139 5612 186 5660 fid.
195 5612 293 5660 ata-2
303 5614 378 5660 mnu
388 5612 451 5667 ιιίιι,
461 5612 521 5660 itl-
531 5613 544 5660 θ
553 5614 603 5659 ast.
611 5623 628 5659 ι.
