<?xml version="1.0" encoding="UTF-8"?>
<!DOCTYPE html PUBLIC "-//W3C//DTD XHTML 1.0 Transitional//EN"
    "http://www.w3.org/TR/xhtml1/DTD/xhtml1-transitional.dtd">
<html xmlns="http://www.w3.org/1999/xhtml" xml:lang="en" lang="en">
 <head>
  <title>
</title>
<meta http-equiv="Content-Type" content="text/html;charset=utf-8" />
  <meta name='ocr-system' content='tesseract 3.04.00' />
  <meta name='ocr-capabilities' content='ocr_page ocr_carea ocr_par ocr_line ocrx_word'/>
</head>
<body>
  <div class='ocr_page' id='page_1' title='image "./dogmatatheologi00goog/dogmatatheologi00goog_0329.png"; bbox 0 0 3932 6172; ppageno 0'>
   <div class='ocr_carea' id='block_1_1' title="bbox 345 438 1411 508">
    <p class='ocr_par' dir='ltr' id='par_1_1' title="bbox 345 438 1411 508">
     <span class='ocr_line' id='line_1_1' title="bbox 345 438 1411 508; baseline -0.004 0"><span class='ocrx_word' id='word_1_1' title='bbox 345 448 403 508; x_wconf 75' lang='lat' dir='ltr'>als</span> <span class='ocrx_word' id='word_1_2' title='bbox 850 438 1174 503; x_wconf 76' lang='lat' dir='ltr'>rnnomaroosusi</span> <span class='ocrx_word' id='word_1_3' title='bbox 1193 439 1411 505; x_wconf 81' lang='lat' dir='ltr'><strong>DOGMATUM</strong></span> 
     </span>
    </p>
   </div>
   <div class='ocr_carea' id='block_1_2' title="bbox 345 607 1896 1420">
    <p class='ocr_par' dir='ltr' id='par_1_2' title="bbox 345 607 1892 783">
     <span class='ocr_line' id='line_1_2' title="bbox 345 607 1892 690; baseline -0.003 -17"><span class='ocrx_word' id='word_1_4' title='bbox 345 613 512 688; x_wconf 89' lang='lat' dir='ltr'>bonorum;</span> <span class='ocrx_word' id='word_1_5' title='bbox 528 612 597 672; x_wconf 90' lang='lat' dir='ltr'>ideo</span> <span class='ocrx_word' id='word_1_6' title='bbox 611 610 735 690; x_wconf 82' lang='lat' dir='ltr'><strong>proprie</strong></span> <span class='ocrx_word' id='word_1_7' title='bbox 751 607 919 669; x_wconf 84' lang='lat' dir='ltr'>voluntatis</span> <span class='ocrx_word' id='word_1_8' title='bbox 932 607 1110 685; x_wconf 66' lang='lat' dir='ltr'>asseclige-</span> <span class='ocrx_word' id='word_1_9' title='bbox 1163 623 1229 666; x_wconf 91' lang='lat' dir='ltr'>esse</span> <span class='ocrx_word' id='word_1_10' title='bbox 1246 607 1430 683; x_wconf 90' lang='lat' dir='ltr'>docueruut,</span> <span class='ocrx_word' id='word_1_11' title='bbox 1450 608 1574 688; x_wconf 88' lang='lat' dir='ltr'>utrique</span> <span class='ocrx_word' id='word_1_12' title='bbox 1592 607 1794 688; x_wconf 88' lang='lat' dir='ltr'>philosophos,</span> <span class='ocrx_word' id='word_1_13' title='bbox 1815 609 1892 669; x_wconf 90' lang='lat' dir='ltr'>etin·</span> 
     </span>
     <span class='ocr_line' id='line_1_3' title="bbox 346 697 1716 783; baseline -0.004 -18"><span class='ocrx_word' id='word_1_14' title='bbox 346 723 392 782; x_wconf 90' lang='lat' dir='ltr'>re,</span> <span class='ocrx_word' id='word_1_15' title='bbox 407 722 472 765; x_wconf 89' lang='lat' dir='ltr'>non</span> <span class='ocrx_word' id='word_1_16' title='bbox 490 709 594 764; x_wconf 88' lang='lat' dir='ltr'>autem</span> <span class='ocrx_word' id='word_1_17' title='bbox 612 703 765 783; x_wconf 90' lang='lat' dir='ltr'>appetitus</span> <span class='ocrx_word' id='word_1_18' title='bbox 787 699 934 762; x_wconf 88' lang='lat' dir='ltr'>sensitivi.</span> <span class='ocrx_word' id='word_1_19' title='bbox 950 720 965 757; x_wconf 83' lang='lat' dir='ltr'>o</span> <span class='ocrx_word' id='word_1_20' title='bbox 983 698 1030 759; x_wconf 79' lang='lat' dir='ltr'>Ad</span> <span class='ocrx_word' id='word_1_21' title='bbox 1044 698 1113 759; x_wconf 89' lang='lat' dir='ltr'>haec</span> <span class='ocrx_word' id='word_1_22' title='bbox 1164 697 1272 777; x_wconf 90' lang='lat' dir='ltr'>primis</span> <span class='ocrx_word' id='word_1_23' title='bbox 1287 699 1482 760; x_wconf 79' lang='lat' dir='ltr'>Aristotelem</span> <span class='ocrx_word' id='word_1_24' title='bbox 1490 700 1716 761; x_wconf 87' lang='lat' dir='ltr'>duocmsecuti.</span> 
     </span>
    </p>

    <p class='ocr_par' dir='ltr' id='par_1_3' title="bbox 345 788 1896 1420">
     <span class='ocr_line' id='line_1_4' title="bbox 347 788 1893 870; baseline -0.003 -14"><span class='ocrx_word' id='word_1_25' title='bbox 347 796 486 857; x_wconf 88' lang='lat' dir='ltr'>electioni</span> <span class='ocrx_word' id='word_1_26' title='bbox 497 795 752 855; x_wconf 88' lang='lat' dir='ltr'>coutrariamesse</span> <span class='ocrx_word' id='word_1_27' title='bbox 759 792 971 853; x_wconf 88' lang='lat' dir='ltr'>necessitatem</span> <span class='ocrx_word' id='word_1_28' title='bbox 978 788 1112 869; x_wconf 69' lang='lat' dir='ltr'>probat,</span> <span class='ocrx_word' id='word_1_29' title='bbox 1205 791 1291 863; x_wconf 85' lang='lat' dir='ltr'>Quod</span> <span class='ocrx_word' id='word_1_30' title='bbox 1314 795 1346 852; x_wconf 87' lang='lat' dir='ltr'>et</span> <span class='ocrx_word' id='word_1_31' title='bbox 1367 791 1532 852; x_wconf 76' lang='lat' dir='ltr'>lnsclmns</span> <span class='ocrx_word' id='word_1_32' title='bbox 1544 793 1579 852; x_wconf 92' lang='lat' dir='ltr'>in</span> <span class='ocrx_word' id='word_1_33' title='bbox 1598 792 1736 870; x_wconf 86' lang='lat' dir='ltr'>ejusdem</span> <span class='ocrx_word' id='word_1_34' title='bbox 1753 793 1893 869; x_wconf 74' lang='lat' dir='ltr'>argunmi</span> 
     </span>
     <span class='ocr_line' id='line_1_5' title="bbox 348 874 1893 965; baseline -0.004 -17"><span class='ocrx_word' id='word_1_35' title='bbox 348 906 413 948; x_wconf 92' lang='lat' dir='ltr'>non</span> <span class='ocrx_word' id='word_1_36' title='bbox 427 905 496 947; x_wconf 89' lang='lat' dir='ltr'>eum</span> <span class='ocrx_word' id='word_1_37' title='bbox 507 886 620 962; x_wconf 91' lang='lat' dir='ltr'>solum,</span> <span class='ocrx_word' id='word_1_38' title='bbox 636 903 731 965; x_wconf 90' lang='lat' dir='ltr'>quam</span> <span class='ocrx_word' id='word_1_39' title='bbox 744 884 842 944; x_wconf 81' lang='lat' dir='ltr'>nostri</span> <span class='ocrx_word' id='word_1_40' title='bbox 855 882 1022 960; x_wconf 90' lang='lat' dir='ltr'>somniant,</span> <span class='ocrx_word' id='word_1_41' title='bbox 1044 898 1114 960; x_wconf 74' lang='lat' dir='ltr'>qum</span> <span class='ocrx_word' id='word_1_42' title='bbox 1164 880 1244 942; x_wconf 90' lang='lat' dir='ltr'>libro</span> <span class='ocrx_word' id='word_1_43' title='bbox 1258 874 1412 961; x_wconf 74' lang='lat' dir='ltr'>prestitit.</span> <span class='ocrx_word' id='word_1_44' title='bbox 1428 883 1488 943; x_wconf 85' lang='lat' dir='ltr'>Sed</span> <span class='ocrx_word' id='word_1_45' title='bbox 1500 883 1539 944; x_wconf 90' lang='lat' dir='ltr'>de</span> <span class='ocrx_word' id='word_1_46' title='bbox 1553 884 1711 959; x_wconf 89' lang='lat' dir='ltr'>Bernardi,</span> <span class='ocrx_word' id='word_1_47' title='bbox 1732 888 1763 943; x_wconf 88' lang='lat' dir='ltr'>ct</span> <span class='ocrx_word' id='word_1_48' title='bbox 1774 883 1893 955; x_wconf 85' lang='lat' dir='ltr'>llnselni,</span> 
     </span>
     <span class='ocr_line' id='line_1_6' title="bbox 350 972 1895 1056; baseline -0.004 -17"><span class='ocrx_word' id='word_1_49' title='bbox 350 979 390 1040; x_wconf 91' lang='lat' dir='ltr'>sit</span> <span class='ocrx_word' id='word_1_50' title='bbox 403 978 529 1053; x_wconf 91' lang='lat' dir='ltr'>coactio,</span> <span class='ocrx_word' id='word_1_51' title='bbox 545 977 598 1038; x_wconf 91' lang='lat' dir='ltr'>sed</span> <span class='ocrx_word' id='word_1_52' title='bbox 611 995 682 1056; x_wconf 87' lang='lat' dir='ltr'>quae</span> <span class='ocrx_word' id='word_1_53' title='bbox 702 977 741 1037; x_wconf 95' lang='lat' dir='ltr'>ad</span> <span class='ocrx_word' id='word_1_54' title='bbox 755 993 854 1036; x_wconf 89' lang='lat' dir='ltr'>unum</span> <span class='ocrx_word' id='word_1_55' title='bbox 877 972 1071 1051; x_wconf 79' lang='lat' dir='ltr'>determinat,</span> <span class='ocrx_word' id='word_1_56' title='bbox 1085 980 1117 1033; x_wconf 89' lang='lat' dir='ltr'>at</span> <span class='ocrx_word' id='word_1_57' title='bbox 1165 991 1310 1034; x_wconf 90' lang='lat' dir='ltr'>necnon</span> <span class='ocrx_word' id='word_1_58' title='bbox 1332 973 1467 1034; x_wconf 91' lang='lat' dir='ltr'>aliorum</span> <span class='ocrx_word' id='word_1_59' title='bbox 1494 977 1700 1054; x_wconf 88' lang='lat' dir='ltr'>quorumdam</span> <span class='ocrx_word' id='word_1_60' title='bbox 1723 974 1829 1054; x_wconf 82' lang='lat' dir='ltr'>placitis</span> <span class='ocrx_word' id='word_1_61' title='bbox 1845 983 1895 1054; x_wconf 79' lang='lat' dir='ltr'>post</span> 
     </span>
     <span class='ocr_line' id='line_1_7' title="bbox 345 1065 1895 1150; baseline -0.003 -20"><span class='ocrx_word' id='word_1_62' title='bbox 345 1068 495 1150; x_wconf 79' lang='lat' dir='ltr'>possibili,</span> <span class='ocrx_word' id='word_1_63' title='bbox 518 1070 567 1129; x_wconf 81' lang='lat' dir='ltr'>vel</span> <span class='ocrx_word' id='word_1_64' title='bbox 591 1067 770 1146; x_wconf 75' lang='lat' dir='ltr'>contzchnii</span> <span class='ocrx_word' id='word_1_65' title='bbox 786 1072 832 1127; x_wconf 86' lang='lat' dir='ltr'>est</span> <span class='ocrx_word' id='word_1_66' title='bbox 856 1065 1006 1145; x_wconf 90' lang='lat' dir='ltr'>apposita.</span> <span class='ocrx_word' id='word_1_67' title='bbox 1031 1065 1116 1125; x_wconf 86' lang='lat' dir='ltr'>Hanc</span> <span class='ocrx_word' id='word_1_68' title='bbox 1166 1065 1291 1125; x_wconf 86' lang='lat' dir='ltr'>uberius</span> <span class='ocrx_word' id='word_1_69' title='bbox 1324 1065 1540 1143; x_wconf 73' lang='lat' dir='ltr'><strong>explicabitur,</strong></span> <span class='ocrx_word' id='word_1_70' title='bbox 1574 1084 1645 1127; x_wconf 88' lang='lat' dir='ltr'>cum</span> <span class='ocrx_word' id='word_1_71' title='bbox 1685 1067 1895 1127; x_wconf 83' lang='lat' dir='ltr'>adversariorum</span> 
     </span>
     <span class='ocr_line' id='line_1_8' title="bbox 351 1156 1896 1240; baseline -0.003 -18"><span class='ocrx_word' id='word_1_72' title='bbox 351 1180 424 1222; x_wconf 91' lang='lat' dir='ltr'>oum</span> <span class='ocrx_word' id='word_1_73' title='bbox 451 1161 598 1222; x_wconf 77' lang='lat' dir='ltr'>electione</span> <span class='ocrx_word' id='word_1_74' title='bbox 629 1177 768 1240; x_wconf 79' lang='lat' dir='ltr'>pugnare</span> <span class='ocrx_word' id='word_1_75' title='bbox 803 1159 1011 1230; x_wconf 81' lang='lat' dir='ltr'>demonstrat3</span> <span class='ocrx_word' id='word_1_76' title='bbox 1044 1156 1117 1235; x_wconf 86' lang='lat' dir='ltr'>quia</span> <span class='ocrx_word' id='word_1_77' title='bbox 1166 1157 1358 1217; x_wconf 84' lang='lat' dir='ltr'>calumniam</span> <span class='ocrx_word' id='word_1_78' title='bbox 1376 1158 1584 1235; x_wconf 82' lang='lat' dir='ltr'>depellemus3</span> <span class='ocrx_word' id='word_1_79' title='bbox 1605 1159 1705 1238; x_wconf 88' lang='lat' dir='ltr'>quiet</span> <span class='ocrx_word' id='word_1_80' title='bbox 1722 1158 1827 1232; x_wconf 90' lang='lat' dir='ltr'>hos,et</span> <span class='ocrx_word' id='word_1_81' title='bbox 1841 1158 1896 1217; x_wconf 88' lang='lat' dir='ltr'>alios</span> 
     </span>
     <span class='ocr_line' id='line_1_9' title="bbox 350 1247 1895 1333; baseline -0.003 -20"><span class='ocrx_word' id='word_1_82' title='bbox 350 1254 512 1333; x_wconf 88' lang='lat' dir='ltr'>proprium</span> <span class='ocrx_word' id='word_1_83' title='bbox 525 1257 571 1313; x_wconf 84' lang='lat' dir='ltr'>est</span> <span class='ocrx_word' id='word_1_84' title='bbox 582 1252 718 1312; x_wconf 90' lang='lat' dir='ltr'>hominis</span> <span class='ocrx_word' id='word_1_85' title='bbox 741 1269 780 1312; x_wconf 85' lang='lat' dir='ltr'>cx</span> <span class='ocrx_word' id='word_1_86' title='bbox 789 1250 888 1310; x_wconf 87' lang='lat' dir='ltr'>libero</span> <span class='ocrx_word' id='word_1_87' title='bbox 901 1248 1020 1323; x_wconf 78' lang='lat' dir='ltr'>agentis</span> <span class='ocrx_word' id='word_1_88' title='bbox 1033 1247 1117 1308; x_wconf 90' lang='lat' dir='ltr'>arbi·</span> <span class='ocrx_word' id='word_1_89' title='bbox 1166 1253 1314 1327; x_wconf 83' lang='lat' dir='ltr'>tanquam</span> <span class='ocrx_word' id='word_1_90' title='bbox 1322 1248 1458 1310; x_wconf 84' lang='lat' dir='ltr'>lautores</span> <span class='ocrx_word' id='word_1_91' title='bbox 1470 1250 1625 1329; x_wconf 81' lang='lat' dir='ltr'><strong>opinionis</strong></span> <span class='ocrx_word' id='word_1_92' title='bbox 1635 1249 1895 1327; x_wconf 84' lang='lat' dir='ltr'>novae,etinaudite</span> 
     </span>
     <span class='ocr_line' id='line_1_10' title="bbox 351 1339 1613 1420; baseline -0.002 -15"><span class='ocrx_word' id='word_1_93' title='bbox 351 1345 411 1405; x_wconf 90' lang='lat' dir='ltr'>trio</span> <span class='ocrx_word' id='word_1_94' title='bbox 429 1366 444 1402; x_wconf 81' lang='grc' dir='ltr'>ιι</span> <span class='ocrx_word' id='word_1_95' title='bbox 457 1344 536 1404; x_wconf 77' lang='lat' dir='ltr'>velle</span> <span class='ocrx_word' id='word_1_96' title='bbox 550 1349 582 1404; x_wconf 89' lang='lat' dir='ltr'>et</span> <span class='ocrx_word' id='word_1_97' title='bbox 595 1361 661 1403; x_wconf 93' lang='lat' dir='ltr'>nou</span> <span class='ocrx_word' id='word_1_98' title='bbox 673 1342 763 1417; x_wconf 88' lang='lat' dir='ltr'>velle,</span> <span class='ocrx_word' id='word_1_99' title='bbox 780 1358 872 1420; x_wconf 79' lang='lat' dir='ltr'>agere</span> <span class='ocrx_word' id='word_1_100' title='bbox 886 1344 917 1400; x_wconf 90' lang='lat' dir='ltr'>et</span> <span class='ocrx_word' id='word_1_101' title='bbox 929 1357 995 1399; x_wconf 92' lang='lat' dir='ltr'>non</span> <span class='ocrx_word' id='word_1_102' title='bbox 1008 1357 1116 1418; x_wconf 77' lang='lat' dir='ltr'>agere3</span> <span class='ocrx_word' id='word_1_103' title='bbox 1168 1339 1348 1418; x_wconf 85' lang='lat' dir='ltr'>singillatim</span> <span class='ocrx_word' id='word_1_104' title='bbox 1359 1347 1613 1405; x_wconf 85' lang='lat' dir='ltr'>commemorant.</span> 
     </span>
    </p>
   </div>
   <div class='ocr_carea' id='block_1_3' title="bbox 352 1423 1933 1605">
    <p class='ocr_par' dir='ltr' id='par_1_4' title="bbox 352 1423 1946 1605">
     <span class='ocr_line' id='line_1_11' title="bbox 352 1423 1933 1515; baseline -0.004 -19"><span class='ocrx_word' id='word_1_105' title='bbox 352 1441 453 1515; x_wconf 87' lang='lat' dir='ltr'>potest</span> <span class='ocrx_word' id='word_1_106' title='bbox 461 1436 554 1495; x_wconf 89' lang='lat' dir='ltr'>etiam</span> <span class='ocrx_word' id='word_1_107' title='bbox 562 1435 640 1496; x_wconf 83' lang='lat' dir='ltr'>velle</span> <span class='ocrx_word' id='word_1_108' title='bbox 648 1423 718 1507; x_wconf 91' lang='lat' dir='ltr'>hoc,</span> <span class='ocrx_word' id='word_1_109' title='bbox 734 1433 908 1511; x_wconf 64' lang='lat' dir='ltr'>antilludm</span> <span class='ocrx_word' id='word_1_110' title='bbox 922 1430 1001 1491; x_wconf 88' lang='lat' dir='ltr'>Huic</span> <span class='ocrx_word' id='word_1_111' title='bbox 1014 1436 1119 1491; x_wconf 89' lang='lat' dir='ltr'>autem</span> <span class='ocrx_word' id='word_1_112' title='bbox 1208 1432 1246 1491; x_wconf 91' lang='lat' dir='ltr'>X.</span> <span class='ocrx_word' id='word_1_113' title='bbox 1262 1433 1361 1509; x_wconf 86' lang='lat' dir='ltr'>Nunc,</span> <span class='ocrx_word' id='word_1_114' title='bbox 1387 1434 1471 1513; x_wconf 78' lang='lat' dir='ltr'>qriod</span> <span class='ocrx_word' id='word_1_115' title='bbox 1483 1434 1679 1514; x_wconf 87' lang='lat' dir='ltr'>propositum</span> <span class='ocrx_word' id='word_1_116' title='bbox 1692 1431 1777 1493; x_wconf 90' lang='lat' dir='ltr'>nobis</span> <span class='ocrx_word' id='word_1_117' title='bbox 1788 1437 1844 1494; x_wconf 90' lang='lat' dir='ltr'>erat</span> <span class='ocrx_word' id='word_1_118' title='bbox 1855 1432 1896 1492; x_wconf 87' lang='lat' dir='ltr'>hoc</span> <span class='ocrx_word' id='word_1_119' title='bbox 1929 1479 1933 1504; x_wconf 32' lang='grc' dir='ltr'>ι</span> 
     </span>
     <span class='ocr_line' id='line_1_12' title="bbox 352 1521 1897 1605; baseline -0.004 -19"><span class='ocrx_word' id='word_1_120' title='bbox 352 1527 516 1588; x_wconf 79' lang='lat' dir='ltr'>necessitas</span> <span class='ocrx_word' id='word_1_121' title='bbox 529 1527 728 1599; x_wconf 85' lang='lat' dir='ltr'>adversatur;</span> <span class='ocrx_word' id='word_1_122' title='bbox 745 1525 828 1603; x_wconf 87' lang='lat' dir='ltr'>quia,</span> <span class='ocrx_word' id='word_1_123' title='bbox 848 1544 864 1581; x_wconf 83' lang='lat' dir='ltr'>s</span> <span class='ocrx_word' id='word_1_124' title='bbox 877 1524 961 1602; x_wconf 88' lang='lat' dir='ltr'>quod</span> <span class='ocrx_word' id='word_1_125' title='bbox 976 1521 1119 1602; x_wconf 88' lang='lat' dir='ltr'>possibile</span> <span class='ocrx_word' id='word_1_126' title='bbox 1168 1522 1202 1583; x_wconf 92' lang='lat' dir='ltr'>in</span> <span class='ocrx_word' id='word_1_127' title='bbox 1222 1525 1343 1602; x_wconf 76' lang='lat' dir='ltr'>capite,</span> <span class='ocrx_word' id='word_1_128' title='bbox 1373 1525 1460 1603; x_wconf 83' lang='lat' dir='ltr'>cujus</span> <span class='ocrx_word' id='word_1_129' title='bbox 1486 1526 1586 1605; x_wconf 78' lang='lat' dir='ltr'>gratia</span> <span class='ocrx_word' id='word_1_130' title='bbox 1611 1529 1752 1585; x_wconf 89' lang='lat' dir='ltr'>vetemm</span> <span class='ocrx_word' id='word_1_131' title='bbox 1772 1524 1897 1601; x_wconf 82' lang='lat' dir='ltr'>hucusque</span> 
     </span>
    </p>
   </div>
   <div class='ocr_carea' id='block_1_4' title="bbox 355 1615 1909 3619">
    <p class='ocr_par' dir='ltr' id='par_1_5' title="bbox 355 1615 1907 3347">
     <span class='ocr_line' id='line_1_13' title="bbox 355 1615 1897 1696; baseline -0.003 -17"><span class='ocrx_word' id='word_1_132' title='bbox 355 1625 479 1679; x_wconf 89' lang='lat' dir='ltr'>estnon</span> <span class='ocrx_word' id='word_1_133' title='bbox 492 1636 568 1694; x_wconf 88' lang='lat' dir='ltr'>esse,</span> <span class='ocrx_word' id='word_1_134' title='bbox 587 1637 651 1678; x_wconf 92' lang='lat' dir='ltr'>non</span> <span class='ocrx_word' id='word_1_135' title='bbox 668 1634 790 1678; x_wconf 86' lang='lat' dir='ltr'>necesse</span> <span class='ocrx_word' id='word_1_136' title='bbox 810 1622 855 1677; x_wconf 89' lang='lat' dir='ltr'>est</span> <span class='ocrx_word' id='word_1_137' title='bbox 878 1633 954 1676; x_wconf 89' lang='lat' dir='ltr'>esse.</span> <span class='ocrx_word' id='word_1_138' title='bbox 969 1636 985 1671; x_wconf 81' lang='lat' dir='ltr'>s</span> <span class='ocrx_word' id='word_1_139' title='bbox 1006 1616 1115 1688; x_wconf 90' lang='lat' dir='ltr'>Porro,</span> <span class='ocrx_word' id='word_1_140' title='bbox 1168 1615 1346 1675; x_wconf 87' lang='lat' dir='ltr'>testimonia</span> <span class='ocrx_word' id='word_1_141' title='bbox 1375 1616 1541 1695; x_wconf 77' lang='lat' dir='ltr'>diligenter</span> <span class='ocrx_word' id='word_1_142' title='bbox 1563 1616 1770 1696; x_wconf 80' lang='lat' dir='ltr'>exposuimus,</span> <span class='ocrx_word' id='word_1_143' title='bbox 1793 1632 1897 1675; x_wconf 87' lang='lat' dir='ltr'>sumna-</span> 
     </span>
     <span class='ocr_line' id='line_1_14' title="bbox 355 1706 1898 1789; baseline -0.005 -18"><span class='ocrx_word' id='word_1_144' title='bbox 355 1729 411 1771; x_wconf 88' lang='lat' dir='ltr'>cur</span> <span class='ocrx_word' id='word_1_145' title='bbox 430 1711 469 1771; x_wconf 88' lang='lat' dir='ltr'>ad</span> <span class='ocrx_word' id='word_1_146' title='bbox 488 1721 655 1789; x_wconf 89' lang='lat' dir='ltr'>utrumqne</span> <span class='ocrx_word' id='word_1_147' title='bbox 669 1709 765 1770; x_wconf 86' lang='lat' dir='ltr'>veluti</span> <span class='ocrx_word' id='word_1_148' title='bbox 787 1725 971 1788; x_wconf 88' lang='lat' dir='ltr'>suspensum</span> <span class='ocrx_word' id='word_1_149' title='bbox 989 1706 1029 1766; x_wconf 90' lang='lat' dir='ltr'>sit</span> <span class='ocrx_word' id='word_1_150' title='bbox 1040 1707 1118 1768; x_wconf 92' lang='lat' dir='ltr'>libe·</span> <span class='ocrx_word' id='word_1_151' title='bbox 1168 1707 1227 1765; x_wconf 91' lang='lat' dir='ltr'>tim</span> <span class='ocrx_word' id='word_1_152' title='bbox 1254 1707 1296 1767; x_wconf 90' lang='lat' dir='ltr'>ita</span> <span class='ocrx_word' id='word_1_153' title='bbox 1323 1707 1495 1786; x_wconf 78' lang='lat' dir='ltr'>colligimus</span> <span class='ocrx_word' id='word_1_154' title='bbox 1517 1709 1733 1770; x_wconf 88' lang='lat' dir='ltr'>:Libertatem</span> <span class='ocrx_word' id='word_1_155' title='bbox 1755 1706 1898 1777; x_wconf 85' lang='lat' dir='ltr'>voluutab&#39;s,</span> 
     </span>
     <span class='ocr_line' id='line_1_15' title="bbox 355 1796 1899 1880; baseline -0.004 -18"><span class='ocrx_word' id='word_1_156' title='bbox 355 1820 427 1863; x_wconf 91' lang='lat' dir='ltr'>rum</span> <span class='ocrx_word' id='word_1_157' title='bbox 446 1803 619 1875; x_wconf 79' lang='lat' dir='ltr'>arbitrium,</span> <span class='ocrx_word' id='word_1_158' title='bbox 641 1818 764 1861; x_wconf 91' lang='lat' dir='ltr'>causam</span> <span class='ocrx_word' id='word_1_159' title='bbox 785 1818 823 1860; x_wconf 79' lang='lat' dir='ltr'>es</span> <span class='ocrx_word' id='word_1_160' title='bbox 835 1799 903 1877; x_wconf 83' lang='lat' dir='ltr'>ipse</span> <span class='ocrx_word' id='word_1_161' title='bbox 914 1798 1043 1858; x_wconf 88' lang='lat' dir='ltr'>rationis</span> <span class='ocrx_word' id='word_1_162' title='bbox 1062 1798 1121 1858; x_wconf 91' lang='lat' dir='ltr'>hu-</span> <span class='ocrx_word' id='word_1_163' title='bbox 1171 1797 1235 1858; x_wconf 88' lang='lat' dir='ltr'>sive</span> <span class='ocrx_word' id='word_1_164' title='bbox 1246 1796 1381 1860; x_wconf 89' lang='lat' dir='ltr'>liberum</span> <span class='ocrx_word' id='word_1_165' title='bbox 1395 1800 1561 1862; x_wconf 85' lang='lat' dir='ltr'>arbitrium</span> <span class='ocrx_word' id='word_1_166' title='bbox 1579 1818 1707 1880; x_wconf 89' lang='lat' dir='ltr'>prorsus</span> <span class='ocrx_word' id='word_1_167' title='bbox 1720 1796 1899 1859; x_wconf 69' lang='lat' dir='ltr'>abhorrenti</span> 
     </span>
     <span class='ocr_line' id='line_1_16' title="bbox 357 1888 1901 1971; baseline -0.005 -18"><span class='ocrx_word' id='word_1_168' title='bbox 357 1912 457 1953; x_wconf 76' lang='lat' dir='ltr'>manee</span> <span class='ocrx_word' id='word_1_169' title='bbox 483 1894 657 1953; x_wconf 89' lang='lat' dir='ltr'>conditione</span> <span class='ocrx_word' id='word_1_170' title='bbox 670 1893 805 1971; x_wconf 90' lang='lat' dir='ltr'>repetit:</span> <span class='ocrx_word' id='word_1_171' title='bbox 839 1911 854 1947; x_wconf 80' lang='grc' dir='ltr'>(ι</span> <span class='ocrx_word' id='word_1_172' title='bbox 869 1890 1023 1968; x_wconf 85' lang='lat' dir='ltr'>Quidquid</span> <span class='ocrx_word' id='word_1_173' title='bbox 1037 1890 1122 1951; x_wconf 89' lang='lat' dir='ltr'>enim</span> <span class='ocrx_word' id='word_1_174' title='bbox 1172 1907 1209 1948; x_wconf 89' lang='lat' dir='ltr'>ea</span> <span class='ocrx_word' id='word_1_175' title='bbox 1220 1891 1409 1965; x_wconf 87' lang='lat' dir='ltr'>necessitate,</span> <span class='ocrx_word' id='word_1_176' title='bbox 1432 1909 1497 1952; x_wconf 91' lang='lat' dir='ltr'>non</span> <span class='ocrx_word' id='word_1_177' title='bbox 1519 1892 1613 1952; x_wconf 91' lang='lat' dir='ltr'>modo</span> <span class='ocrx_word' id='word_1_178' title='bbox 1634 1909 1705 1969; x_wconf 84' lang='lat' dir='ltr'>quse</span> <span class='ocrx_word' id='word_1_179' title='bbox 1719 1891 1780 1949; x_wconf 82' lang='lat' dir='ltr'>vim</span> <span class='ocrx_word' id='word_1_180' title='bbox 1800 1888 1901 1948; x_wconf 76' lang='lat' dir='ltr'>alienet</span> 
     </span>
     <span class='ocr_line' id='line_1_17' title="bbox 356 1974 1900 2064; baseline -0.005 -20"><span class='ocrx_word' id='word_1_181' title='bbox 356 1986 434 2045; x_wconf 82' lang='lat' dir='ltr'>ratio</span> <span class='ocrx_word' id='word_1_182' title='bbox 452 1990 552 2064; x_wconf 90' lang='lat' dir='ltr'>potest</span> <span class='ocrx_word' id='word_1_183' title='bbox 569 1982 801 2063; x_wconf 87' lang='lat' dir='ltr'>apprehendere</span> <span class='ocrx_word' id='word_1_184' title='bbox 818 1988 854 2041; x_wconf 91' lang='lat' dir='ltr'>ut</span> <span class='ocrx_word' id='word_1_185' title='bbox 867 1984 995 2057; x_wconf 89' lang='lat' dir='ltr'>bonum,</span> <span class='ocrx_word' id='word_1_186' title='bbox 1017 1982 1049 2042; x_wconf 91' lang='lat' dir='ltr'>in</span> <span class='ocrx_word' id='word_1_187' title='bbox 1062 1982 1122 2042; x_wconf 92' lang='lat' dir='ltr'>hoc</span> <span class='ocrx_word' id='word_1_188' title='bbox 1173 1981 1372 2057; x_wconf 86' lang='lat' dir='ltr'>coactionem,</span> <span class='ocrx_word' id='word_1_189' title='bbox 1393 1983 1559 2044; x_wconf 89' lang='lat' dir='ltr'>sedetiam</span> <span class='ocrx_word' id='word_1_190' title='bbox 1577 1974 1706 2062; x_wconf 47' lang='lat' dir='ltr'>quae‘ad</span> <span class='ocrx_word' id='word_1_191' title='bbox 1719 1998 1811 2042; x_wconf 90' lang='lat' dir='ltr'>unum</span> <span class='ocrx_word' id='word_1_192' title='bbox 1821 1978 1900 2057; x_wconf 76' lang='lat' dir='ltr'>affigit,</span> 
     </span>
     <span class='ocr_line' id='line_1_18' title="bbox 357 2070 1903 2154; baseline -0.004 -19"><span class='ocrx_word' id='word_1_193' title='bbox 357 2076 501 2135; x_wconf 83' lang='lat' dir='ltr'>voluntas</span> <span class='ocrx_word' id='word_1_194' title='bbox 522 2076 648 2136; x_wconf 88' lang='lat' dir='ltr'>tendere</span> <span class='ocrx_word' id='word_1_195' title='bbox 666 2080 776 2154; x_wconf 89' lang='lat' dir='ltr'>potest.</span> <span class='ocrx_word' id='word_1_196' title='bbox 799 2073 902 2134; x_wconf 87' lang='lat' dir='ltr'>Potest</span> <span class='ocrx_word' id='word_1_197' title='bbox 919 2078 1024 2133; x_wconf 90' lang='lat' dir='ltr'>autem</span> <span class='ocrx_word' id='word_1_198' title='bbox 1042 2073 1123 2134; x_wconf 87' lang='lat' dir='ltr'>ratio</span> <span class='ocrx_word' id='word_1_199' title='bbox 1173 2090 1209 2132; x_wconf 90' lang='lat' dir='ltr'>ac</span> <span class='ocrx_word' id='word_1_200' title='bbox 1223 2073 1486 2153; x_wconf 85' lang='lat' dir='ltr'>circmnscriptam</span> <span class='ocrx_word' id='word_1_201' title='bbox 1498 2079 1585 2135; x_wconf 89' lang='lat' dir='ltr'>tenet</span> <span class='ocrx_word' id='word_1_202' title='bbox 1596 2074 1796 2145; x_wconf 86' lang='lat' dir='ltr'>voluntatem,</span> <span class='ocrx_word' id='word_1_203' title='bbox 1811 2070 1903 2130; x_wconf 73' lang='lat' dir='ltr'>tancti</span> 
     </span>
     <span class='ocr_line' id='line_1_19' title="bbox 358 2161 1902 2246; baseline -0.005 -18"><span class='ocrx_word' id='word_1_204' title='bbox 358 2166 590 2246; x_wconf 86' lang='lat' dir='ltr'>apprchendere</span> <span class='ocrx_word' id='word_1_205' title='bbox 616 2172 653 2226; x_wconf 92' lang='lat' dir='ltr'>ut</span> <span class='ocrx_word' id='word_1_206' title='bbox 673 2166 804 2239; x_wconf 90' lang='lat' dir='ltr'>bonum,</span> <span class='ocrx_word' id='word_1_207' title='bbox 830 2183 896 2225; x_wconf 92' lang='lat' dir='ltr'>non</span> <span class='ocrx_word' id='word_1_208' title='bbox 918 2165 1020 2224; x_wconf 94' lang='lat' dir='ltr'>solum</span> <span class='ocrx_word' id='word_1_209' title='bbox 1052 2165 1121 2241; x_wconf 92' lang='lat' dir='ltr'>hoc,</span> <span class='ocrx_word' id='word_1_210' title='bbox 1174 2167 1284 2242; x_wconf 90' lang='lat' dir='ltr'>sponte</span> <span class='ocrx_word' id='word_1_211' title='bbox 1306 2165 1338 2225; x_wconf 92' lang='lat' dir='ltr'>iu</span> <span class='ocrx_word' id='word_1_212' title='bbox 1361 2166 1393 2225; x_wconf 92' lang='lat' dir='ltr'>id</span> <span class='ocrx_word' id='word_1_213' title='bbox 1413 2184 1514 2226; x_wconf 91' lang='lat' dir='ltr'>unum</span> <span class='ocrx_word' id='word_1_214' title='bbox 1537 2184 1690 2245; x_wconf 87' lang='lat' dir='ltr'>propensa</span> <span class='ocrx_word' id='word_1_215' title='bbox 1712 2164 1758 2225; x_wconf 89' lang='lat' dir='ltr'>sit.</span> <span class='ocrx_word' id='word_1_216' title='bbox 1772 2161 1902 2235; x_wconf 90' lang='lat' dir='ltr'>Namduo,</span> 
     </span>
     <span class='ocr_line' id='line_1_20' title="bbox 359 2255 1903 2338; baseline -0.003 -19"><span class='ocrx_word' id='word_1_217' title='bbox 359 2259 444 2338; x_wconf 88' lang='lat' dir='ltr'>quod</span> <span class='ocrx_word' id='word_1_218' title='bbox 467 2264 513 2319; x_wconf 88' lang='lat' dir='ltr'>est</span> <span class='ocrx_word' id='word_1_219' title='bbox 539 2258 628 2333; x_wconf 85' lang='lat' dir='ltr'>velle,</span> <span class='ocrx_word' id='word_1_220' title='bbox 654 2262 708 2318; x_wconf 91' lang='lat' dir='ltr'>aut</span> <span class='ocrx_word' id='word_1_221' title='bbox 732 2274 834 2336; x_wconf 79' lang='lat' dir='ltr'>ogere,</span> <span class='ocrx_word' id='word_1_222' title='bbox 863 2256 916 2316; x_wconf 90' lang='lat' dir='ltr'>sed</span> <span class='ocrx_word' id='word_1_223' title='bbox 937 2256 997 2317; x_wconf 88' lang='lat' dir='ltr'>hoc</span> <span class='ocrx_word' id='word_1_224' title='bbox 1019 2257 1123 2333; x_wconf 89' lang='lat' dir='ltr'>etiam,</span> <span class='ocrx_word' id='word_1_225' title='bbox 1175 2255 1335 2335; x_wconf 85' lang='lat' dir='ltr'>quodjam</span> <span class='ocrx_word' id='word_1_226' title='bbox 1350 2257 1424 2333; x_wconf 78' lang='lat' dir='ltr'>dixi,</span> <span class='ocrx_word' id='word_1_227' title='bbox 1448 2262 1480 2319; x_wconf 87' lang='lat' dir='ltr'>at</span> <span class='ocrx_word' id='word_1_228' title='bbox 1501 2257 1669 2318; x_wconf 88' lang='lat' dir='ltr'>dicendum</span> <span class='ocrx_word' id='word_1_229' title='bbox 1693 2274 1780 2336; x_wconf 79' lang='lat' dir='ltr'>sepe,</span> <span class='ocrx_word' id='word_1_230' title='bbox 1799 2255 1903 2332; x_wconf 75' lang='lat' dir='ltr'>coginu-</span> 
     </span>
     <span class='ocr_line' id='line_1_21' title="bbox 360 2346 1904 2430; baseline -0.005 -19"><span class='ocrx_word' id='word_1_231' title='bbox 360 2351 444 2430; x_wconf 91' lang='lat' dir='ltr'>quod</span> <span class='ocrx_word' id='word_1_232' title='bbox 458 2356 581 2411; x_wconf 90' lang='lat' dir='ltr'>estnon</span> <span class='ocrx_word' id='word_1_233' title='bbox 593 2350 684 2422; x_wconf 84' lang='lat' dir='ltr'>velle,</span> <span class='ocrx_word' id='word_1_234' title='bbox 710 2354 741 2409; x_wconf 91' lang='lat' dir='ltr'>et</span> <span class='ocrx_word' id='word_1_235' title='bbox 752 2367 818 2409; x_wconf 90' lang='lat' dir='ltr'>non</span> <span class='ocrx_word' id='word_1_236' title='bbox 832 2365 933 2426; x_wconf 75' lang='lat' dir='ltr'>agere.</span> <span class='ocrx_word' id='word_1_237' title='bbox 951 2349 988 2407; x_wconf 87' lang='lat' dir='ltr'>Et</span> <span class='ocrx_word' id='word_1_238' title='bbox 1000 2365 1126 2409; x_wconf 90' lang='lat' dir='ltr'>rursum</span> <span class='ocrx_word' id='word_1_239' title='bbox 1176 2346 1252 2407; x_wconf 91' lang='lat' dir='ltr'>dum</span> <span class='ocrx_word' id='word_1_240' title='bbox 1264 2366 1338 2409; x_wconf 85' lang='lat' dir='ltr'>vero</span> <span class='ocrx_word' id='word_1_241' title='bbox 1359 2366 1481 2428; x_wconf 88' lang='lat' dir='ltr'>semper</span> <span class='ocrx_word' id='word_1_242' title='bbox 1503 2355 1559 2422; x_wconf 89' lang='lat' dir='ltr'>est,</span> <span class='ocrx_word' id='word_1_243' title='bbox 1581 2349 1615 2409; x_wconf 93' lang='lat' dir='ltr'>in</span> <span class='ocrx_word' id='word_1_244' title='bbox 1635 2349 1770 2409; x_wconf 84' lang='lat' dir='ltr'>humans</span> <span class='ocrx_word' id='word_1_245' title='bbox 1782 2346 1904 2407; x_wconf 84' lang='lat' dir='ltr'>voluntate</span> 
     </span>
     <span class='ocr_line' id='line_1_22' title="bbox 360 2436 1904 2521; baseline -0.005 -19"><span class='ocrx_word' id='word_1_246' title='bbox 360 2441 550 2502; x_wconf 90' lang='lat' dir='ltr'>inomnibus</span> <span class='ocrx_word' id='word_1_247' title='bbox 564 2440 800 2521; x_wconf 88' lang='lat' dir='ltr'>particularibus</span> <span class='ocrx_word' id='word_1_248' title='bbox 815 2439 905 2500; x_wconf 90' lang='lat' dir='ltr'>bonis</span> <span class='ocrx_word' id='word_1_249' title='bbox 918 2445 1018 2518; x_wconf 90' lang='lat' dir='ltr'>potest</span> <span class='ocrx_word' id='word_1_250' title='bbox 1031 2440 1128 2500; x_wconf 91' lang='lat' dir='ltr'>consi·</span> <span class='ocrx_word' id='word_1_251' title='bbox 1177 2439 1397 2501; x_wconf 83' lang='lat' dir='ltr'>considerando</span> <span class='ocrx_word' id='word_1_252' title='bbox 1430 2446 1524 2517; x_wconf 90' lang='lat' dir='ltr'>sunt,</span> <span class='ocrx_word' id='word_1_253' title='bbox 1559 2442 1607 2502; x_wconf 88' lang='lat' dir='ltr'>uti</span> <span class='ocrx_word' id='word_1_254' title='bbox 1641 2448 1712 2521; x_wconf 90' lang='lat' dir='ltr'>post</span> <span class='ocrx_word' id='word_1_255' title='bbox 1749 2436 1904 2500; x_wconf 76' lang='lat' dir='ltr'>Aristotelen</span> 
     </span>
     <span class='ocr_line' id='line_1_23' title="bbox 361 2530 1905 2613; baseline -0.005 -19"><span class='ocrx_word' id='word_1_256' title='bbox 361 2534 469 2594; x_wconf 86' lang='lat' dir='ltr'>derare</span> <span class='ocrx_word' id='word_1_257' title='bbox 482 2534 634 2613; x_wconf 86' lang='lat' dir='ltr'>rationem</span> <span class='ocrx_word' id='word_1_258' title='bbox 661 2532 736 2593; x_wconf 91' lang='lat' dir='ltr'>boni</span> <span class='ocrx_word' id='word_1_259' title='bbox 759 2530 901 2608; x_wconf 85' lang='lat' dir='ltr'>alicujus,</span> <span class='ocrx_word' id='word_1_260' title='bbox 929 2530 1128 2593; x_wconf 86' lang='lat' dir='ltr'>etdelcotum</span> <span class='ocrx_word' id='word_1_261' title='bbox 1178 2531 1353 2608; x_wconf 86' lang='lat' dir='ltr'>Christiani,</span> <span class='ocrx_word' id='word_1_262' title='bbox 1373 2551 1451 2613; x_wconf 91' lang='lat' dir='ltr'>quos</span> <span class='ocrx_word' id='word_1_263' title='bbox 1470 2534 1644 2608; x_wconf 86' lang='lat' dir='ltr'>citavimus,</span> <span class='ocrx_word' id='word_1_264' title='bbox 1661 2532 1791 2611; x_wconf 78' lang='lat' dir='ltr'>theologi</span> <span class='ocrx_word' id='word_1_265' title='bbox 1807 2544 1905 2590; x_wconf 86' lang='lat' dir='ltr'>uncore</span> 
     </span>
     <span class='ocr_line' id='line_1_24' title="bbox 361 2620 1905 2703; baseline -0.004 -20"><span class='ocrx_word' id='word_1_266' title='bbox 361 2624 586 2703; x_wconf 85' lang='lat' dir='ltr'>alicujusboui,</span> <span class='ocrx_word' id='word_1_267' title='bbox 602 2623 683 2703; x_wconf 90' lang='lat' dir='ltr'>quod</span> <span class='ocrx_word' id='word_1_268' title='bbox 702 2623 798 2682; x_wconf 89' lang='lat' dir='ltr'>habet</span> <span class='ocrx_word' id='word_1_269' title='bbox 813 2620 968 2682; x_wconf 86' lang='lat' dir='ltr'>rationem</span> <span class='ocrx_word' id='word_1_270' title='bbox 981 2623 1075 2698; x_wconf 78' lang='lat' dir='ltr'>meli3</span> <span class='ocrx_word' id='word_1_271' title='bbox 1098 2627 1129 2684; x_wconf 88' lang='lat' dir='ltr'>et</span> <span class='ocrx_word' id='word_1_272' title='bbox 1176 2623 1402 2701; x_wconf 86' lang='lat' dir='ltr'>pronuntiant:</span> <span class='ocrx_word' id='word_1_273' title='bbox 1432 2625 1586 2701; x_wconf 81' lang='lat' dir='ltr'>Alterum,</span> <span class='ocrx_word' id='word_1_274' title='bbox 1614 2625 1701 2703; x_wconf 90' lang='lat' dir='ltr'>quod</span> <span class='ocrx_word' id='word_1_275' title='bbox 1725 2628 1768 2685; x_wconf 91' lang='lat' dir='ltr'>est</span> <span class='ocrx_word' id='word_1_276' title='bbox 1787 2621 1905 2700; x_wconf 76' lang='lat' dir='ltr'>oppetas</span> 
     </span>
     <span class='ocr_line' id='line_1_25' title="bbox 362 2713 1903 2797; baseline -0.005 -22"><span class='ocrx_word' id='word_1_277' title='bbox 362 2716 533 2797; x_wconf 89' lang='lat' dir='ltr'>secundum</span> <span class='ocrx_word' id='word_1_278' title='bbox 551 2714 611 2775; x_wconf 91' lang='lat' dir='ltr'>hoc</span> <span class='ocrx_word' id='word_1_279' title='bbox 629 2718 730 2794; x_wconf 88' lang='lat' dir='ltr'>potest</span> <span class='ocrx_word' id='word_1_280' title='bbox 750 2713 996 2792; x_wconf 83' lang='lat' dir='ltr'>unumquodque</span> <span class='ocrx_word' id='word_1_281' title='bbox 1016 2715 1127 2793; x_wconf 85' lang='lat' dir='ltr'>hujus·</span> <span class='ocrx_word' id='word_1_282' title='bbox 1176 2714 1339 2791; x_wconf 83' lang='lat' dir='ltr'>naturalis,</span> <span class='ocrx_word' id='word_1_283' title='bbox 1349 2716 1439 2794; x_wconf 86' lang='lat' dir='ltr'>cujus</span> <span class='ocrx_word' id='word_1_284' title='bbox 1451 2721 1498 2777; x_wconf 88' lang='lat' dir='ltr'>est</span> <span class='ocrx_word' id='word_1_285' title='bbox 1513 2717 1595 2778; x_wconf 92' lang='lat' dir='ltr'>actio</span> <span class='ocrx_word' id='word_1_286' title='bbox 1609 2717 1737 2796; x_wconf 85' lang='lat' dir='ltr'>propria</span> <span class='ocrx_word' id='word_1_287' title='bbox 1750 2713 1823 2780; x_wconf 81' lang='lat' dir='ltr'>celle,</span> <span class='ocrx_word' id='word_1_288' title='bbox 1836 2726 1903 2790; x_wconf 87' lang='lat' dir='ltr'>quan</span> 
     </span>
     <span class='ocr_line' id='line_1_26' title="bbox 363 2805 1905 2886; baseline -0.004 -19"><span class='ocrx_word' id='word_1_289' title='bbox 363 2806 448 2867; x_wconf 93' lang='lat' dir='ltr'>modi</span> <span class='ocrx_word' id='word_1_290' title='bbox 474 2807 630 2867; x_wconf 88' lang='lat' dir='ltr'>bonorum</span> <span class='ocrx_word' id='word_1_291' title='bbox 656 2805 898 2884; x_wconf 81' lang='lat' dir='ltr'>apprehendere,</span> <span class='ocrx_word' id='word_1_292' title='bbox 927 2810 963 2864; x_wconf 92' lang='lat' dir='ltr'>ut</span> <span class='ocrx_word' id='word_1_293' title='bbox 983 2805 1127 2884; x_wconf 77' lang='lat' dir='ltr'>eligibile,</span> <span class='ocrx_word' id='word_1_294' title='bbox 1179 2814 1305 2886; x_wconf 79' lang='grc' dir='ltr'>βούλησιν,</span> <span class='ocrx_word' id='word_1_295' title='bbox 1329 2808 1380 2868; x_wconf 81' lang='lat' dir='ltr'>vel</span> <span class='ocrx_word' id='word_1_296' title='bbox 1401 2817 1497 2885; x_wconf 61' lang='grc' dir='ltr'>θέλησιν</span> <span class='ocrx_word' id='word_1_297' title='bbox 1520 2809 1693 2884; x_wconf 78' lang='lat' dir='ltr'>Nemeeius,</span> <span class='ocrx_word' id='word_1_298' title='bbox 1707 2805 1905 2878; x_wconf 73' lang='lat' dir='ltr'>Maximuslia·</span> 
     </span>
     <span class='ocr_line' id='line_1_27' title="bbox 365 2893 1905 2979; baseline -0.003 -20"><span class='ocrx_word' id='word_1_299' title='bbox 365 2899 412 2959; x_wconf 89' lang='lat' dir='ltr'>vel</span> <span class='ocrx_word' id='word_1_300' title='bbox 425 2898 563 2977; x_wconf 78' lang='lat' dir='ltr'>sugibile.</span> <span class='ocrx_word' id='word_1_301' title='bbox 578 2897 801 2958; x_wconf 80' lang='lat' dir='ltr'>Solnmautem</span> <span class='ocrx_word' id='word_1_302' title='bbox 811 2896 983 2977; x_wconf 80' lang='lat' dir='ltr'>perfectum</span> <span class='ocrx_word' id='word_1_303' title='bbox 996 2897 1127 2973; x_wconf 91' lang='lat' dir='ltr'>bonum,</span> <span class='ocrx_word' id='word_1_304' title='bbox 1179 2914 1351 2975; x_wconf 86' lang='lat' dir='ltr'>mssoeuus,</span> <span class='ocrx_word' id='word_1_305' title='bbox 1371 2899 1485 2979; x_wconf 88' lang='lat' dir='ltr'>aliique</span> <span class='ocrx_word' id='word_1_306' title='bbox 1507 2905 1631 2968; x_wconf 82' lang='lat' dir='ltr'>vocant,</span> <span class='ocrx_word' id='word_1_307' title='bbox 1656 2899 1759 2960; x_wconf 87' lang='lat' dir='ltr'>Latini</span> <span class='ocrx_word' id='word_1_308' title='bbox 1787 2893 1905 2957; x_wconf 79' lang='lat' dir='ltr'>barbaris·</span> 
     </span>
     <span class='ocr_line' id='line_1_28' title="bbox 363 2982 1905 3071; baseline -0.005 -21"><span class='ocrx_word' id='word_1_309' title='bbox 363 2990 505 3069; x_wconf 88' lang='lat' dir='ltr'>quodest</span> <span class='ocrx_word' id='word_1_310' title='bbox 519 2989 689 3063; x_wconf 89' lang='lat' dir='ltr'>beatitudo,</span> <span class='ocrx_word' id='word_1_311' title='bbox 712 3006 777 3048; x_wconf 91' lang='lat' dir='ltr'>uon</span> <span class='ocrx_word' id='word_1_312' title='bbox 795 2992 896 3068; x_wconf 90' lang='lat' dir='ltr'>potest</span> <span class='ocrx_word' id='word_1_313' title='bbox 919 2988 997 3049; x_wconf 87' lang='lat' dir='ltr'>ratio</span> <span class='ocrx_word' id='word_1_314' title='bbox 1019 3008 1130 3069; x_wconf 88' lang='lat' dir='ltr'>appre-</span> <span class='ocrx_word' id='word_1_315' title='bbox 1179 2995 1291 3067; x_wconf 84' lang='lat' dir='ltr'>santes,</span> <span class='ocrx_word' id='word_1_316' title='bbox 1316 2988 1483 3052; x_wconf 75' lang='lat' dir='ltr'>vetitionem</span> <span class='ocrx_word' id='word_1_317' title='bbox 1498 3011 1510 3053; x_wconf 93' lang='lat'>.·</span> <span class='ocrx_word' id='word_1_318' title='bbox 1531 2992 1687 3068; x_wconf 88' lang='lat' dir='ltr'>Alterum,</span> <span class='ocrx_word' id='word_1_319' title='bbox 1710 2990 1790 3071; x_wconf 88' lang='lat' dir='ltr'>quod</span> <span class='ocrx_word' id='word_1_320' title='bbox 1805 2982 1905 3048; x_wconf 80' lang='lat' dir='ltr'>estiite·</span> 
     </span>
     <span class='ocr_line' id='line_1_29' title="bbox 362 3074 1907 3159; baseline -0.006 -16"><span class='ocrx_word' id='word_1_321' title='bbox 362 3082 699 3143; x_wconf 88' lang='lat' dir='ltr'>henderesubratione</span> <span class='ocrx_word' id='word_1_322' title='bbox 713 3080 799 3157; x_wconf 91' lang='lat' dir='ltr'>mali,</span> <span class='ocrx_word' id='word_1_323' title='bbox 817 3085 871 3140; x_wconf 90' lang='lat' dir='ltr'>aut</span> <span class='ocrx_word' id='word_1_324' title='bbox 884 3079 1013 3159; x_wconf 80' lang='lat' dir='ltr'>alicujus</span> <span class='ocrx_word' id='word_1_325' title='bbox 1031 3082 1132 3143; x_wconf 84' lang='lat' dir='ltr'>deioc-</span> <span class='ocrx_word' id='word_1_326' title='bbox 1179 3098 1247 3140; x_wconf 84' lang='lat' dir='ltr'>ram</span> <span class='ocrx_word' id='word_1_327' title='bbox 1283 3080 1457 3157; x_wconf 83' lang='lat' dir='ltr'>arbitrium,</span> <span class='ocrx_word' id='word_1_328' title='bbox 1491 3083 1554 3143; x_wconf 86' lang='lat' dir='ltr'>sive</span> <span class='ocrx_word' id='word_1_329' title='bbox 1592 3082 1723 3154; x_wconf 79' lang='lat' dir='ltr'>liberios,</span> <span class='ocrx_word' id='word_1_330' title='bbox 1765 3086 1813 3142; x_wconf 88' lang='lat' dir='ltr'>ant</span> <span class='ocrx_word' id='word_1_331' title='bbox 1840 3074 1907 3136; x_wconf 80' lang='lat' dir='ltr'>iilos</span> 
     </span>
     <span class='ocr_line' id='line_1_30' title="bbox 362 3170 1906 3255; baseline -0.005 -21"><span class='ocrx_word' id='word_1_332' title='bbox 362 3178 433 3250; x_wconf 89' lang='lat' dir='ltr'>tns;</span> <span class='ocrx_word' id='word_1_333' title='bbox 448 3180 478 3235; x_wconf 92' lang='lat' dir='ltr'>et</span> <span class='ocrx_word' id='word_1_334' title='bbox 489 3173 558 3235; x_wconf 91' lang='lat' dir='ltr'>ideo</span> <span class='ocrx_word' id='word_1_335' title='bbox 568 3192 607 3233; x_wconf 78' lang='lat' dir='ltr'>es</span> <span class='ocrx_word' id='word_1_336' title='bbox 617 3173 796 3233; x_wconf 89' lang='lat' dir='ltr'>necessitate</span> <span class='ocrx_word' id='word_1_337' title='bbox 804 3171 1028 3232; x_wconf 88' lang='lat' dir='ltr'>beatitudinem</span> <span class='ocrx_word' id='word_1_338' title='bbox 1036 3173 1131 3234; x_wconf 91' lang='lat' dir='ltr'>homo</span> <span class='ocrx_word' id='word_1_339' title='bbox 1180 3170 1323 3248; x_wconf 79' lang='lat' dir='ltr'>volentos,</span> <span class='ocrx_word' id='word_1_340' title='bbox 1349 3174 1437 3252; x_wconf 88' lang='lat' dir='ltr'>cnjus</span> <span class='ocrx_word' id='word_1_341' title='bbox 1464 3176 1542 3235; x_wconf 90' lang='lat' dir='ltr'>actio</span> <span class='ocrx_word' id='word_1_342' title='bbox 1557 3177 1696 3255; x_wconf 89' lang='lat' dir='ltr'>propria,</span> <span class='ocrx_word' id='word_1_343' title='bbox 1709 3180 1745 3235; x_wconf 88' lang='lat' dir='ltr'>ut</span> <span class='ocrx_word' id='word_1_344' title='bbox 1763 3173 1843 3233; x_wconf 90' lang='lat' dir='ltr'>iidem</span> <span class='ocrx_word' id='word_1_345' title='bbox 1858 3182 1906 3227; x_wconf 84' lang='lat' dir='ltr'>seu·</span> 
     </span>
     <span class='ocr_line' id='line_1_31' title="bbox 363 3263 1757 3347; baseline -0.001 -21"><span class='ocrx_word' id='word_1_346' title='bbox 363 3266 441 3341; x_wconf 88' lang='lat' dir='ltr'>vult,</span> <span class='ocrx_word' id='word_1_347' title='bbox 467 3284 524 3326; x_wconf 87' lang='lat' dir='ltr'>uec</span> <span class='ocrx_word' id='word_1_348' title='bbox 547 3270 647 3345; x_wconf 89' lang='lat' dir='ltr'>potest</span> <span class='ocrx_word' id='word_1_349' title='bbox 668 3264 748 3325; x_wconf 83' lang='lat' dir='ltr'>velle</span> <span class='ocrx_word' id='word_1_350' title='bbox 771 3282 835 3323; x_wconf 91' lang='lat' dir='ltr'>uon</span> <span class='ocrx_word' id='word_1_351' title='bbox 849 3280 915 3324; x_wconf 89' lang='lat' dir='ltr'>esse</span> <span class='ocrx_word' id='word_1_352' title='bbox 937 3264 1055 3341; x_wconf 88' lang='lat' dir='ltr'>heatus,</span> <span class='ocrx_word' id='word_1_353' title='bbox 1077 3271 1133 3326; x_wconf 90' lang='lat' dir='ltr'>aut</span> <span class='ocrx_word' id='word_1_354' title='bbox 1180 3263 1273 3342; x_wconf 88' lang='lat' dir='ltr'>tiunt,</span> <span class='ocrx_word' id='word_1_355' title='bbox 1289 3269 1494 3347; x_wconf 56' lang='lat' dir='ltr'>estnpoetpsac,</span> <span class='ocrx_word' id='word_1_356' title='bbox 1507 3268 1627 3328; x_wconf 90' lang='lat' dir='ltr'>Latinis</span> <span class='ocrx_word' id='word_1_357' title='bbox 1639 3267 1757 3329; x_wconf 88' lang='lat' dir='ltr'>electio.</span> 
     </span>
    </p>

    <p class='ocr_par' dir='ltr' id='par_1_6' title="bbox 364 3356 1909 3619">
     <span class='ocr_line' id='line_1_32' title="bbox 364 3356 1908 3436; baseline -0.001 -19"><span class='ocrx_word' id='word_1_358' title='bbox 364 3358 468 3417; x_wconf 72' lang='lat' dir='ltr'>mism.</span> <span class='ocrx_word' id='word_1_359' title='bbox 493 3356 607 3417; x_wconf 87' lang='lat' dir='ltr'>Electio</span> <span class='ocrx_word' id='word_1_360' title='bbox 625 3362 740 3430; x_wconf 89' lang='lat' dir='ltr'>autem,</span> <span class='ocrx_word' id='word_1_361' title='bbox 763 3373 835 3416; x_wconf 91' lang='lat' dir='ltr'>cum</span> <span class='ocrx_word' id='word_1_362' title='bbox 857 3373 922 3415; x_wconf 88' lang='lat' dir='ltr'>non</span> <span class='ocrx_word' id='word_1_363' title='bbox 940 3356 980 3416; x_wconf 89' lang='lat' dir='ltr'>sit</span> <span class='ocrx_word' id='word_1_364' title='bbox 995 3356 1034 3417; x_wconf 88' lang='lat' dir='ltr'>de</span> <span class='ocrx_word' id='word_1_365' title='bbox 1056 3356 1130 3433; x_wconf 90' lang='lat' dir='ltr'>fine,</span> <span class='ocrx_word' id='word_1_366' title='bbox 1220 3356 1291 3416; x_wconf 88' lang='lat' dir='ltr'>Jam</span> <span class='ocrx_word' id='word_1_367' title='bbox 1314 3358 1438 3436; x_wconf 88' lang='lat' dir='ltr'>utrique</span> <span class='ocrx_word' id='word_1_368' title='bbox 1460 3359 1643 3428; x_wconf 78' lang='lat' dir='ltr'>violentum,</span> <span class='ocrx_word' id='word_1_369' title='bbox 1667 3359 1730 3419; x_wconf 88' lang='lat' dir='ltr'>sive</span> <span class='ocrx_word' id='word_1_370' title='bbox 1749 3359 1908 3418; x_wconf 69' lang='lat' dir='ltr'>maeonio</span> 
     </span>
     <span class='ocr_line' id='line_1_33' title="bbox 364 3445 1908 3530; baseline -0.003 -21"><span class='ocrx_word' id='word_1_371' title='bbox 364 3450 418 3510; x_wconf 91' lang='lat' dir='ltr'>sed</span> <span class='ocrx_word' id='word_1_372' title='bbox 432 3450 470 3509; x_wconf 90' lang='lat' dir='ltr'>de</span> <span class='ocrx_word' id='word_1_373' title='bbox 489 3448 551 3523; x_wconf 92' lang='lat' dir='ltr'>his,</span> <span class='ocrx_word' id='word_1_374' title='bbox 575 3466 645 3528; x_wconf 84' lang='lat' dir='ltr'>quoe</span> <span class='ocrx_word' id='word_1_375' title='bbox 662 3452 735 3509; x_wconf 88' lang='lat' dir='ltr'>sunt</span> <span class='ocrx_word' id='word_1_376' title='bbox 748 3448 787 3508; x_wconf 86' lang='lat' dir='ltr'>ad</span> <span class='ocrx_word' id='word_1_377' title='bbox 800 3446 907 3525; x_wconf 90' lang='lat' dir='ltr'>finem,</span> <span class='ocrx_word' id='word_1_378' title='bbox 922 3466 987 3508; x_wconf 90' lang='lat' dir='ltr'>non</span> <span class='ocrx_word' id='word_1_379' title='bbox 1007 3454 1053 3509; x_wconf 90' lang='lat' dir='ltr'>est</span> <span class='ocrx_word' id='word_1_380' title='bbox 1065 3467 1133 3529; x_wconf 90' lang='lat' dir='ltr'>per·</span> <span class='ocrx_word' id='word_1_381' title='bbox 1181 3453 1311 3527; x_wconf 78' lang='lat' dir='ltr'>pugnat,</span> <span class='ocrx_word' id='word_1_382' title='bbox 1326 3449 1373 3509; x_wconf 89' lang='lat' dir='ltr'>uti</span> <span class='ocrx_word' id='word_1_383' title='bbox 1387 3449 1526 3528; x_wconf 90' lang='lat' dir='ltr'>pluribus</span> <span class='ocrx_word' id='word_1_384' title='bbox 1539 3451 1703 3513; x_wconf 82' lang='lat' dir='ltr'>ostendam</span> <span class='ocrx_word' id='word_1_385' title='bbox 1717 3455 1821 3530; x_wconf 88' lang='lat' dir='ltr'>postca.</span> <span class='ocrx_word' id='word_1_386' title='bbox 1837 3445 1908 3506; x_wconf 77' lang='lat' dir='ltr'>roe</span> 
     </span>
     <span class='ocr_line' id='line_1_34' title="bbox 364 3534 1909 3619; baseline -0.005 -19"><span class='ocrx_word' id='word_1_387' title='bbox 364 3541 435 3601; x_wconf 83' lang='lat' dir='ltr'>fecti</span> <span class='ocrx_word' id='word_1_388' title='bbox 456 3540 543 3617; x_wconf 89' lang='lat' dir='ltr'>boni,</span> <span class='ocrx_word' id='word_1_389' title='bbox 567 3540 651 3619; x_wconf 92' lang='lat' dir='ltr'>quod</span> <span class='ocrx_word' id='word_1_390' title='bbox 673 3546 720 3601; x_wconf 91' lang='lat' dir='ltr'>est</span> <span class='ocrx_word' id='word_1_391' title='bbox 737 3539 908 3613; x_wconf 87' lang='lat' dir='ltr'>beatitudo,</span> <span class='ocrx_word' id='word_1_392' title='bbox 928 3539 982 3601; x_wconf 90' lang='lat' dir='ltr'>scd</span> <span class='ocrx_word' id='word_1_393' title='bbox 999 3540 1133 3604; x_wconf 89' lang='lat' dir='ltr'>aliorum</span> <span class='ocrx_word' id='word_1_394' title='bbox 1181 3538 1258 3600; x_wconf 87' lang='lat' dir='ltr'>riori</span> <span class='ocrx_word' id='word_1_395' title='bbox 1271 3558 1343 3602; x_wconf 85' lang='lat' dir='ltr'>vero</span> <span class='ocrx_word' id='word_1_396' title='bbox 1364 3559 1429 3602; x_wconf 91' lang='lat' dir='ltr'>uon</span> <span class='ocrx_word' id='word_1_397' title='bbox 1450 3542 1534 3603; x_wconf 90' lang='lat' dir='ltr'>istud</span> <span class='ocrx_word' id='word_1_398' title='bbox 1558 3542 1673 3618; x_wconf 88' lang='lat' dir='ltr'>solum,</span> <span class='ocrx_word' id='word_1_399' title='bbox 1689 3542 1742 3603; x_wconf 90' lang='lat' dir='ltr'>sed</span> <span class='ocrx_word' id='word_1_400' title='bbox 1765 3534 1909 3601; x_wconf 78' lang='lat' dir='ltr'>etisndte-</span> 
     </span>
    </p>
   </div>
   <div class='ocr_carea' id='block_1_5' title="bbox 364 3622 1947 3714">
    <p class='ocr_par' dir='ltr' id='par_1_7' title="bbox 364 3622 1947 3714">
     <span class='ocr_line' id='line_1_35' title="bbox 364 3622 1947 3714; baseline -0.001 -21"><span class='ocrx_word' id='word_1_401' title='bbox 364 3632 599 3713; x_wconf 84' lang='lat' dir='ltr'>particularium</span> <span class='ocrx_word' id='word_1_402' title='bbox 618 3630 794 3705; x_wconf 75' lang='lat' dir='ltr'>bonorum,</span> <span class='ocrx_word' id='word_1_403' title='bbox 822 3636 854 3691; x_wconf 90' lang='lat' dir='ltr'>et</span> <span class='ocrx_word' id='word_1_404' title='bbox 873 3630 942 3691; x_wconf 90' lang='lat' dir='ltr'>ideo</span> <span class='ocrx_word' id='word_1_405' title='bbox 959 3631 1053 3693; x_wconf 90' lang='lat' dir='ltr'>homo</span> <span class='ocrx_word' id='word_1_406' title='bbox 1067 3652 1133 3694; x_wconf 91' lang='lat' dir='ltr'>uon</span> <span class='ocrx_word' id='word_1_407' title='bbox 1181 3649 1253 3692; x_wconf 90' lang='lat' dir='ltr'>rum</span> <span class='ocrx_word' id='word_1_408' title='bbox 1291 3651 1391 3711; x_wconf 82' lang='lat' dir='ltr'>genus</span> <span class='ocrx_word' id='word_1_409' title='bbox 1425 3634 1615 3696; x_wconf 87' lang='lat' dir='ltr'>necessitatis</span> <span class='ocrx_word' id='word_1_410' title='bbox 1648 3633 1818 3714; x_wconf 81' lang='lat' dir='ltr'>opponitrn,</span> <span class='ocrx_word' id='word_1_411' title='bbox 1850 3622 1910 3705; x_wconf 87' lang='lat' dir='ltr'>quod</span> <span class='ocrx_word' id='word_1_412' title='bbox 1946 3662 1947 3703; x_wconf 68' lang='lat'>,</span> 
     </span>
    </p>
   </div>
   <div class='ocr_carea' id='block_1_6' title="bbox 365 3710 1947 4266">
    <p class='ocr_par' dir='ltr' id='par_1_8' title="bbox 365 3710 1947 4087">
     <span class='ocr_line' id='line_1_36' title="bbox 366 3710 1947 3801; baseline 0.001 -15"><span class='ocrx_word' id='word_1_413' title='bbox 366 3743 406 3786; x_wconf 84' lang='lat' dir='ltr'>ex</span> <span class='ocrx_word' id='word_1_414' title='bbox 418 3724 606 3798; x_wconf 89' lang='lat' dir='ltr'>necessitate,</span> <span class='ocrx_word' id='word_1_415' title='bbox 624 3722 781 3783; x_wconf 90' lang='lat' dir='ltr'>sedlibere</span> <span class='ocrx_word' id='word_1_416' title='bbox 790 3720 913 3799; x_wconf 76' lang='lat' dir='ltr'>eligit.»</span> <span class='ocrx_word' id='word_1_417' title='bbox 930 3721 1036 3798; x_wconf 87' lang='lat' dir='ltr'>Vides,</span> <span class='ocrx_word' id='word_1_418' title='bbox 1047 3730 1083 3785; x_wconf 89' lang='lat' dir='ltr'>ut</span> <span class='ocrx_word' id='word_1_419' title='bbox 1091 3725 1131 3801; x_wconf 88' lang='lat' dir='ltr'>ei,</span> <span class='ocrx_word' id='word_1_420' title='bbox 1181 3724 1375 3785; x_wconf 80' lang='lat' dir='ltr'>voluntatem</span> <span class='ocrx_word' id='word_1_421' title='bbox 1399 3726 1456 3785; x_wconf 92' lang='lat' dir='ltr'>uui</span> <span class='ocrx_word' id='word_1_422' title='bbox 1483 3726 1621 3787; x_wconf 88' lang='lat' dir='ltr'>deditam</span> <span class='ocrx_word' id='word_1_423' title='bbox 1652 3745 1689 3787; x_wconf 92' lang='lat' dir='ltr'>ac</span> <span class='ocrx_word' id='word_1_424' title='bbox 1715 3721 1910 3786; x_wconf 83' lang='lat' dir='ltr'>determinatam</span> <span class='ocrx_word' id='word_1_425' title='bbox 1946 3710 1947 3787; x_wconf 76' lang='lat' dir='ltr'>i</span> 
     </span>
     <span class='ocr_line' id='line_1_37' title="bbox 366 3798 1947 3899; baseline -0.005 -21"><span class='ocrx_word' id='word_1_426' title='bbox 366 3818 450 3898; x_wconf 89' lang='lat' dir='ltr'>quod</span> <span class='ocrx_word' id='word_1_427' title='bbox 463 3815 661 3887; x_wconf 86' lang='lat' dir='ltr'>estliberum,</span> <span class='ocrx_word' id='word_1_428' title='bbox 676 3813 853 3893; x_wconf 89' lang='lat' dir='ltr'>oppositum</span> <span class='ocrx_word' id='word_1_429' title='bbox 866 3812 906 3872; x_wconf 90' lang='lat' dir='ltr'>sit</span> <span class='ocrx_word' id='word_1_430' title='bbox 928 3816 1133 3876; x_wconf 86' lang='lat' dir='ltr'>necessarium</span> <span class='ocrx_word' id='word_1_431' title='bbox 1181 3813 1291 3891; x_wconf 82' lang='lat' dir='ltr'>habet3</span> <span class='ocrx_word' id='word_1_432' title='bbox 1305 3834 1363 3877; x_wconf 88' lang='lat' dir='ltr'>nec</span> <span class='ocrx_word' id='word_1_433' title='bbox 1375 3816 1616 3895; x_wconf 82' lang='lat' dir='ltr'>indifferentem,</span> <span class='ocrx_word' id='word_1_434' title='bbox 1625 3824 1658 3880; x_wconf 92' lang='lat' dir='ltr'>et</span> <span class='ocrx_word' id='word_1_435' title='bbox 1671 3818 1756 3899; x_wconf 86' lang='lat' dir='ltr'>quasi</span> <span class='ocrx_word' id='word_1_436' title='bbox 1768 3824 1910 3893; x_wconf 84' lang='lat' dir='ltr'>suspensam</span> <span class='ocrx_word' id='word_1_437' title='bbox 1946 3798 1947 3891; x_wconf 65' lang='lat' dir='ltr'>l</span> 
     </span>
     <span class='ocr_line' id='line_1_38' title="bbox 365 3898 1947 3989; baseline -0.006 -19"><span class='ocrx_word' id='word_1_438' title='bbox 365 3928 430 3970; x_wconf 92' lang='lat' dir='ltr'>nou</span> <span class='ocrx_word' id='word_1_439' title='bbox 452 3914 603 3980; x_wconf 89' lang='lat' dir='ltr'>coactum,</span> <span class='ocrx_word' id='word_1_440' title='bbox 628 3906 765 3967; x_wconf 88' lang='lat' dir='ltr'>seduno</span> <span class='ocrx_word' id='word_1_441' title='bbox 793 3904 1072 3984; x_wconf 89' lang='lat' dir='ltr'>circumscriptum,</span> <span class='ocrx_word' id='word_1_442' title='bbox 1098 3925 1134 3969; x_wconf 89' lang='lat' dir='ltr'>ac</span> <span class='ocrx_word' id='word_1_443' title='bbox 1183 3924 1311 3968; x_wconf 77' lang='lat' dir='ltr'>essese</span> <span class='ocrx_word' id='word_1_444' title='bbox 1331 3908 1418 3969; x_wconf 90' lang='lat' dir='ltr'>illam</span> <span class='ocrx_word' id='word_1_445' title='bbox 1440 3927 1503 3971; x_wconf 89' lang='lat' dir='ltr'>esse</span> <span class='ocrx_word' id='word_1_446' title='bbox 1529 3911 1662 3989; x_wconf 87' lang='lat' dir='ltr'>patitur,</span> <span class='ocrx_word' id='word_1_447' title='bbox 1691 3925 1787 3989; x_wconf 83' lang='lat' dir='ltr'>neque</span> <span class='ocrx_word' id='word_1_448' title='bbox 1808 3906 1910 3966; x_wconf 85' lang='lat' dir='ltr'>ducum</span> <span class='ocrx_word' id='word_1_449' title='bbox 1946 3898 1947 3975; x_wconf 70' lang='lat' dir='ltr'>i</span> 
     </span>
     <span class='ocr_line' id='line_1_39' title="bbox 366 3992 1911 4082; baseline -0.007 -19"><span class='ocrx_word' id='word_1_450' title='bbox 366 4001 619 4063; x_wconf 86' lang='lat' dir='ltr'>determinatum.</span> <span class='ocrx_word' id='word_1_451' title='bbox 1183 3997 1318 4060; x_wconf 87' lang='lat' dir='ltr'>alterum</span> <span class='ocrx_word' id='word_1_452' title='bbox 1345 4002 1474 4080; x_wconf 89' lang='lat' dir='ltr'>optandi</span> <span class='ocrx_word' id='word_1_453' title='bbox 1497 4002 1626 4063; x_wconf 85' lang='lat' dir='ltr'>liberam</span> <span class='ocrx_word' id='word_1_454' title='bbox 1651 4006 1824 4082; x_wconf 85' lang='lat' dir='ltr'>potestatem</span> <span class='ocrx_word' id='word_1_455' title='bbox 1843 3992 1911 4055; x_wconf 85' lang='lat' dir='ltr'>relin-</span> 
     </span>
    </p>

    <p class='ocr_par' dir='ltr' id='par_1_9' title="bbox 365 4083 1947 4266">
     <span class='ocr_line' id='line_1_40' title="bbox 406 4083 1947 4175; baseline -0.008 -21"><span class='ocrx_word' id='word_1_456' title='bbox 406 4092 566 4155; x_wconf 89' lang='lat' dir='ltr'>Postremo</span> <span class='ocrx_word' id='word_1_457' title='bbox 584 4092 623 4152; x_wconf 91' lang='lat' dir='ltr'>de</span> <span class='ocrx_word' id='word_1_458' title='bbox 646 4088 821 4166; x_wconf 65' lang='lat' dir='ltr'>contitinet</span> <span class='ocrx_word' id='word_1_459' title='bbox 843 4086 881 4147; x_wconf 89' lang='lat' dir='ltr'>de</span> <span class='ocrx_word' id='word_1_460' title='bbox 902 4096 987 4169; x_wconf 73' lang='grc' dir='ltr'><strong>γνώμῃ</strong></span> <span class='ocrx_word' id='word_1_461' title='bbox 1010 4108 1136 4168; x_wconf 88' lang='lat' dir='ltr'>prorsus</span> <span class='ocrx_word' id='word_1_462' title='bbox 1183 4092 1262 4170; x_wconf 85' lang='lat' dir='ltr'>quit.</span> <span class='ocrx_word' id='word_1_463' title='bbox 1278 4092 1454 4171; x_wconf 85' lang='lat' dir='ltr'>Nemprius</span> <span class='ocrx_word' id='word_1_464' title='bbox 1471 4094 1560 4170; x_wconf 91' lang='lat' dir='ltr'>illud,</span> <span class='ocrx_word' id='word_1_465' title='bbox 1584 4096 1669 4175; x_wconf 88' lang='lat' dir='ltr'>qnod</span> <span class='ocrx_word' id='word_1_466' title='bbox 1682 4094 1766 4169; x_wconf 93' lang='lat' dir='ltr'>nihil,</span> <span class='ocrx_word' id='word_1_467' title='bbox 1781 4083 1910 4151; x_wconf 91' lang='lat' dir='ltr'>nisiincli·</span> <span class='ocrx_word' id='word_1_468' title='bbox 1946 4132 1947 4171; x_wconf 67' lang='lat'>3</span> 
     </span>
     <span class='ocr_line' id='line_1_41' title="bbox 365 4173 1947 4266; baseline -0.004 -19"><span class='ocrx_word' id='word_1_469' title='bbox 365 4186 474 4247; x_wconf 86' lang='lat' dir='ltr'>eedem</span> <span class='ocrx_word' id='word_1_470' title='bbox 491 4185 595 4260; x_wconf 87' lang='lat' dir='ltr'>tradit,</span> <span class='ocrx_word' id='word_1_471' title='bbox 620 4180 845 4261; x_wconf 82' lang='lat' dir='ltr'>quaesuperins</span> <span class='ocrx_word' id='word_1_472' title='bbox 859 4197 898 4239; x_wconf 80' lang='lat' dir='ltr'>ex</span> <span class='ocrx_word' id='word_1_473' title='bbox 908 4180 1019 4240; x_wconf 77' lang='lat' dir='ltr'>Grecis</span> <span class='ocrx_word' id='word_1_474' title='bbox 1039 4184 1136 4262; x_wconf 82' lang='lat' dir='ltr'>expli·</span> <span class='ocrx_word' id='word_1_475' title='bbox 1184 4183 1355 4258; x_wconf 79' lang='lat' dir='ltr'>nationem,</span> <span class='ocrx_word' id='word_1_476' title='bbox 1387 4185 1438 4245; x_wconf 87' lang='lat' dir='ltr'>vel</span> <span class='ocrx_word' id='word_1_477' title='bbox 1459 4188 1701 4266; x_wconf 89' lang='lat' dir='ltr'>propensionem</span> <span class='ocrx_word' id='word_1_478' title='bbox 1726 4187 1759 4246; x_wconf 90' lang='lat' dir='ltr'>in</span> <span class='ocrx_word' id='word_1_479' title='bbox 1780 4181 1826 4257; x_wconf 91' lang='lat' dir='ltr'>id,</span> <span class='ocrx_word' id='word_1_480' title='bbox 1849 4173 1912 4257; x_wconf 77' lang='lat' dir='ltr'>quod</span> <span class='ocrx_word' id='word_1_481' title='bbox 1946 4228 1947 4251; x_wconf 60' lang='lat'>,</span> 
     </span>
    </p>
   </div>
   <div class='ocr_carea' id='block_1_7' title="bbox 366 4271 1912 4356">
    <p class='ocr_par' dir='ltr' id='par_1_10' title="bbox 366 4271 1912 4356">
     <span class='ocr_line' id='line_1_42' title="bbox 366 4271 1912 4356; baseline -0.004 -18"><span class='ocrx_word' id='word_1_482' title='bbox 366 4284 433 4339; x_wconf 83' lang='lat' dir='ltr'>cata</span> <span class='ocrx_word' id='word_1_483' title='bbox 445 4277 600 4351; x_wconf 89' lang='lat' dir='ltr'>Patribus,</span> <span class='ocrx_word' id='word_1_484' title='bbox 614 4294 655 4336; x_wconf 91' lang='lat' dir='ltr'>ne</span> <span class='ocrx_word' id='word_1_485' title='bbox 668 4275 728 4335; x_wconf 91' lang='lat' dir='ltr'>sim</span> <span class='ocrx_word' id='word_1_486' title='bbox 737 4271 965 4351; x_wconf 80' lang='lat' dir='ltr'>justalongior,</span> <span class='ocrx_word' id='word_1_487' title='bbox 981 4273 1032 4334; x_wconf 89' lang='lat' dir='ltr'>hic</span> <span class='ocrx_word' id='word_1_488' title='bbox 1045 4275 1139 4337; x_wconf 91' lang='lat' dir='ltr'>missa</span> <span class='ocrx_word' id='word_1_489' title='bbox 1184 4273 1302 4336; x_wconf 90' lang='lat' dir='ltr'>bonum</span> <span class='ocrx_word' id='word_1_490' title='bbox 1330 4278 1386 4351; x_wconf 90' lang='lat' dir='ltr'>cst,</span> <span class='ocrx_word' id='word_1_491' title='bbox 1409 4275 1580 4339; x_wconf 82' lang='lat' dir='ltr'>voluntatis</span> <span class='ocrx_word' id='word_1_492' title='bbox 1601 4279 1734 4354; x_wconf 87' lang='lat' dir='ltr'>obtinet,</span> <span class='ocrx_word' id='word_1_493' title='bbox 1757 4275 1846 4356; x_wconf 85' lang='lat' dir='ltr'>potest</span> <span class='ocrx_word' id='word_1_494' title='bbox 1859 4283 1912 4328; x_wconf 79' lang='lat' dir='ltr'>cum</span> 
     </span>
    </p>
   </div>
   <div class='ocr_carea' id='block_1_8' title="bbox 365 4360 1912 4446">
    <p class='ocr_par' dir='ltr' id='par_1_11' title="bbox 365 4352 1947 4453">
     <span class='ocr_line' id='line_1_43' title="bbox 365 4360 1912 4446; baseline -0.003 -17"><span class='ocrx_word' id='word_1_495' title='bbox 365 4370 456 4431; x_wconf 83' lang='lat' dir='ltr'>facio·</span> <span class='ocrx_word' id='word_1_496' title='bbox 1185 4365 1244 4427; x_wconf 89' lang='lat' dir='ltr'>hac</span> <span class='ocrx_word' id='word_1_497' title='bbox 1258 4366 1325 4446; x_wconf 92' lang='lat' dir='ltr'>ipsa</span> <span class='ocrx_word' id='word_1_498' title='bbox 1337 4369 1515 4430; x_wconf 86' lang='lat' dir='ltr'>necessitate</span> <span class='ocrx_word' id='word_1_499' title='bbox 1529 4372 1709 4433; x_wconf 89' lang='lat' dir='ltr'>consistere.</span> <span class='ocrx_word' id='word_1_500' title='bbox 1724 4360 1912 4430; x_wconf 75' lang='lat' dir='ltr'>Vellcenimtl</span> 
     </span>
    </p>
   </div>
   <div class='ocr_carea' id='block_1_9' title="bbox 407 4455 1911 4541">
    <p class='ocr_par' dir='ltr' id='par_1_12' title="bbox 407 4455 1911 4541">
     <span class='ocr_line' id='line_1_44' title="bbox 407 4455 1911 4541; baseline -0.001 -19"><span class='ocrx_word' id='word_1_501' title='bbox 407 4464 508 4541; x_wconf 83' lang='lat' dir='ltr'>Atque</span> <span class='ocrx_word' id='word_1_502' title='bbox 519 4462 660 4521; x_wconf 74' lang='lat' dir='ltr'>hectota</span> <span class='ocrx_word' id='word_1_503' title='bbox 675 4459 708 4520; x_wconf 82' lang='lat' dir='ltr'>S.</span> <span class='ocrx_word' id='word_1_504' title='bbox 724 4455 1134 4537; x_wconf 64' lang='lat' dir='ltr'>semitonorumque</span> <span class='ocrx_word' id='word_1_505' title='bbox 1184 4460 1428 4539; x_wconf 88' lang='lat' dir='ltr'>spontesliquid,</span> <span class='ocrx_word' id='word_1_506' title='bbox 1440 4463 1586 4522; x_wconf 86' lang='lat' dir='ltr'>ettamen</span> <span class='ocrx_word' id='word_1_507' title='bbox 1595 4462 1764 4525; x_wconf 86' lang='lat' dir='ltr'>necessario</span> <span class='ocrx_word' id='word_1_508' title='bbox 1771 4466 1911 4539; x_wconf 75' lang='lat' dir='ltr'>possumus</span> 
     </span>
    </p>
   </div>
   <div class='ocr_carea' id='block_1_10' title="bbox 366 4540 1947 4633">
    <p class='ocr_par' dir='ltr' id='par_1_13' title="bbox 366 4540 1947 4633">
     <span class='ocr_line' id='line_1_45' title="bbox 366 4540 1947 4633; baseline -0.001 -19"><span class='ocrx_word' id='word_1_509' title='bbox 366 4555 426 4615; x_wconf 90' lang='lat' dir='ltr'>hoc</span> <span class='ocrx_word' id='word_1_510' title='bbox 440 4553 584 4633; x_wconf 80' lang='lat' dir='ltr'>eapiteiu</span> <span class='ocrx_word' id='word_1_511' title='bbox 605 4550 745 4612; x_wconf 89' lang='lat' dir='ltr'>medium</span> <span class='ocrx_word' id='word_1_512' title='bbox 766 4547 962 4615; x_wconf 85' lang='lat' dir='ltr'>adduximus,</span> <span class='ocrx_word' id='word_1_513' title='bbox 985 4549 1134 4612; x_wconf 87' lang='lat' dir='ltr'>delibero</span> <span class='ocrx_word' id='word_1_514' title='bbox 1183 4547 1343 4612; x_wconf 89' lang='lat' dir='ltr'>imovero</span> <span class='ocrx_word' id='word_1_515' title='bbox 1370 4552 1471 4630; x_wconf 91' lang='lat' dir='ltr'>prima</span> <span class='ocrx_word' id='word_1_516' title='bbox 1495 4546 1821 4615; x_wconf 78' lang='lat' dir='ltr'>omnium&#39;voluntans</span> <span class='ocrx_word' id='word_1_517' title='bbox 1841 4542 1910 4611; x_wconf 67' lang='lat' dir='ltr'>ecto,</span> <span class='ocrx_word' id='word_1_518' title='bbox 1946 4540 1947 4619; x_wconf 64' lang='lat' dir='ltr'>J</span> 
     </span>
    </p>
   </div>
   <div class='ocr_carea' id='block_1_11' title="bbox 366 4633 1911 4721">
    <p class='ocr_par' dir='ltr' id='par_1_14' title="bbox 366 4633 1911 4721">
     <span class='ocr_line' id='line_1_46' title="bbox 366 4633 1911 4721; baseline -0.005 -15"><span class='ocrx_word' id='word_1_519' title='bbox 366 4645 494 4706; x_wconf 89' lang='lat' dir='ltr'>arbitrio</span> <span class='ocrx_word' id='word_1_520' title='bbox 516 4642 678 4716; x_wconf 89' lang='lat' dir='ltr'>sententia,</span> <span class='ocrx_word' id='word_1_521' title='bbox 699 4640 828 4721; x_wconf 87' lang='lat' dir='ltr'>pulchre</span> <span class='ocrx_word' id='word_1_522' title='bbox 848 4639 887 4699; x_wconf 90' lang='lat' dir='ltr'>ab</span> <span class='ocrx_word' id='word_1_523' title='bbox 910 4639 943 4700; x_wconf 88' lang='lat' dir='ltr'>S.</span> <span class='ocrx_word' id='word_1_524' title='bbox 964 4641 1131 4705; x_wconf 89' lang='lat' dir='ltr'>Bernardo.</span> <span class='ocrx_word' id='word_1_525' title='bbox 1183 4641 1294 4718; x_wconf 86' lang='lat' dir='ltr'>quain</span> <span class='ocrx_word' id='word_1_526' title='bbox 1311 4642 1430 4704; x_wconf 90' lang='lat' dir='ltr'>bouum</span> <span class='ocrx_word' id='word_1_527' title='bbox 1452 4643 1560 4721; x_wconf 86' lang='lat' dir='ltr'>fertur,</span> <span class='ocrx_word' id='word_1_528' title='bbox 1583 4646 1752 4707; x_wconf 87' lang='lat' dir='ltr'>necessaria</span> <span class='ocrx_word' id='word_1_529' title='bbox 1764 4645 1814 4713; x_wconf 84' lang='lat' dir='ltr'>est,</span> <span class='ocrx_word' id='word_1_530' title='bbox 1827 4653 1873 4699; x_wconf 81' lang='lat' dir='ltr'>nes</span> <span class='ocrx_word' id='word_1_531' title='bbox 1886 4633 1911 4690; x_wconf 80' lang='lat' dir='ltr'>in</span> 
     </span>
    </p>
   </div>
   <div class='ocr_carea' id='block_1_12' title="bbox 367 4726 1947 4815">
    <p class='ocr_par' dir='ltr' id='par_1_15' title="bbox 367 4726 1947 4815">
     <span class='ocr_line' id='line_1_47' title="bbox 367 4726 1947 4815; baseline -0.01 -17"><span class='ocrx_word' id='word_1_532' title='bbox 367 4737 540 4798; x_wconf 88' lang='lat' dir='ltr'>declaratur</span> <span class='ocrx_word' id='word_1_533' title='bbox 555 4736 591 4795; x_wconf 92' lang='lat' dir='ltr'>in</span> <span class='ocrx_word' id='word_1_534' title='bbox 609 4732 689 4794; x_wconf 91' lang='lat' dir='ltr'>libro</span> <span class='ocrx_word' id='word_1_535' title='bbox 707 4731 856 4810; x_wconf 74' lang='lat' dir='ltr'>depretia</span> <span class='ocrx_word' id='word_1_536' title='bbox 877 4738 906 4790; x_wconf 86' lang='lat' dir='ltr'>et</span> <span class='ocrx_word' id='word_1_537' title='bbox 933 4729 1025 4792; x_wconf 82' lang='lat' dir='ltr'>libero</span> <span class='ocrx_word' id='word_1_538' title='bbox 1052 4734 1132 4797; x_wconf 81' lang='lat' dir='ltr'>orbi·</span> <span class='ocrx_word' id='word_1_539' title='bbox 1182 4730 1264 4792; x_wconf 89' lang='lat' dir='ltr'>illius</span> <span class='ocrx_word' id='word_1_540' title='bbox 1281 4734 1352 4813; x_wconf 85' lang='lat' dir='ltr'>jure</span> <span class='ocrx_word' id='word_1_541' title='bbox 1375 4754 1411 4796; x_wconf 87' lang='lat' dir='ltr'>sc</span> <span class='ocrx_word' id='word_1_542' title='bbox 1424 4740 1576 4815; x_wconf 82' lang='lat' dir='ltr'>potestate</span> <span class='ocrx_word' id='word_1_543' title='bbox 1602 4743 1753 4799; x_wconf 87' lang='lat' dir='ltr'>censetur.</span> <span class='ocrx_word' id='word_1_544' title='bbox 1772 4737 1857 4811; x_wconf 79' lang='lat' dir='ltr'>Atque</span> <span class='ocrx_word' id='word_1_545' title='bbox 1867 4726 1911 4786; x_wconf 86' lang='lat' dir='ltr'>boc</span> <span class='ocrx_word' id='word_1_546' title='bbox 1946 4746 1947 4767; x_wconf 63' lang='grc' dir='ltr'>ι</span> 
     </span>
    </p>
   </div>
   <div class='ocr_carea' id='block_1_13' title="bbox 366 4818 1912 5370">
    <p class='ocr_par' dir='ltr' id='par_1_16' title="bbox 366 4818 1912 5370">
     <span class='ocr_line' id='line_1_48' title="bbox 366 4818 1912 4902; baseline -0.005 -13"><span class='ocrx_word' id='word_1_547' title='bbox 366 4829 436 4889; x_wconf 86' lang='lat' dir='ltr'>trio.</span> <span class='ocrx_word' id='word_1_548' title='bbox 452 4828 513 4890; x_wconf 91' lang='lat' dir='ltr'>Ubi</span> <span class='ocrx_word' id='word_1_549' title='bbox 531 4826 665 4887; x_wconf 87' lang='lat' dir='ltr'>liberum</span> <span class='ocrx_word' id='word_1_550' title='bbox 681 4822 846 4885; x_wconf 89' lang='lat' dir='ltr'>arbitrium</span> <span class='ocrx_word' id='word_1_551' title='bbox 859 4839 897 4881; x_wconf 85' lang='lat' dir='ltr'>ex</span> <span class='ocrx_word' id='word_1_552' title='bbox 910 4827 1043 4902; x_wconf 88' lang='lat' dir='ltr'>utroque</span> <span class='ocrx_word' id='word_1_553' title='bbox 1057 4844 1133 4888; x_wconf 90' lang='lat' dir='ltr'>con·</span> <span class='ocrx_word' id='word_1_554' title='bbox 1183 4840 1348 4888; x_wconf 90' lang='lat' dir='ltr'>commune</span> <span class='ocrx_word' id='word_1_555' title='bbox 1372 4845 1445 4889; x_wconf 92' lang='lat' dir='ltr'>cnm</span> <span class='ocrx_word' id='word_1_556' title='bbox 1475 4827 1671 4891; x_wconf 88' lang='lat' dir='ltr'>lacultatihus</span> <span class='ocrx_word' id='word_1_557' title='bbox 1703 4826 1813 4890; x_wconf 86' lang='lat' dir='ltr'>caeteris</span> <span class='ocrx_word' id='word_1_558' title='bbox 1839 4818 1912 4882; x_wconf 78' lang='lat' dir='ltr'>babet</span> 
     </span>
     <span class='ocr_line' id='line_1_49' title="bbox 367 4909 1911 4996; baseline -0.003 -15"><span class='ocrx_word' id='word_1_559' title='bbox 367 4920 478 4981; x_wconf 84' lang='lat' dir='ltr'>ilatum</span> <span class='ocrx_word' id='word_1_560' title='bbox 502 4938 567 4980; x_wconf 90' lang='lat' dir='ltr'>esse</span> <span class='ocrx_word' id='word_1_561' title='bbox 592 4919 802 4979; x_wconf 86' lang='lat' dir='ltr'>demonstrat:</span> <span class='ocrx_word' id='word_1_562' title='bbox 830 4930 965 4992; x_wconf 87' lang='lat' dir='ltr'>quorum</span> <span class='ocrx_word' id='word_1_563' title='bbox 985 4915 1131 4996; x_wconf 87' lang='lat' dir='ltr'>alterum,</span> <span class='ocrx_word' id='word_1_564' title='bbox 1181 4915 1335 4986; x_wconf 84' lang='lat' dir='ltr'>voluntas,</span> <span class='ocrx_word' id='word_1_565' title='bbox 1352 4921 1399 4979; x_wconf 86' lang='lat' dir='ltr'>uti</span> <span class='ocrx_word' id='word_1_566' title='bbox 1426 4924 1509 4980; x_wconf 88' lang='lat' dir='ltr'>certa</span> <span class='ocrx_word' id='word_1_567' title='bbox 1528 4939 1562 4981; x_wconf 85' lang='lat' dir='ltr'>rc</span> <span class='ocrx_word' id='word_1_568' title='bbox 1576 4921 1715 4996; x_wconf 88' lang='lat' dir='ltr'>definita,</span> <span class='ocrx_word' id='word_1_569' title='bbox 1735 4909 1911 4988; x_wconf 78' lang='lat' dir='ltr'>circumscrip-</span> 
     </span>
     <span class='ocr_line' id='line_1_50' title="bbox 367 5002 1911 5094; baseline -0.006 -20"><span class='ocrx_word' id='word_1_570' title='bbox 367 5014 451 5092; x_wconf 91' lang='lat' dir='ltr'>quod</span> <span class='ocrx_word' id='word_1_571' title='bbox 459 5013 592 5073; x_wconf 88' lang='lat' dir='ltr'>liberum</span> <span class='ocrx_word' id='word_1_572' title='bbox 606 5010 728 5086; x_wconf 90' lang='lat' dir='ltr'>dicitur,</span> <span class='ocrx_word' id='word_1_573' title='bbox 739 5006 902 5087; x_wconf 87' lang='lat' dir='ltr'>appetitus,</span> <span class='ocrx_word' id='word_1_574' title='bbox 918 5023 954 5067; x_wconf 89' lang='lat' dir='ltr'>ac</span> <span class='ocrx_word' id='word_1_575' title='bbox 965 5007 1133 5072; x_wconf 88' lang='lat' dir='ltr'>voluntatis</span> <span class='ocrx_word' id='word_1_576' title='bbox 1181 5008 1274 5086; x_wconf 87' lang='lat' dir='ltr'>taque</span> <span class='ocrx_word' id='word_1_577' title='bbox 1297 5008 1336 5069; x_wconf 92' lang='lat' dir='ltr'>sit</span> <span class='ocrx_word' id='word_1_578' title='bbox 1355 5029 1363 5083; x_wconf 92' lang='lat'>;</span> <span class='ocrx_word' id='word_1_579' title='bbox 1377 5010 1470 5090; x_wconf 87' lang='lat' dir='ltr'>idque</span> <span class='ocrx_word' id='word_1_580' title='bbox 1493 5012 1638 5093; x_wconf 85' lang='lat' dir='ltr'>objectum</span> <span class='ocrx_word' id='word_1_581' title='bbox 1661 5009 1825 5094; x_wconf 89' lang='lat' dir='ltr'>philosophi</span> <span class='ocrx_word' id='word_1_582' title='bbox 1839 5002 1911 5078; x_wconf 73' lang='lat' dir='ltr'>vulgo</span> 
     </span>
     <span class='ocr_line' id='line_1_51' title="bbox 367 5097 1911 5184; baseline -0.005 -19"><span class='ocrx_word' id='word_1_583' title='bbox 367 5106 528 5184; x_wconf 89' lang='lat' dir='ltr'>proprium</span> <span class='ocrx_word' id='word_1_584' title='bbox 548 5109 612 5165; x_wconf 89' lang='lat' dir='ltr'>est:</span> <span class='ocrx_word' id='word_1_585' title='bbox 632 5101 777 5173; x_wconf 87' lang='lat' dir='ltr'>alterum,</span> <span class='ocrx_word' id='word_1_586' title='bbox 800 5097 884 5178; x_wconf 88' lang='lat' dir='ltr'>quod</span> <span class='ocrx_word' id='word_1_587' title='bbox 899 5102 945 5158; x_wconf 88' lang='lat' dir='ltr'>est</span> <span class='ocrx_word' id='word_1_588' title='bbox 955 5100 1130 5180; x_wconf 89' lang='lat' dir='ltr'>arbitrium,</span> <span class='ocrx_word' id='word_1_589' title='bbox 1180 5099 1355 5161; x_wconf 84' lang='lat' dir='ltr'>nominant.</span> <span class='ocrx_word' id='word_1_590' title='bbox 1392 5102 1442 5163; x_wconf 90' lang='lat' dir='ltr'>Sic</span> <span class='ocrx_word' id='word_1_591' title='bbox 1482 5102 1685 5182; x_wconf 77' lang='lat' dir='ltr'>Angelorum,</span> <span class='ocrx_word' id='word_1_592' title='bbox 1720 5101 1911 5173; x_wconf 79' lang='lat' dir='ltr'>hominumque</span> 
     </span>
     <span class='ocr_line' id='line_1_52' title="bbox 366 5188 1909 5277; baseline -0.005 -20"><span class='ocrx_word' id='word_1_593' title='bbox 366 5196 430 5257; x_wconf 89' lang='lat' dir='ltr'>sive</span> <span class='ocrx_word' id='word_1_594' title='bbox 446 5196 611 5276; x_wconf 87' lang='lat' dir='ltr'>judicium,</span> <span class='ocrx_word' id='word_1_595' title='bbox 634 5191 781 5265; x_wconf 89' lang='lat' dir='ltr'>rationis;</span> <span class='ocrx_word' id='word_1_596' title='bbox 806 5190 914 5252; x_wconf 84' lang='lat' dir='ltr'>itidem</span> <span class='ocrx_word' id='word_1_597' title='bbox 939 5196 975 5250; x_wconf 91' lang='lat' dir='ltr'>ut</span> <span class='ocrx_word' id='word_1_598' title='bbox 991 5193 1131 5267; x_wconf 71' lang='grc' dir='ltr'>προαίρεσιν</span> <span class='ocrx_word' id='word_1_599' title='bbox 1180 5188 1343 5253; x_wconf 88' lang='lat' dir='ltr'>beatorum</span> <span class='ocrx_word' id='word_1_600' title='bbox 1366 5193 1520 5271; x_wconf 87' lang='lat' dir='ltr'>voluntas,</span> <span class='ocrx_word' id='word_1_601' title='bbox 1538 5193 1632 5277; x_wconf 82' lang='lat' dir='ltr'>(quod</span> <span class='ocrx_word' id='word_1_602' title='bbox 1646 5197 1737 5277; x_wconf 75' lang='lat' dir='ltr'>parile</span> <span class='ocrx_word' id='word_1_603' title='bbox 1751 5198 1816 5255; x_wconf 88' lang='lat' dir='ltr'>ante</span> <span class='ocrx_word' id='word_1_604' title='bbox 1827 5189 1909 5266; x_wconf 85' lang='lat' dir='ltr'>dispu-</span> 
     </span>
     <span class='ocr_line' id='line_1_53' title="bbox 367 5274 1910 5370; baseline -0.003 -20"><span class='ocrx_word' id='word_1_605' title='bbox 367 5289 467 5350; x_wconf 77' lang='lat' dir='ltr'>Graeci</span> <span class='ocrx_word' id='word_1_606' title='bbox 482 5288 533 5351; x_wconf 89' lang='lat' dir='ltr'>isti</span> <span class='ocrx_word' id='word_1_607' title='bbox 551 5288 667 5363; x_wconf 88' lang='lat' dir='ltr'>Patres,</span> <span class='ocrx_word' id='word_1_608' title='bbox 684 5284 866 5347; x_wconf 86' lang='lat' dir='ltr'>electionem</span> <span class='ocrx_word' id='word_1_609' title='bbox 880 5282 912 5342; x_wconf 89' lang='lat' dir='ltr'>S.</span> <span class='ocrx_word' id='word_1_610' title='bbox 931 5282 1077 5352; x_wconf 85' lang='lat' dir='ltr'>Thomas,</span> <span class='ocrx_word' id='word_1_611' title='bbox 1092 5296 1131 5339; x_wconf 85' lang='lat' dir='ltr'>ex</span> <span class='ocrx_word' id='word_1_612' title='bbox 1179 5283 1300 5343; x_wconf 87' lang='lat' dir='ltr'>tantem</span> <span class='ocrx_word' id='word_1_613' title='bbox 1316 5284 1347 5346; x_wconf 85' lang='lat' dir='ltr'>S.</span> <span class='ocrx_word' id='word_1_614' title='bbox 1364 5285 1516 5347; x_wconf 87' lang='lat' dir='ltr'>Thomam</span> <span class='ocrx_word' id='word_1_615' title='bbox 1534 5287 1678 5370; x_wconf 72' lang='lat' dir='ltr'>vidimus)</span> <span class='ocrx_word' id='word_1_616' title='bbox 1691 5306 1753 5349; x_wconf 92' lang='lat' dir='ltr'>non</span> <span class='ocrx_word' id='word_1_617' title='bbox 1764 5286 1860 5356; x_wconf 80' lang='lat' dir='ltr'>bbere,</span> <span class='ocrx_word' id='word_1_618' title='bbox 1871 5274 1910 5337; x_wconf 69' lang='lat' dir='ltr'>sed</span> 
     </span>
    </p>
   </div>
   <div class='ocr_carea' id='block_1_14' title="bbox 366 5372 1947 5472">
    <p class='ocr_par' dir='ltr' id='par_1_17' title="bbox 366 5372 1947 5472">
     <span class='ocr_line' id='line_1_54' title="bbox 366 5372 1947 5472; baseline -0.003 -31"><span class='ocrx_word' id='word_1_619' title='bbox 366 5381 518 5443; x_wconf 87' lang='lat' dir='ltr'>ambobus</span> <span class='ocrx_word' id='word_1_620' title='bbox 538 5379 602 5442; x_wconf 90' lang='lat' dir='ltr'>illis</span> <span class='ocrx_word' id='word_1_621' title='bbox 623 5383 837 5458; x_wconf 88' lang='lat' dir='ltr'>temperatam,</span> <span class='ocrx_word' id='word_1_622' title='bbox 870 5380 902 5437; x_wconf 87' lang='lat' dir='ltr'>et</span> <span class='ocrx_word' id='word_1_623' title='bbox 928 5372 1131 5453; x_wconf 89' lang='lat' dir='ltr'>compositam</span> <span class='ocrx_word' id='word_1_624' title='bbox 1180 5376 1350 5439; x_wconf 85' lang='lat' dir='ltr'>necessario</span> <span class='ocrx_word' id='word_1_625' title='bbox 1361 5378 1541 5441; x_wconf 88' lang='lat' dir='ltr'>trahiturin</span> <span class='ocrx_word' id='word_1_626' title='bbox 1563 5381 1672 5462; x_wconf 86' lang='lat' dir='ltr'>Deum,</span> <span class='ocrx_word' id='word_1_627' title='bbox 1680 5399 1722 5472; x_wconf 81' lang='lat' dir='ltr'>ac</span> <span class='ocrx_word' id='word_1_628' title='bbox 1733 5380 1910 5450; x_wconf 76' lang='lat' dir='ltr'>beatamqut</span> <span class='ocrx_word' id='word_1_629' title='bbox 1946 5424 1947 5427; x_wconf 63' lang='lat'>,</span> 
     </span>
    </p>
   </div>
   <div class='ocr_carea' id='block_1_15' title="bbox 392 5570 534 5616">
    <p class='ocr_par' dir='ltr' id='par_1_18' title="bbox 392 5570 534 5616">
     <span class='ocr_line' id='line_1_55' title="bbox 392 5570 534 5616; baseline -0.014 -2"><span class='ocrx_word' id='word_1_630' title='bbox 392 5573 403 5614; x_wconf 85' lang='lat' dir='ltr'>l</span> <span class='ocrx_word' id='word_1_631' title='bbox 419 5571 451 5614; x_wconf 82' lang='lat' dir='ltr'>lb.</span> <span class='ocrx_word' id='word_1_632' title='bbox 463 5578 503 5616; x_wconf 84' lang='lat' dir='ltr'>ort.</span> <span class='ocrx_word' id='word_1_633' title='bbox 513 5570 534 5615; x_wconf 82' lang='grc'>6.</span> 
     </span>
    </p>
   </div>
   <div class='ocr_carea' id='block_1_16' title="bbox 0 0 1998 6164">
    <p class='ocr_par' dir='ltr' id='par_1_19' title="bbox 0 0 1998 6164">
     <span class='ocr_line' id='line_1_56' title="bbox 0 0 1998 6164; baseline 0 0"><span class='ocrx_word' id='word_1_634' title='bbox 0 0 1998 6164; x_wconf 95' lang='lat' dir='ltr'> </span> 
     </span>
    </p>
   </div>
  </div>
 </body>
</html>
