3934 6172
275 356 334 421 tlt
784 352 1110 418 rummeleouubt
1130 349 1349 415 DOGMATUM

115 532 162 578 uon
175 533 241 588 prena
273 518 625 583 talislldamusdieatur
649 538 668 582 ο
690 521 752 582 Deo
771 519 957 583 esseiactus.
973 521 1043 582 Non
1092 517 1260 598 passiones.
1286 512 1414 583 Quodsi
1428 512 1541 574 animae
1555 511 1637 572 bona
1649 514 1837 590 preponeret
1945 520 1946 523 ’

103 585 242 684 {reinildi-
275 610 359 675 enim
383 611 476 693 plena
491 612 550 674 ista
569 612 628 674 fuit
647 612 874 689 immortalitas,
895 630 966 692 quse
978 630 1044 673 uon
1092 600 1841 680 haeresconstituereturuitoeimmortalisdnquiuut

155 699 196 736 θ’*
275 701 378 765 solum
402 710 545 780 mortem,
572 704 743 767 sedetiam
765 704 932 781 moriendi,
953 705 1044 765 utita
1093 701 1188 775 enim,
1209 701 1235 762 si
1257 700 1297 761 ab
1321 700 1387 780 ipso
1396 696 1524 759 exordio
1536 693 1699 755 mortalem
1710 693 1793 754 illum
1803 692 1840 754 ie

275 794 389 871 dicam,
421 795 656 876 possibilitatem
689 796 885 874 excluderet,
921 795 1043 873 qualem
1093 794 1193 869 οἰοιοῖ,
1221 797 1291 873 post
1316 795 1476 871 peecatum
1500 806 1566 849 nou
1592 790 1731 847 atreum
1748 784 1842 845 mortis
1946 876 1947 879 ρ

275 884 359 949 beati
371 891 440 966 poet
457 887 715 949 resurrectionem
733 904 897 968 corporum
911 888 1044 949 sortien-
1093 885 1343 959 condemnassem
1356 880 1519 943 mortalem
1533 879 1617 940 enim
1630 882 1728 939 morte
1738 880 1843 936 nonest
1946 892 1947 943 ζ

274 982 338 1040 tur.
371 977 433 1041 Sed
466 978 554 1058 etrjus
577 979 727 1041 beneficio
752 996 817 1040 non
846 985 1045 1041 morerentur
1094 976 1249 1057 equitem
1271 975 1489 1038 condemnare.
1510 971 1598 1045 Quod
1615 970 1640 1031 sl
1652 967 1842 1031 immortalem

274 1068 403 1148 quidem
420 1087 455 1131 re
477 1070 554 1150 ipsa.
574 1072 627 1134 md
645 1071 727 1133 mori
748 1077 854 1134 tamen
867 1076 1002 1151 possent,
1018 1071 1045 1132 si
1093 1067 1213 1130 fecisset
1234 1086 1323 1145 eum,
1352 1080 1549 1147 nequaquam
1576 1080 1643 1127 esea
1668 1060 1844 1139 indigentem

274 1166 329 1223 aut
342 1168 523 1241 peccarent.
538 1169 592 1225 aut
607 1170 695 1225 extra
710 1163 893 1225 Paradisum
906 1163 1043 1224 collocati
1094 1162 1269 1236 statuisset3
1290 1177 1364 1221 narn
1387 1158 1509 1220 nullum
1524 1154 1698 1217 immortale
1709 1151 1844 1232 corporali

273 1267 293 1308 a
313 1248 399 1328 liguo
424 1250 496 1313 vitm
527 1252 779 1332 prohiberentur,
814 1252 841 1314 si
869 1251 1044 1331 Augustino
1095 1270 1253 1333 eseaopus
1267 1252 1369 1315 habet.
1387 1252 1493 1330 Neque
1513 1265 1588 1310 uero
1606 1252 1671 1308 tam
1684 1244 1844 1324 subitopoe·
1947 1242 1948 1263 ¹

273 1340 440 1419 oredimus,
468 1343 523 1422 qui
543 1342 587 1405 ita
603 1344 694 1407 docet
713 1344 747 1406 iu
769 1344 869 1425 capite
895 1344 948 1406 illo
972 1360 1045 1407 xxm
1093 1344 1247 1421 nituisset,
1263 1350 1299 1405 ut
1311 1361 1407 1424 quem
1423 1342 1542 1404 fecisset
1555 1337 1770 1412 immortalem,
1781 1353 1845 1396 ran·

271 1431 343 1495 libri
358 1432 472 1497 Xlllde
488 1433 620 1497 Ciuitate
633 1435 702 1508 Dei,
716 1436 829 1516 dequo
843 1435 1042 1499 mordicum.
1093 1438 1183 1499 tinuo
1210 1455 1303 1518 poena
1326 1435 1499 1498 multasset.
1530 1431 1639 1511 lngeli
1669 1434 1764 1502 certe,
1785 1427 1847 1491 lieet

311 1525 363 1587 IX.
388 1526 451 1589 Nec
477 1527 651 1606 Augustino
674 1528 878 1590 adversantur
903 1527 960 1603 illi,
989 1529 1044 1607 qui
1093 1530 1297 1609 peccaverint,
1310 1527 1558 1609 aprimatamen
1572 1521 1847 1585 notmanoudesti-

272 1615 429 1681 adamum
447 1619 612 1685 mortalem
631 1619 725 1683 fuisse
738 1625 866 1700 negent,
879 1619 1044 1682 utblarius
1092 1627 1210 1700 terunt,
1233 1621 1327 1682 aliem
1361 1626 1474 1701 praeter
1504 1622 1638 1680 mortem
1671 1630 1791 1696 poenam
1814 1613 1846 1674 de
1948 1608 1949 1631 ¹

272 1708 376 1771 Victor
389 1708 469 1773 libro
483 1710 585 1791 primo
601 1711 635 1772 ia
649 1710 864 1791 Geumtm3qni
877 1730 917 1774 ex
928 1712 1043 1773 divinae
1092 1719 1216 1793 peceato
1237 1713 1416 1774 subeuntes.
1445 1733 1461 1770 ο
1489 1713 1565 1771 Mox
1591 1730 1607 1768 a
1629 1707 1793 1789 improbari
1812 1705 1848 1765 ait

272 1802 433 1864 sententie
456 1800 603 1880 fumaria,
623 1821 684 1883 qua
702 1803 761 1865 sub
781 1803 890 1866 mortis
905 1803 1045 1865 intermi-
1093 1804 1278 1885 aplerisque
1298 1806 1467 1866 Doctorum
1488 1804 1569 1864 banc
1583 1800 1767 1863 sententiam
1779 1816 1847 1859 asse

272 1892 398 1953 natione
422 1911 482 1954 usu
509 1893 629 1957 arboris
648 1894 784 1959 caenae
810 1894 896 1974 boni,
924 1894 1044 1961 etmali
1092 1897 1244 1972 rentibus,
1259 1896 1344 1976 quod
1357 1893 1496 1958 mortalis
1509 1892 1849 1971 ieetuoutluerit‚pote

271 1983 442 2059 interdixit,
454 1984 498 2048 ita
510 1986 683 2049 concludit:
1092 1994 1142 2048 ret
1162 1993 1269 2049 tamen
1288 1988 1346 2048 sub
1367 1986 1490 2048 virtutis
1512 2003 1656 2065 processu
1682 1981 1850 2046 immortalis
1949 1976 1950 1997 ¹

1093 2079 1172 2155 lieri,
1188 2098 1224 2141 eo
1238 2080 1322 2159 quod
1329 2084 1478 2160 potestate
1489 2077 1676 2138 immortalis
1686 2076 1817 2136 frumeta
1833 2094 1846 2130 ν

276 2167 383 2231 ιιΤοΙί
405 2168 475 2249 lege
498 2169 571 2231 data
590 2168 672 2231 ratio
693 2170 785 2233 docet
808 2170 935 2250 optima,
960 2169 1045 2250 quod
1096 2172 1203 2250 Itaque
1225 2170 1276 2232 isti
1305 2172 1471 2233 mortalem
1495 2171 1596 2249 reipsa
1620 2167 1716 2229 baisse
1741 2171 1852 2229 reusam

969 2266 1044 2341 [nen
1095 2264 1268 2340 ddamum;
1289 2261 1499 2324 immortalem
1517 2279 1592 2322 vero
1605 2268 1764 2342 palestram
1781 2256 1851 2338 quod

272 2352 434 2415 Mortalem
449 2351 738 2434 Deusiuprimeevo
751 2359 891 2434 tempore
904 2354 978 2417 lecit
1097 2356 1206 2417 eodem
1221 2373 1293 2416 cum
1312 2348 1465 2435 superiori
1476 2352 1622 2433 opinione
1635 2347 1852 2426 relabitur,nisi

271 2445 415 2507 Primum
428 2446 699 2526 bominemtquin
718 2446 770 2509 ille
787 2446 846 2508 sibi
859 2451 1046 2511 mortemat
1095 2448 1178 2528 quod
1201 2446 1356 2509 mortalem
1388 2451 1469 2524 octa,
1504 2443 1704 2507 immortalem
1734 2440 1851 2525 potentia

827 2539 911 2616 [uelit
924 2539 1041 2601 ultrum
1095 2539 1189 2601 frume
1211 2538 1441 2616 dicere,minus
1454 2543 1500 2599 est
1526 2536 1705 2613 terendum,
1727 2552 1815 2614 quum
1836 2550 1852 2593 ο

1096 2631 1262 2701 saumario,
1293 2629 1488 2692 immortalem
1513 2637 1597 2704 acta,
1622 2629 1759 2709 potentia
1783 2645 1851 2687 mor·

272 2722 352 2784 Nam
365 2721 565 2785 mortalisvel
580 2720 633 2783 ille
647 2719 772 2798 dicitur,
791 2721 845 2801 qui
866 2723 968 2803 reipsa
980 2741 1046 2784 mo·
1096 2722 1200 2785 tolera.
1951 2796 1952 2803 ρ

271 2814 457 2889 riturusest,
472 2813 600 2894 miqui,
623 2813 681 2876 etsi
698 2818 833 2875 moriem
847 2814 949 2895 reipsa
961 2834 1044 2876 nun-
1137 2816 1175 2876 X.
1198 2815 1246 2876 Ita
1261 2815 1392 2876 bliebeel
1411 2812 1523 2894 Gigoas
1543 2812 1578 2874 in
1597 2811 1760 2874 Aumatium
1779 2815 1853 2891 parte

273 2924 368 2987 quam
390 2905 594 2986 experimen,
617 2910 723 2968 tamen
749 2906 830 2967 mori
850 2913 964 2987 posset,
984 2907 1045 2968 nisi
1097 2906 1240 2988 primaiu
1249 2905 1853 2984 eademmortatisambigoitatejaetutm:

272 2999 435 3079 peculiaris
456 2998 598 3077 quaedam
622 3016 696 3058 eure
715 2998 780 3068 Dei,
803 3002 839 3059 ec
853 2999 1046 3078 providentia
1100 3000 1297 3074 summum,
1316 2998 1428 3078 iuquit,
1453 2997 1505 3058 elii
1527 2996 1656 3076 quidem
1679 2999 1778 3059 aDeo
1793 3014 1855 3056 eou-

273 3090 377 3170 ipsum
391 3089 430 3151 ab
458 3094 558 3151 morte
584 3090 766 3152 vindicaret.
791 3090 857 3152 lloo
875 3093 1045 3171 posteriore
1098 3091 1197 3152 ditum
1211 3089 1604 3164 luissemortalemdieunt3
1618 3089 1755 3150 aliivero
1763 3087 1854 3149 medio
1952 3076 1953 3127 ἶ

274 3200 368 3243 seusu
381 3180 520 3243 mortalis
541 3181 678 3243 aldarnus
694 3180 763 3257 fuit,
780 3180 961 3260 priorenon
974 3183 1041 3244 faut.
1097 3184 1233 3262 quodmn
1259 3183 1327 3244 loeo
1355 3183 1568 3250 constituunt,
1606 3180 1758 3242 nimirum
1784 3180 1855 3241 iuter

275 3271 1045 3353 Quoquidembugustiuus¹amortalesaithomi·
1096 3274 1377 3350 immortalitatem,
1413 3281 1445 3335 et
1477 3273 1708 3335 mortalitatem.
1745 3271 1855 3334 Etenim

274 3384 330 3427 nes
344 3382 415 3426 eum
425 3382 518 3444 poena
529 3365 650 3426 nasei.»
668 3365 715 3425 Ex
729 3364 843 3443 quibus
853 3366 978 3428 evidens
987 3372 1043 3440 est,
1097 3366 1212 3446 absque
1225 3367 1285 3427 hoe
1297 3365 1388 3435 iuret,
1410 3365 1469 3446 ipsi
1489 3365 1615 3445 quidem
1629 3366 1785 3446 inquiunt,
1800 3380 1856 3424 nou

274 3457 357 3519 haud
373 3462 489 3519 temere
504 3456 816 3536 culpandoseosesse,
827 3457 882 3536 qni
892 3459 1046 3521 lldamum
1098 3465 1133 3519 ut
1152 3464 1221 3538 post
1240 3458 1517 3536 transgressionem
1536 3458 1629 3519 morti
1647 3457 1755 3519 inisset
1771 3456 1857 3517 lamus

275 3567 333 3612 aee
355 3548 518 3611 mortalem
541 3567 561 3608 a
581 3550 656 3622 Deo,
678 3567 737 3610 uec
759 3549 968 3611 immortalem
981 3568 1047 3612 esse
1098 3549 1261 3612 obnoxius.
1284 3572 1300 3608 ν
1326 3551 1413 3611 Hauc
1436 3549 1616 3629 opinionem
1629 3550 1743 3630 Glyeas
1759 3548 1857 3610 deiude

275 3640 434 3704 conditum
456 3639 624 3716 affirmant,
648 3639 702 3701 sed
721 3640 802 3701 inter
815 3646 984 3720 utrumque
997 3643 1046 3701 in·
1097 3642 1210 3703 refellit
1229 3661 1266 3703 eo
1293 3643 1429 3703 maxime
1457 3647 1660 3720 argumento,
1691 3640 1768 3724 quod
1790 3642 1858 3702 Deae

277 3734 402 3813 terjeeto
416 3737 518 3807 statu;
535 3731 825 3810 quosnibilomiuus
838 3733 931 3812 aliqui
946 3751 1048 3813 repre·
1098 3743 1221 3795 mortem
1234 3752 1292 3795 nou
1306 3734 1413 3812 μεθ’,
1439 3738 1533 3812 atque
1554 3732 1671 3795 idcirco
1686 3752 1751 3795 uon
1763 3731 1859 3794 debuit

274 3822 1047 3903 bendrmt.llugoEterianusiulibrodeam'moram
1098 3825 1176 3887 eitra
1197 3831 1357 3905 peecatum
1378 3825 1473 3886 homo
1488 3824 1549 3904 legi
1566 3842 1631 3885 esse
1645 3826 1755 3886 mortis
1767 3825 1858 3886 obuo-

275 3936 404 4000 reqressa
419 3915 457 3977 ab
470 3915 589 3994 luseris,
605 3934 672 3995 cap.
695 3931 737 3990 ιιι,
762 3916 908 3978 liebrmos
919 3918 962 3978 ita
973 3936 1047 3979 seu·
1097 3918 1177 3979 aias.
1194 3917 1326 3997 Subjieit
1339 3923 1371 3979 et
1386 3916 1587 3995 antiquorum
1600 3918 1733 3978 Patrum
1746 3922 1858 3978 senten·

275 4010 333 4071 tire
346 4008 433 4086 dicit,
457 4008 519 4069 imo
546 4007 681 4069 Nemesii
698 4007 803 4070 locum
816 4008 909 4070 tacito
922 4011 1049 4071 nomine
1097 4010 1167 4088 tias,
1182 4028 1252 4089 quae
1273 4010 1415 4070 interitus
1434 4015 1592 4087 expertem
1609 4009 1765 4071 adamum
1776 4008 1859 4070 niae

276 4101 428 4179 deseribit‚
455 4100 563 4163 Latine
582 4101 625 4160 ita
644 4117 787 4162 uersum:
816 4122 832 4159 a
857 4102 1049 4164 liuutenim
1099 4102 1296 4175 confirment,
1316 4106 1352 4162 ut
1369 4101 1522 4162 anastasii
1543 4100 1670 4163 Sinaitse
1685 4101 1719 4162 iu
1732 4100 1860 4162 oratione

275 4194 448 4268 homiuem,
474 4192 595 4272 iuquit,
625 4191 769 4271 aprime
803 4193 922 4269 origine
947 4212 1050 4273 neque
1099 4193 1135 4256 de
1163 4193 1403 4267 liemareotloae,
1432 4198 1464 4254 et
1489 4193 1622 4254 Andreae
1653 4193 1805 4255 Cretensis
1830 4189 1860 4251 iu

277 4285 372 4346 fuisse
385 4284 560 4352 mortalem,
574 4302 676 4362 neque
690 4284 910 4363 immortalem,
926 4287 979 4348 sed
993 4305 1049 4347 ua·
1100 4283 1282 4347 orationede
1293 4283 1347 4358 lis,
1358 4284 1413 4365 qai
1421 4281 1648 4359 obdormierant,
1660 4282 1861 4365 chrysostomi

277 4382 381 4439 turum
390 4376 1048 4456 interutramqneasseruntfuisseereatum‚
1100 4378 1229 4451 itemst
1242 4376 1354 4438 Basilii.
1371 4376 1466 4457 Atqui
1478 4376 1655 4438 testimniu
1667 4377 1860 4439 illaveterum

278 4472 315 4529 ut
332 4465 487 4548 corporeis
506 4467 699 4547 passionibus
719 4487 883 4549 corporeas
902 4469 1051 4531 incideret
1101 4471 1270 4532 lroouuum
1284 4469 1481 4549 persuadent,
1496 4469 1581 4548 quod
1593 4470 1780 4532 etealboliea
1792 4468 1860 4530 fides

315 4675 337 4718 a
368 4657 473 4714 Νιιιει.
496 4671 557 4727 cup.
577 4672 597 4712 ι.
621 4654 737 4731 Ἐερσῖσι
761 4657 788 4713 u
809 4659 853 4713 ιθν
876 4658 1002 4732 ἄνθρωπον
1026 4658 1051 4725 ἐξ
1098 4659 1221 4716 mmmm.
1249 4657 1318 4713 otttu
1341 4656 1388 4731 γὰρ
1409 4664 1459 4712 τῶν
1482 4656 1609 4712 ἀθανάτων
1623 4662 1861 4732 τροφῆςσωματιοθι

281 4743 358 4816 ἀρχῆς
372 4740 428 4796 οὔτε
441 4740 527 4809 tumbe
542 4740 757 4814 ὁμολογουμένως,
772 4739 828 4795 οὔτι
848 4741 966 4797 ἀθάνατον
979 4763 1049 4816 qaus·
1098 4745 1185 4800 θιΐτσι.
1199 4742 1252 4799 οθδ’
1263 4744 1292 4796 ἂν
1305 4743 1373 4797 otro>
1383 4741 1473 4814 latios
1485 4743 1623 4814 μίῖῑθθηῦῑν
1632 4744 1726 4798 ”lili
1739 4746 1861 4816 ΜΝ

280 4823 367 4894 νῆσθοιθ
381 4841 464 4897 φασιν·
481 4822 538 4876 ἀλλ’
553 4819 577 4876 ἓν
590 4824 710 4895 μεθορίοις
720 4823 832 4899 θιιοιτέριις
846 4824 949 4897 plotus·
963 4826 1007 4879 iva
1020 4829 1049 4880 θν
1098 4826 1217 4882 ἀθάνατοι
1240 4826 1326 4894 θνητθι
1352 4824 1439 4889 tillus
1466 4824 1587 4894 lautum.
1611 4824 1668 4883 ottl
1694 4827 1744 4900 γὰρ
1768 4821 1862 4885 tatem

282 4907 325 4981 μθν
339 4910 392 4973 τοῖς
409 4908 558 4980 σωματικοῖς
577 4904 728 4979 ἀκολουθήσῃ
751 4907 861 4972 πάθεσιν,
880 4909 995 4982 περιπέσῃ
1009 4907 1051 4963 itai
1099 4908 1293 4983 ἁμαρτησάντων
1304 4907 1415 4982 ἀγγέλων
1430 4902 1504 4963 solaro
1517 4908 1626 4981 patarea
1639 4910 1789 4980 πεποιηκώς·
1804 4905 1863 4963 illd

280 4992 497 5063 salamantinis
512 4988 668 5065 paramum,
685 4983 726 5042 ide
741 4987 807 5044 olet
816 4991 859 5058 tii<
873 4990 952 5064 ψυχῆς
966 5010 1051 5064 apost·
1098 4992 1161 5048 ιιιιτθ
1174 4990 1218 5060 τὴν
1236 4990 1260 5054 ἐξ
1275 4990 1352 5067 ἀρχῆς
1365 4991 1435 5063 φύσιν
1450 4990 1566 5046 ἀθάνατοι
1580 4991 1713 5065 talparum,
1730 4995 1807 5062 ἄλλην
1817 4998 1862 5048 τῶν

280 5077 346 5147 μήσῃ
360 5071 434 5138 καλὰ,
450 5066 635 5139 meliusculae
649 5069 747 5146 ἀξιωθῇ.
759 5071 781 5125 ai
793 5073 840 5147 γὰρ
854 5071 879 5136 ἐξ
889 5072 966 5149 Ξρχῆς
976 5073 1049 5130 cteta
1097 5074 1276 5150 ἡμαρτημένων
1292 5075 1480 5149 ἀπεκδεχόμενοι
1494 5075 1574 5143 δίκην,
1589 5073 1645 5130 ἀλλ’
1660 5076 1689 5131 οὗ
1700 5078 1741 5133 aba
1755 5078 1862 5133 θάνατοι.

279 5157 367 5227 θνηιθι
382 5154 522 5225 θιιοθησινθ
538 5154 601 5217 θιθς,
615 5152 659 5208 obn
673 5156 702 5208 du
718 5150 858 5228 ἇμοιρτθντα
871 5157 968 5230 θανάιιμ
980 5176 1051 5213 κατι·
1099 5159 1193 5233 βέλτιον
1209 5151 1251 5212 οὖν
1269 5158 1285 5226 ἢ
1299 5161 1387 5211 τοῦτον
1400 5156 1441 5213 τθι
1458 5160 1548 5230 τρόπον
1562 5160 1626 5211 νοεῖν
1647 5159 1676 5213 ιθ
1698 5158 1863 5235 προοεθμινοι,

279 5241 373 5296 blatam.
388 5245 433 5295 roo
449 5239 497 5312 γὰρ
510 5239 598 5307 θνητοῦ
611 5238 746 5309 θνητθτητοι
760 5239 839 5316 οθθιθς
849 5242 1013 5305 amamur.
1029 5241 1051 5296 al
1098 5242 1115 5311 il
1129 5244 1168 5297 θιι
1180 5241 1266 5310 θνητθς
1276 5240 1318 5313 ple
1328 5241 1516 5305 κατισιιεθοστο,
1529 5242 1695 5313 acceptumst
1707 5240 1735 5297 ἐκ
1747 5245 1865 5316 προκοπῆς

279 5324 307 5380 u
318 5318 432 5379 ιθπάλιν
446 5321 577 5388 ἀθάνατον,
592 5320 645 5376 odb’
659 5324 689 5377 ee
707 5327 799 5395 τροφῆς
813 5322 885 5379 aurbu
899 5322 971 5379 luat
984 5342 1051 5379 ιιστι·
1097 5326 1265 5398 τιλιισθμινος
1271 5323 1390 5388 ἀθάνατος
1396 5325 1516 5397 mama,
1522 5326 1863 5399 murtoabovdpudltvasot·

232 5505 235 5509 ’
309 5488 318 5533 l
335 5487 360 5533 lu
370 5489 407 5534 Pe.
420 5496 524 5532 ιιιιιι.-
536 5483 551 5529 θ
564 5485 615 5539 sap.
628 5495 645 5536 ι,
654 5483 687 5530 lt.
