3948 6172
356 680 361 689 ,
467 525 1227 668 APPENDIX

677 837 1011 931 ADLIBRUMII

258 1086 354 1194 DE
429 1084 823 1196 OPIFICIO
899 1086 1039 1194 SEX
1112 1088 1437 1198 DIERUM

811 1341 886 1405 SEU

415 1548 489 1692 R.
541 1549 608 1692 P.
649 1544 982 1692 ΑΝΤΟΝΙΙ
1034 1546 1297 1693 GASINI

616 1838 942 1902 nsocrnrnnn
979 1839 1094 1903 nasu
1126 1814 1130 1819 ’

79 2050 598 2140 CONTROVERSIA
643 2053 733 2137 DE
793 2051 1014 2138 STATU
1070 2053 1274 2138 PURAE
1326 2053 1644 2142 NATURAE.

714 2313 989 2402 MONITUM.

118 2565 379 2641 Controversiam
395 2561 438 2636 de
460 2571 549 2634 statu
568 2583 662 2655 pura
677 2572 817 2648 naturae,
839 2564 904 2637 nisi
924 2585 1017 2638 mors
1033 2566 1292 2650 intercessisset,
1309 2573 1515 2638 tractaturus
1532 2565 1651 2658 procul

82 2677 167 2751 dnbio
185 2691 256 2754 erat
274 2680 434 2754 Petarius
454 2679 490 2749 in
510 2677 607 2749 libris
620 2680 659 2750 de
674 2678 808 2762 Gratia,
833 2699 918 2771 quos
935 2700 1040 2772 quum
1066 2701 1134 2752 nnn
1160 2681 1410 2773 perscripserit,
1431 2701 1504 2752 rem
1523 2691 1652 2773 gratam

82 2792 225 2869 imtnmm
241 2819 300 2870 nne
317 2794 502 2869 lectoribus
522 2803 617 2887 puto,
636 2795 664 2867 si
685 2795 943 2880 eruditissimas,
964 2806 1065 2890 atque
1081 2796 1208 2890 oppido
1226 2818 1321 2869 raras
1341 2796 1377 2867 P.
1395 2796 1510 2869 Casini
1527 2797 1570 2870 de
1587 2799 1651 2870 hoc

84 2920 255 3000 argumento
292 2910 541 3003 disputationes
573 2910 628 2981 hic
659 2911 783 2982 iterum
811 2911 1026 2983 excudendas
1046 2933 1222 2986 curavero.
1252 2913 1362 2985 Locus
1387 2913 1442 2984 hic
1462 2921 1555 2984 certe
1585 2912 1652 2983 illis

84 3037 336 3118 peropportunus
357 3036 419 3110 est,
447 3034 626 3118 postquam
644 3025 687 3098 de
704 3027 836 3099 eximiis
870 3029 1119 3119 protoparentis
1149 3028 1254 3099 nostri
1279 3026 1414 3099 dotibus
1444 3028 1511 3118 egit
1538 3037 1653 3099 noster

85 3137 226 3215 Petarius.
246 3143 300 3215 Eo
319 3150 434 3213 autem
453 3140 616 3213 libentius
636 3142 710 3213 iiias
725 3142 867 3233 exprimi
886 3162 1005 3216 rursus
1026 3144 1112 3235 typis
1128 3143 1215 3227 rein,
1235 3140 1326 3235 quod
1340 3143 1376 3214 in
1399 3143 1524 3215 Petarii
1544 3143 1653 3235 elogio

84 3252 149 3340 din,
165 3257 200 3331 P.
216 3259 394 3332 casininm
414 3257 456 3330 de
471 3257 702 3329 continuando
734 3257 914 3330 Petariano
944 3280 1047 3351 opere
1073 3260 1250 3352 cogitasse.
1287 3258 1326 3330 Id
1353 3259 1443 3331 enim
1469 3260 1534 3331 erit
1552 3261 1654 3342 relntj

84 3375 231 3461 specimen
255 3374 404 3470 ingenii,
421 3381 521 3466 atque
538 3373 752 3457 eruditionis,
777 3375 939 3466 quemad
958 3374 993 3445 id
1013 3376 1127 3467 operis
1148 3375 1332 3447 collaturus
1354 3386 1428 3447 erat
1451 3376 1502 3445 rir
1522 3374 1654 3448 doctus.

85 3483 315 3581 Disputationes
348 3491 419 3563 ista
439 3490 553 3562 Emin.
592 3489 763 3562 cardinali
796 3490 973 3564 Melchiori
1005 3491 1048 3564 de
1076 3491 1234 3584 Pelignac
1252 3492 1422 3582 inscripta
1453 3489 1657 3584 prodierunt

85 3605 337 3693 pnnnnnomae
347 3605 456 3691 1724,
472 3605 547 3677 iad
557 3605 749 3697 linguarum
764 3606 952 3691 Hebraicee,
971 3616 1005 3679 et
1016 3608 1138 3679 Graecae
1150 3608 1425 3680 exercitationem
1440 3605 1653 3682 adhibenda.

1121 3739 1158 3811 r.
1185 3738 1228 3812 ι.
1258 3717 1516 3813 zncnnnms'.

113 4125 245 4299 nn
307 4127 673 4303 sunno
730 4114 1066 4303 unum
1129 4127 1628 4303 unuunm

587 4446 1140 4534 CONTROVERSIA.

122 4687 179 4752 lino
222 4702 314 4773 sunt,
342 4693 485 4756 omnium
518 4695 689 4775 sententia,
726 4694 839 4776 quibus
888 4696 1046 4757 instructa.
1057 4697 1102 4756 Ex
1111 4700 1244 4774 utroque
1256 4694 1352 4773 igitur
1360 4700 1466 4776 eptam
1478 4696 1659 4777 reihujusce

91 4793 290 4854 pneumatum.
304 4791 401 4848 status
415 4786 705 4868 comprehenditur,
725 4793 756 4849 et
770 4805 840 4848 con·
887 4788 1049 4850 notionem
1075 4787 1210 4849 informo
1233 4804 1241 4846 ι
1267 4804 1398 4867 eamque
1423 4787 1492 4849 dico
1515 4793 1659 4849 naturam

92 4866 198 4936 fiuntur.
212 4878 334 4959 Negans
346 4879 550 4941 estulterum:
560 4879 713 4958 siquidem
727 4893 840 4940 nature
889 4897 1091 4961 puramque
1101 4880 1135 4941 id
1145 4879 1240 4940 hebet
1253 4885 1283 4940 et
1298 4883 1441 4952 omne,et
1453 4880 1566 4955 solium,
1576 4881 1660 4958 quod

91 4975 195 5035 parona
205 4968 265 5032 dici
275 4989 340 5032 non
359 4977 477 5051 potest,
493 4989 565 5051 quan
579 4989 674 5052 supra
687 4971 721 5032 id
734 4988 838 5049 omne,
889 4973 949 5032 sibi
958 4972 1097 5033 debetur.
1108 4973 1173 5046 Quo
1185 4970 1275 5032 facile
1284 4989 1440 5050 agnosces,
1450 4976 1565 5032 statum
1573 4989 1661 5051 purte

94 5055 163 5126 quod
174 5059 284 5140 exigit,
298 5068 330 5124 et
350 5080 406 5124 eun
429 5063 487 5124 sibi
499 5066 586 5142 quasi
598 5063 670 5142 jure
684 5062 839 5139 vendicat,
890 5071 1009 5125 naturae
1023 5064 1161 5125 medium
1172 5080 1239 5123 esse
1251 5062 1333 5124 inter
1350 5068 1464 5123 statum
1482 5063 1660 5143 originario

90 5139 161 5221 uliud
181 5149 236 5212 fert
258 5154 430 5235 quidpiam,
452 5155 516 5216 sive
531 5155 632 5216 isthuc
650 5154 770 5216 bouum
789 5154 838 5229 sit,
887 5156 1027 5234 justitie,
1042 5156 1077 5216 in
1091 5173 1153 5234 quo
1166 5160 1214 5215 est
1231 5154 1393 5227 conditus,
1409 5159 1440 5214 et
1459 5159 1574 5215 statum
1588 5172 1659 5235 pec·

94 5231 266 5305 tinemulum
281 5264 289 5306 :
304 5247 370 5308 sive
387 5247 505 5326 gratia,
520 5248 583 5308 sire
601 5252 772 5327 peccatum.
787 5245 842 5306 ΑΙ-
891 5248 963 5323 cuti,
983 5247 1017 5308 in
1040 5265 1135 5327 quem
1161 5246 1265 5328 lapsus
1291 5252 1337 5307 est
1361 5247 1456 5307 homo
1479 5266 1487 5307 τ
1507 5247 1658 5321 medium,

94 5327 261 5398 itrumrero
274 5346 321 5401 est
333 5336 493 5401 affirmans
508 5359 516 5401 r
530 5344 644 5401 nature
663 5339 748 5401 enim
763 5356 843 5420 pura
892 5339 1037 5420 inquam,
1062 5358 1138 5417 esse,
1162 5340 1290 5401 remotis
1311 5339 1468 5419 utrimque
1490 5339 1659 5401 extremior

95 5430 154 5493 ΨΜ
165 5432 247 5503 eset,
259 5437 336 5496 esset
353 5431 463 5494 eudem
484 5431 524 5494 ab
537 5431 685 5494 omnihus
698 5432 761 5492 suis
773 5448 843 5513 pro
893 5431 935 5493 ito
949 5436 996 5508 ut,
1010 5431 1044 5493 in
1059 5436 1189 5494 eoetutu
1201 5431 1327 5508 sileret,
1339 5429 1660 5510 nequeillumsaneti-

96 5508 277 5599 Friniatibus,
299 5528 331 5587 et
353 5523 551 5586 facultatibus
577 5524 635 5587 rite
661 5529 789 5605 purete,
812 5528 844 5586 et
893 5528 990 5585 tutem
1002 5522 1218 5602 haberetque
1237 5520 1383 5602 proditus
1403 5521 1516 5583 eratin
1537 5521 1660 5601 primm
