4004 6168
672 346 790 411 LIBER
811 347 928 418 1111118,
950 350 1035 413 (11111.
1058 351 1099 415 11.
1226 394 1229 401 -
1621 360 1681 422 ddi

87 513 210 575 eoeleste
237 513 466 595 capessendum
492 512 597 575 idonei
623 518 707 575 stant.
733 513 865 579 Sextum
912 512 981 576 loca
1004 521 1077 577 snut
1104 515 1285 597 Augustini,
1313 518 1473 600 inquibus
1498 519 1559 582 hoc
1578 520 1681 601 ipsum

80 606 352 686 ¹postremumque
365 612 410 667 est
423 611 541 667 aterna
563 606 627 686 ipsa
650 606 727 667 uita.
751 607 794 667 De
816 605 864 665 his
913 610 1041 668 testatus
1056 612 1111 669 est.

88 697 238 759 omnibus
250 699 363 778 gratita
375 698 538 777 generibus
551 697 758 779 particulatim
776 696 863 758 dein·
954 700 1010 760 VI.
1023 700 1101 760 ilinc
1110 699 1268 762 verissime
1281 703 1408 781 quidem
1422 702 1500 764 illud
1512 702 1678 785 colligitur,

89 808 158 871 caps
169 808 281 870 agam.
299 796 330 852 et
342 791 418 871 qaid
430 790 465 852 in
483 808 673 870 unoquoque
692 789 863 851 dcundum
913 789 1076 869 Pelagium
1086 790 1184 852 libero
1200 793 1327 854 arbitrio
1336 795 1470 856 nimium
1481 796 1637 873 tribuisse,
1651 801 1683 857 et

89 883 138 959 sit,
162 882 427 945 animadvertam.
449 882 546 945 Multa
568 883 653 944 euim
673 882 768 943 inhia
781 880 864 942 haud
912 882 992 944 hanc
1013 883 1042 944 ei
1058 885 1253 963 potissimum
1272 904 1398 948 causam
1424 889 1548 953 amandi
1573 888 1678 965 larissa,

90 973 344 1054 satisexplieata,
360 981 392 1036 et
405 977 532 1036 obscura
547 993 620 1037 sans
642 974 861 1049 continentum
913 975 997 1054 quod
1034 993 1161 1051 sanem,
1184 977 1399 1060 integramque
1424 985 1568 1042 naturam
1581 981 1683 1042 homi·

90 1067 171 1146 quod
182 1066 325 1128 ebihere
338 1067 573 1148 nostralegerit,
589 1066 728 1129 cruditus
741 1081 864 1128 mecum
911 1067 962 1129 nis
988 1073 1111 1148 putaret
1137 1087 1202 1131 essa
1228 1071 1314 1132 nulla
1347 1072 1488 1153 originali
1521 1073 1589 1134 rahe
1613 1091 1681 1134 ma·

92 1158 358 1221 lectoriatebitur.
912 1159 1062 1239 culeum,
1104 1179 1140 1223 ec
1185 1162 1396 1239 debilitatam,
1424 1184 1495 1246 qua
1523 1165 1557 1226 in
1583 1170 1683 1245 potes

17 1288 20 1317 .
66 1333 69 1337 ,
128 1252 170 1311 V.
191 1251 350 1326 Primum,
372 1249 447 1326 disi,
463 1250 571 1330 gratie
584 1268 758 1330 ganusessa
772 1255 866 1310 natu·
911 1255 976 1312 tate
998 1252 1129 1313 haberet
1155 1259 1220 1315 tam
1250 1257 1368 1317 bonum
1388 1258 1491 1337 valle,
1515 1263 1547 1318 at
1576 1275 1679 1337 agere,

17 1338 40 1369 ²¹¹
91 1359 167 1419 ram,
180 1343 302 1405 ethuic
315 1344 443 1405 insitum
457 1343 628 1404 innomine
641 1343 775 1405 liberum
784 1341 866 1402 arbi·
913 1361 1008 1423 quam
1028 1344 1163 1421 malum;
1180 1364 1239 1407 nec
1252 1348 1429 1411 adventitiis
1441 1355 1545 1428 egeret
1558 1349 1680 1431 opibus,

93 1434 196 1495 trium.
213 1437 260 1497 De
274 1453 339 1515 quo
353 1436 483 1515 insignis
497 1440 542 1496 ast
553 1436 640 1497 locus
652 1434 816 1515 Augustini
831 1432 863 1494 in
914 1453 950 1497 ao
962 1436 1121 1517 presidiis,
1136 1438 1190 1499 sed
1208 1438 1274 1501 solo
1296 1441 1355 1502 sibl
1367 1441 1502 1503 naturali
1513 1444 1607 1515 bono,
1622 1441 1682 1503 hoc

92 1526 170 1589 libre
193 1526 232 1591 de
258 1527 434 1591 Haeresibus
461 1526 501 1591 cd
529 1523 789 1603 Quodvdtdeuw,
810 1525 865 1586 ubl
913 1534 960 1590 est
972 1530 1065 1591 insita
1086 1530 1266 1609 voluntatis,
1289 1539 1320 1594 et
1333 1534 1453 1597 arbitrii
1464 1534 1606 1597 libertate
1619 1534 1680 1595 sui·

94 1619 199 1681 eadem
222 1620 292 1682 iere
324 1621 364 1682 dc
396 1619 597 1681 incrementis
626 1620 710 1681 iltius
736 1618 864 1680 haeresis
912 1621 1029 1683 liceret.

94 1712 326 1791 tradit,quaccx
334 1713 483 1793 Prospero
496 1711 670 1790 paniosate
679 1711 861 1775 memoravi:
954 1715 1019 1788 Qua
1033 1715 1066 1776 in
1077 1734 1112 1778 rc
1125 1716 1316 1781 observanda
1326 1717 1431 1791 simul,
1445 1725 1476 1779 et
1489 1720 1624 1780 cavenda
1636 1726 1682 1782 est

96 1801 274 1882 Pelagianos
299 1826 316 1863 a
339 1805 394 1867 Dei
418 1802 535 1883 gratim
565 1822 627 1884 qua
653 1802 865 1884 praedestinati
912 1806 987 1867 novi
1009 1807 1202 1887 dogmatistas
1222 1809 1307 1870 naus
1334 1815 1366 1871 et
1389 1807 1537 1887 molitia⁸,
1566 1812 1621 1890 qui
1648 1812 1681 1873 in

96 1911 199 1957 sumus
224 1895 262 1957 iu
289 1896 491 1975 adoptionem
513 1895 650 1956 illiorum
676 1913 730 1973 per
755 1895 864 1955 Jesum
912 1899 1096 1977 exponenda
1108 1900 1273 1980 Pelagiaua
1281 1900 1404 1978 haeresi,
1418 1902 1546 1981 ejusque
1554 1902 1682 1982 dogma·

97 1988 252 2049 christum
266 1989 301 2049 in
315 1988 430 2069 ipsum,
442 1993 473 2050 et
486 2005 549 2067 qua
561 1987 749 2049 eruimurde
762 1992 863 2067 potes·
911 1988 995 2051 tibus
1005 1992 1234 2070 enumerandis,
1245 2010 1318 2054 cum
1331 1992 1371 2053 ab
1384 2010 1421 2054 eo
1431 1993 1582 2071 caepisset,
1596 1996 1681 2074 quod

95 2083 154 2140 tate
165 2080 383 2158 tenebrarum,
399 2085 435 2140 ut
446 2081 481 2141 iu
495 2097 569 2141 eum
583 2080 754 2156 credemus,
770 2083 864 2157 atque
913 2087 957 2142 est
971 2082 1009 2143 de
1022 2083 1122 2146 libero
1135 2084 1276 2157 arbitrio,
1288 2086 1551 2165 hrrjosnaturem,
1565 2093 1596 2147 et
1608 2106 1680 2166 pro·

98 2170 128 2233 in
140 2190 274 2252 regnum
284 2173 384 2253 ipsius
394 2171 627 2248 transferamur,
640 2180 740 2252 etqua
752 2170 864 2231 ditinu-
911 2174 1086 2253 prietatem,
1103 2176 1279 2255 cujusmodi
1292 2177 1453 2257 Pelagiani
1465 2196 1535 2239 eam
1549 2172 1680 2240 definie-

97 2263 174 2326 ditur
183 2265 323 2327 charitas
333 2265 368 2326 in
380 2264 525 2326 cordibus
532 2266 656 2338 nostru,
671 2269 707 2324 ut
718 2263 795 2324 fides
807 2279 863 2342 per
911 2266 998 2340 baut,
1014 2273 1045 2327 ot
1057 2269 1264 2347 explicabant,
1279 2269 1365 2330 vaire
1378 2288 1414 2330 ac
1423 2269 1551 2331 subdole
1566 2271 1679 2350 posuit,

97 2356 289 2421 demonem
326 2362 483 2437 operetur,
519 2357 553 2418 in
585 2362 709 2419 tantum
743 2354 863 2415 inimici
911 2358 1194 2421 etinterhoeretica
1208 2361 1330 2422 decreta
1343 2362 1528 2440 percensuit.
1547 2362 1632 2424 «Sed
1645 2363 1680 2424 in

98 2457 177 2525 sunt,
202 2455 239 2511 ut
266 2449 337 2511 sine
359 2449 417 2511 hac
438 2467 526 2529 posse
550 2448 712 2510 hominem
737 2447 884 2509 credaut*
910 2449 1070 2524 libertatis,
1102 2451 1212 2529 inquit,
1238 2452 1429 2531 explicandas
1447 2452 1578 2523 ratione,
1606 2472 1678 2533 pro·

97 2539 189 2605 lacere
212 2543 324 2605 omnia
337 2541 444 2603 divina
457 2541 613 2613 mandata,
636 2545 695 2601 ete.
722 2539 862 2617 Denique
910 2540 1101 2620 prietatihus,
1117 2548 1277 2622 potestate,
1293 2544 1326 2603 in
1340 2543 1454 2604 multos
1468 2562 1588 2606 errores
1601 2564 1679 2626 pres·

99 2633 270 2713 Pelagiusa
298 2633 445 2696 tratribus
472 2634 660 2713 increpatus,
680 2632 766 2710 quod
782 2630 863 2690 nihil
910 2632 1027 2712 cipitati
1040 2640 1123 2694 sunt.
1153 2635 1240 2708 erod
1264 2641 1300 2696 ut
1322 2635 1457 2698 dilucide
1479 2637 1677 2718 percipiatur,

99 2723 754 2805 111111ωρ11113111111111111111
777 2739 862 2783 man·
909 2726 977 2785 tota
1003 2724 1093 2787 liberi
1121 2726 1240 2787 arbitrii
1266 2727 1436 2789 essentialis
1461 2728 1618 2804 definitio,
1649 2735 1681 2792 ct

99 2815 163 2877 data
173 2817 329 2891 1111111111,
350 2818 501 2879 hactenus
525 2816 626 2891 cessit,
645 2820 682 2876 ut
705 2833 770 2875 non
792 2832 861 2895 eam
910 2815 1036 2877 uberior
1067 2818 1246 2898 explicatio,
1276 2820 1416 2900 ipsorum
1443 2820 1678 2898 Pelagianorum

99 2906 187 2970 libero
211 2910 342 2971 arbitrio
356 2915 569 2989 preponeret,
586 2909 640 2969 sed
651 2906 768 2968 infideli
781 2907 862 2968 calli·
908 2908 1022 2985 verbis,
1037 2910 1235 2991 maximeque
1248 2912 1267 2972 J
1273 2911 1384 2985 aliani,
1400 2912 1455 2990 qui
1469 2930 1591 2975 eamex
1604 2931 1676 2993 pro·

100 2998 184 3062 ditate
198 3006 400 3083 supponeret,
416 3003 532 3077 dicens,
560 3000 600 3061 ad
625 3001 685 3061 hoe
698 3017 768 3062 cam
793 2999 860 3061 dari
908 2998 987 3061 lasso
1002 3001 1153 3078 tradidit,
1168 3008 1261 3082 atque
1273 3003 1421 3064 acerrime
1434 3010 1541 3067 contra
1555 3006 1677 3084 Augus·

100 3089 284 3171 hominibus,
320 3099 370 3170 ut,
405 3092 608 3173 quererere
644 3110 700 3172 per
725 3091 861 3152 liberum
909 3092 1012 3153 tinum
1030 3094 1249 3172 propugnavit,
1274 3094 1308 3157 in
1328 3094 1468 3156 medium
1492 3095 1679 3176 proterenda

96 3181 235 3259 jubemur
252 3184 430 3260 arbitrium,
453 3184 572 3245 lucilius
593 3184 710 3264 possint
732 3182 861 3264 implere
908 3189 963 3245 est.
977 3205 993 3242 11
1011 3185 1092 3245 Tum
1105 3185 1194 3247 affert
1215 3185 1333 3247 iuliani
1358 3186 1573 3248 definitionem
1583 3183 1605 3261 ⁸,
1622 3188 1677 3268 qui

101 3277 304 3355 pergratiam.
325 3277 459 3337 Dicendo
475 3276 594 3355 artique,
611 3274 778 3341 utiacilius
790 3292 860 3354 pos·
913 3296 929 3333 a
961 3276 1136 3339 libertatem
1169 3276 1288 3340 arbitrii
1319 3279 1392 3339 dicit
1426 3278 1460 3340 in
1494 3279 1677 3340 admittendi

101 3365 163 3441 sint,
184 3370 282 3430 voluit
311 3368 403 3444 credi,
431 3368 550 3429 etiamsi
571 3367 735 3442 difficilius,
754 3373 860 3428 mmcn
910 3366 1040 3447 1111111,
1064 3374 1095 3429 et
1119 3369 1295 3435 abstinendi
1310 3387 1328 3430 a
1341 3376 1465 3451 peccato
1479 3370 1677 3450 possibilitate

101 3473 180 3535 posse
191 3460 337 3522 homines
350 3461 416 3521 sine
428 3460 528 3540 gretia
541 3459 647 3521 divina
660 3459 760 3520 iacere
774 3459 861 3537 jussa
908 3460 1113 3521 consistere.»
1134 3463 1233 3527 Quam
1251 3460 1484 3543 possibilitatem,
1508 3480 1563 3523 scu
1580 3471 1678 3544 potes-

101 3548 234 3613 divina.»
251 3555 326 3617 Mos
339 3553 377 3614 dc
391 3553 488 3615 libero
502 3552 629 3613 arbitrio
641 3552 700 3612 ista
717 3551 857 3629 subjicit:
908 3556 997 3611 tatem
1021 3550 1108 3613 liberi
1128 3551 1267 3629 arbitrii,
1284 3553 1318 3614 in
1330 3553 1458 3634 quadam
1474 3552 1677 3634 indifferentia

104 3641 211 3704 sillam
221 3664 298 3708 vcro
312 3645 444 3726 gratim
456 3644 525 3721 Dei,
540 3645 608 3706 sine
616 3662 680 3724 qua
694 3643 775 3704 nihil
784 3643 861 3704 boni
908 3640 948 3702 ed
958 3641 1048 3723 plura
1061 3644 1154 3704 sitam
1167 3662 1232 3706 esse
1255 3645 1355 3707 docet.
1377 3645 1422 3709 Ao
1436 3647 1524 3726 plura
1543 3647 1583 3709 ad
1596 3648 1676 3709 hanc

101 3747 251 3809 possamus
273 3738 393 3813 farere,
418 3754 483 3797 non
511 3753 576 3797 esec
602 3736 719 3811 dieunt,
743 3735 803 3795 nisi
825 3736 859 3795 in
908 3734 1125 3797 illustrandam
1138 3736 1381 3799 indifferentiam
1396 3738 1513 3817 colligit
1525 3756 1563 3798 ex
1576 3739 1674 3800 haerc·

102 3818 188 3887 libero
199 3829 338 3904 arbitrio,
348 3829 432 3909 quod
441 3827 534 3889 nullis
542 3828 607 3889 suis
616 3825 860 3908 praecedentibus
906 3826 1039 3888 tlecrum
1049 3827 1181 3888 istorum
1195 3829 1327 3909 scriptis,
1338 3834 1374 3889 ut
1386 3830 1500 3889 horum
1513 3828 1675 3890 infamiam

102 3917 207 3979 meritis
229 3921 268 3982 ab
292 3920 346 3981 illo
368 3923 487 4000 accepit
505 3926 610 3981 nostre
630 3924 751 3981 natura.
771 3938 788 3977 1
811 3919 859 3981 lta
907 3918 946 3979 ad
960 3919 1136 3980 communis
1158 3920 1307 3980 invidiam
1322 3920 1479 3999 opinionis
1493 3920 1669 3995 transierat,

103 4009 279 4090 precipuum
292 4013 436 4093 gratiam,
447 4013 643 4092 meximeque
654 4016 858 4074 necessariam
906 4028 977 4089 quas
994 4010 1085 4070 liberi
1096 4010 1217 4071 arbitrii
1230 4016 1375 4073 naturam
1394 4010 1593 4085 indifferenti,
1612 4012 1673 4075 hoc

103 4097 214 4163 aiebant
226 4123 292 4169 csse
305 4105 435 4166 liberem
448 4105 652 4166 voluntatem.
668 4105 755 4166 Idem
770 4106 859 4167 docet
906 4107 951 4162 est
960 4101 1089 4162 minime
1097 4101 1136 4161 ad
1145 4102 1298 4163 utrumvis
1307 4102 1512 4164 determinata
1525 4108 1675 4181 potestate

103 4185 132 4246 lu
149 4191 225 4257 libro
236 4196 272 4258 aie
294 4197 394 4279 9111111
420 4195 548 4273 Christi,
577 4196 674 4277 capite
700 4196 802 4273 tertio,
826 4201 858 4257 et
906 4192 1043 4255 metitur.
1061 4194 1106 4253 lta
1124 4193 1329 4274 simplicitate,
1347 4199 1379 4256 et
1391 4194 1514 4255 inscitia
1527 4194 1673 4255 incuriosi

103 4288 309 4359 sequentibus:
325 4289 401 4349 etin
415 4288 494 4351 libro
507 4287 670 4366 despiritu,
686 4288 855 4349 attineret
905 4284 1027 4346 lectoris
1039 4284 1192 4357 abutitur,
1214 4291 1251 4347 ut
1270 4304 1342 4364 qum
1366 4285 1425 4346 dici
1445 4284 1485 4345 ab
1507 4284 1672 4363 hereticis,

103 4369 176 4434 Etin
195 4376 273 4441 libro
295 4377 855 4460 111911111111119111,1111111111-
905 4377 1115 4457 affirmarique
1139 4377 1287 4449 audierit,
1316 4376 1400 4439 islsis
1424 4376 1555 4439 admista
1580 4396 1671 4447 vera.

103 4463 200 4545 ruisse,
230 4493 245 4529 «
262 4472 344 4533 hanc
364 4490 396 4533 se
417 4472 517 4533 dicere
538 4471 591 4532 Dei
611 4472 756 4549 gratiam,
775 4472 857 4551 quod
906 4488 943 4531 aa
955 4468 1084 4550 perinde
1094 4470 1535 4549 hereticaessodamnataque
1544 4470 1672 4550 judicet.

104 4558 323 4629 posibilitatem
350 4582 416 4624 non
435 4563 583 4644 peccandi
606 4570 719 4624 nature
739 4568 854 4638 nostre,
945 4562 1011 4623 Vll.
1037 4561 1099 4622 Sed
1118 4579 1184 4622 non
1200 4560 1291 4622 valde
1310 4566 1448 4622 astutum
1467 4559 1673 4643 estraptiun'·
1698 4615 1746 4660 non
1769 4616 1829 4660 w

105 4660 167 4708 tum
186 4656 377 4731 conderetur,
405 4654 539 4734 accepit,
563 4654 713 4734 quoniam
733 4654 857 4716 condita
905 4651 983 4714 cula
993 4652 1081 4712 istius
1094 4652 1269 4728 inventum,
1283 4652 1347 4713 imo
1356 4652 1461 4728 hebes,
1474 4658 1505 4715 et
1514 4653 1671 4715 obtusum.
1744 4628 1844 4724 specu

106 4742 145 4796 est
160 4759 230 4805 cum
241 4747 340 4809 littero
353 4746 491 4808 arbitrio.
508 4767 524 4804 a
540 4747 621 4807 Tum
634 4746 768 4826 inepist.
784 4761 853 4823 xcv,
905 4743 1084 4805 Dissimulet
1096 4744 1193 4820 enim,
1210 4743 1294 4822 quod
1307 4749 1340 4805 et
1350 4743 1402 4805 ille
1415 4744 1480 4824 ipse
1493 4744 1586 4806 simili
1595 4746 1629 4806 in
1639 4763 1673 4805 re
1717 4722 1830 4820 ”iiiam

107 4835 174 4891 avet
184 4851 243 4899 avr.
254 4840 292 4900 In
302 4837 666 4918 avprsesertim,·ubiait,
677 4838 856 4917 Pelagianos
905 4841 1012 4897 contre
1022 4854 1055 4897 se
1068 4836 1249 4915 praescribit.
1265 4836 1672 4913 Qui,cumadvarsussuam

105 4912 303 5008 loerrogstos,
324 4948 447 5013 aquam
461 4931 603 5010 gratiam,
617 4928 758 5010 Pelagius
771 4929 854 5010 eogi-
904 4927 962 4987 sibi
990 4929 1174 4989 sententiam
1201 4928 1284 4988 istud
1301 4926 1493 5008 obiecisseti,
1509 4928 1672 4988 Calvinum

106 5006 183 5084 leret,
204 5018 267 5080 siue
287 5019 358 5080 ullis
371 5018 615 5099 praecedentibus
629 5018 747 5079 meritis
768 5017 852 5079 derit
904 5018 1003 5079 videri
1021 5018 1105 5081 idem
1119 5019 1247 5080 omnino
1262 5020 1401 5093 sensisse,
1415 5019 1669 5101 «Respondetur,

106 5109 275 5181 repedare
294 5116 361 5173 sine
386 5111 457 5171 ullis
474 5110 720 5191 praecedentibus
737 5111 855 5171 meritis
902 5110 1014 5190 inquit,
1029 5129 1094 5171 non
1104 5112 1221 5186 omnia,
1233 5130 1302 5192 quae
1315 5110 1582 5183 haereticidooent,
1599 5115 1673 5173 sunt

105 5194 220 5264 mutam
239 5202 338 5284 ipsam
362 5203 534 5267 humanam
560 5220 625 5263 esse
645 5206 800 5277 naturam,
820 5201 855 5263 in
902 5200 1052 5264 haeretica.
1074 5202 1139 5263 iios
1153 5203 1239 5264 enim
1258 5201 1404 5265 solemnis
1419 5202 1561 5264 omnium
1573 5202 1672 5263 here·

106 5294 159 5355 qua
175 5293 286 5355 conditi
307 5312 423 5359 mmm.
443 5293 542 5358 s'Sed
561 5293 726 5357 innumera
739 5292 854 5375 passim
902 5293 1036 5354 ticorum
1051 5299 1107 5372 est,
1123 5300 1158 5355 ut
1171 5294 1253 5356 falsis
1270 5312 1344 5354 vera
1357 5294 1518 5373 misceant,
1538 5293 1670 5357 miscen-

128 5480 137 5523 ¹
151 5484 413 5554 cutormen-acas.
424 5496 500 5542 n-»a
513 5496 566 5552 cap.
576 5494 642 5542 s-s
651 5493 712 5540 nn.
724 5494 741 5547 1,
750 5494 764 5539 1.
775 5493 803 5542 11.
815 5504 836 5539 0.
846 5503 854 5539 ι
863 5500 886 5539 n
895 5495 1055 5551 massus.
1064 5494 1241 5549 erman.
1252 5492 1423 5548 maeres.
1431 5490 1590 5545 11111111.
1599 5502 1642 5537 11.
