3936 6172
374 421 424 482 na
443 413 608 483 carmem
630 412 705 483 sm
725 408 886 501 uitauit,
908 408 979 485 tut.
1002 408 1053 489 ιιι.
1070 408 1154 490 ιιι.
1177 427 1217 489 ιι.
1541 404 1602 480 trs

70 588 105 648 V.
124 586 321 648 lieetautem
337 587 375 648 ud
396 582 616 667 indagandam,
643 592 675 649 et
698 591 782 648 certo
832 588 909 650 illud
935 591 1055 669 gratia,
1083 598 1115 653 et
1136 582 1370 671 ambiguitatem
1395 582 1540 652 nominis,
1565 596 1602 642 ιι

9 748 11 757 ,
39 679 224 740 definiendam
243 680 408 758 Augustini
432 681 619 741 sententiam
632 679 783 760 generalis
832 682 1073 761 Pelagianorum
1085 684 1218 745 fallacias
1231 686 1465 744 commemorat.

9 762 14 845 ¹,
40 772 86 831 ista
96 771 167 831 ratio
180 770 323 846 sufficiat,
337 770 412 832 libet
423 777 530 832 ιιιιιιιι
544 772 578 831 in
598 789 635 832 eo
649 772 783 850 pressius
872 776 924 834 vl.
949 776 1051 837 Altera
1066 792 1160 856 porro
1174 776 1349 856 questionis
1360 786 1432 853 pars
1444 771 1479 831 in
1491 787 1528 830 eo
1543 768 1600 828 sita

9 863 168 934 *numere
182 868 274 941 atque
294 862 406 937 exills,
422 878 518 942 quam
530 863 783 943 haccepitepro-
830 864 900 933 fult.
909 866 993 945 quod
1001 864 1144 946 Pelagius
1152 864 1429 929 liberumhcmiuis
1437 861 1601 923 arbitrium
1653 896 1743 942 senon

40 954 195 1034 posuimus,
216 960 325 1015 contra
349 955 529 1034 Pelagianos
556 956 782 1016 concertatione
830 957 865 1017 in
881 958 1010 1035 Adamo,
1032 965 1197 1039 postquam
1215 958 1320 1037 lapsus
1341 962 1397 1029 est,
1423 960 1454 1016 et
1475 954 1509 1013 in
1536 951 1603 1029 ejus
1654 951 1746 1007 Potasti·

40 1046 186 1125 remplane
199 1046 363 1121 conticere,
375 1053 411 1107 ut
424 1047 504 1107 muti
516 1064 580 1108 esse
593 1046 643 1108 vel
656 1046 781 1107 erubes·
831 1051 972 1127 posteris,
1002 1069 1114 1112 sanum
1140 1071 1176 1113 ac
1203 1052 1309 1111 valeus
1333 1048 1441 1118 irrisae,
1471 1049 1503 1106 et
1536 1058 1601 1106 esse

41 1137 366 1216 cerasiquidingenuae
375 1137 620 1211 bondsbabeut,
632 1142 783 1217 cogantur
831 1156 953 1220 semper
967 1149 1125 1219 assereret,
1142 1158 1242 1222 neque
1268 1142 1345 1213 aliis,
1366 1146 1461 1219 quam
1483 1132 1601 1196 nature

41 1230 190 1306 adrerum,
218 1230 297 1290 dum
321 1247 445 1291 causam
475 1245 565 1291 suam
598 1237 783 1291 ceterorum
830 1232 979 1312 praesidiis
1007 1226 1043 1295 ad
1073 1226 1602 1314 agendumcpushabete311beri

42 1320 623 1402 Patrnmapcrtisdamnatamsuffragiis,
636 1323 784 1383 ementita
831 1324 1472 1387 autemarbitriirocabulonaturaiuditam
1480 1318 1602 1383 bomini

43 1414 278 1493 uniusAugustini
287 1415 469 1476 auctoritate
478 1414 657 1476 defendunt.
668 1416 784 1474 Contra
831 1414 1008 1477 facultatem
1043 1417 1252 1497 intelligebat,
1280 1431 1350 1496 quta
1385 1415 1425 1476 ed
1449 1408 1603 1473 utrumvis

44 1522 102 1584 quos
124 1506 202 1566 breti
229 1507 289 1567 hae
321 1507 590 1586 argumentatione
621 1506 783 1584 negotium
832 1507 1061 1570 indifferentem
1089 1511 1327 1590 propensionem
1346 1508 1450 1577 babet,
1479 1508 1511 1565 et
1537 1516 1602 1563 nou

45 1614 115 1657 omne
135 1597 336 1658 cuncluditur.
369 1600 447 1658 Cum
481 1599 519 1659 de
545 1596 636 1659 liberi
664 1598 783 1658 arbitrii
832 1601 1016 1679 modceogi,
1032 1601 1408 1682 sednesimplleiquidem
1422 1596 1603 1659 necessitate

45 1688 145 1761 ιῑιίιιιιι,
164 1690 260 1769 deque
282 1689 494 1771 possibilitate,
512 1696 547 1751 ut
560 1697 683 1764 vocant,
698 1695 782 1751 reete
832 1698 932 1769 potest
945 1693 1049 1771 eliqua
1062 1695 1242 1769 constringi.
1254 1693 1342 1768 Quod
1351 1694 1428 1756 adeo
1437 1690 1486 1750 ael
1498 1689 1604 1749 adrer-

45 1781 132 1858 cgendi
144 1782 291 1861 Pelagius,
309 1788 341 1843 et
358 1783 549 1861 Augustinus
563 1783 645 1843 luter
657 1800 690 1843 se
703 1800 781 1843 con·
831 1782 903 1843 sarii
927 1784 985 1863 ipsi
1012 1786 1211 1860 confitentur,
1236 1787 1290 1866 qui
1304 1786 1477 1846 llbertatem
1490 1781 1601 1841 voluu-
1650 1800 1655 1811 ·

46 1871 167 1950 ligarent,
186 1875 217 1934 in
231 1874 378 1935 eamdem
391 1874 448 1949 rei,
472 1875 510 1935 de
534 1890 595 1953 qua
618 1873 778 1953 agebatur,
830 1877 902 1935 tatis
924 1876 958 1935 in
977 1877 1030 1937 illa
1047 1874 1263 1939 indifferentiae
1284 1882 1365 1938 statu
1384 1874 1603 1937 constituentes

44 1966 173 2026 notionem
184 1965 504 2045 significationemque
530 1966 697 2026 contenire
711 1966 782 2026 illos
833 1966 1004 2028 Catholieos
1023 1966 1179 2049 Pelagiani
1194 1971 1307 2030 erroris
1320 1959 1514 2038 insimulant,
1536 1972 1603 2024 tan·

44 2059 169 2134 oportuit3
185 2058 299 2137 alioqui
321 2058 596 2137 nullanisiinepta
609 2062 639 2118 et
652 2058 783 2119 ridicula
832 2076 927 2136 quem
954 2060 1105 2138 ejusmodi
1131 2067 1296 2135 naturam,
1328 2059 1603 2135 definitionemque

46 2150 125 2226 potuit
140 2149 212 2210 inter
234 2151 321 2229 ipsos
345 2168 410 2211 esse
423 2150 592 2211 eontentio.
607 2149 782 2210 Arbitrium
832 2150 922 2211 liberi
935 2152 1058 2212 arbitrii
1072 2152 1111 2213 ab
1128 2153 1279 2214 Heluetico
1293 2151 1346 2212 illo
1361 2149 1533 2225 didicerint,
1548 2148 1603 2227 qui

45 2240 258 2319 iuquelibemm
272 2260 348 2303 cum
370 2241 554 2303 nominabat
576 2241 728 2320 Pelagius,
748 2248 784 2302 ut
831 2243 974 2303 eamdem
984 2243 1024 2303 ab
1037 2243 1209 2322 Aristclele,
1225 2263 1261 2305 ac
1270 2238 1400 2324 protana
1408 2240 1604 2321 philosophia

46 2332 89 2393 hoe
105 2333 159 2393 suis
181 2352 243 2396 esse
270 2340 457 2395 contentum
484 2334 642 2412 operibus,
663 2352 699 2394 ac
717 2333 783 2395 siue
830 2335 977 2396 traditam
991 2337 1153 2415 acceperit.
1183 2337 1359 2411 Quinetiam
1382 2353 1421 2395 ex
1439 2333 1604 2410 Augustini

47 2424 132 2484 mrsu
146 2427 248 2504 gratia,
263 2446 323 2507 per
343 2444 408 2487 sese
421 2432 515 2503 recte,
530 2432 584 2486 aut
596 2425 677 2486 male
691 2444 783 2503 agera
831 2426 930 2500 libris,
946 2428 979 2487 in
993 2428 1106 2506 quibus
1128 2428 1286 2507 Pelagium
1310 2431 1480 2507 oppugnat,
1509 2432 1541 2485 et
1565 2443 1604 2486 ex

48 2518 243 2595 praediceret,
269 2519 464 2598 Augustinus
491 2534 507 2579 e
536 2517 707 2592 contrario,
723 2518 783 2578 nisi
834 2519 908 2598 ipsis
922 2520 1060 2598 ejusdem
1075 2521 1218 2581 Haeretici
1228 2520 1343 2595 verbis,
1364 2534 1434 2599 quaa
1454 2532 1602 2579 nonnun-

48 2608 273 2689 ibristiadJ'utum
286 2611 389 2690 gratia
403 2610 483 2670 nibil
494 2609 569 2670 boni
581 2608 681 2670 tacere
694 2627 783 2689 posse
832 2628 928 2689 quam
941 2602 1097 2681 describit}
1123 2613 1323 2692 perspicuum
1349 2618 1406 2687 ast,
1430 2610 1604 2672 libertatem

49 2706 180 2778 pugnarem
202 2721 342 2782 prorsus,
371 2702 432 2762 nisi
454 2701 530 2762 ceci
549 2701 583 2761 in
597 2700 783 2780 disputando
832 2702 1002 2764 voluntatis
1022 2709 1053 2766 et
1072 2704 1194 2766 arbitrii
1208 2706 1251 2766 sio
1264 2709 1420 2784 acceptam
1440 2702 1480 2764 ab
1493 2701 1558 2777 illo,
1573 2707 1604 2764 et

49 2790 185 2869 leuantur,
208 2795 355 2855 eamdem
375 2808 442 2855 rem
467 2811 503 2854 ae
526 2791 784 2871 significationem
833 2794 949 2874 ubique
959 2794 1125 2874 jactatam3
1142 2802 1178 2857 ut
1196 2814 1269 2858 cum
1288 2796 1322 2857 in
1336 2795 1416 2856 llbro
1431 2795 1531 2874 primu
1546 2811 1604 2874 pro

49 2883 117 2943 ambo
145 2884 171 2946 ei
201 2886 353 2947 vocabulo
385 2885 598 2965 subjecemmt,
627 2884 711 2964 quod
739 2889 785 2945 est
835 2884 930 2947 libero
950 2886 1089 2964 arbitrio,
1118 2892 1155 2949 ut
1176 2887 1271 2950 refert
1304 2883 1535 2966 Augustinus¹,
1560 2884 1604 2945 ita

51 2972 785 3052 timortttrtcmmocsiconsecrenttemero
834 2978 1003 3039 scribebat:
1016 2976 1603 3059 «Habemuspossibilltutemutriusque

50 3084 75 3125 aa
84 3066 135 3129 sinc
146 3068 240 3130 iactu
257 3070 454 3131 conflictatus
468 3069 502 3129 in
521 3087 558 3129 ec
570 3074 649 3129 esset
661 3068 783 3147 Augus·
833 3071 930 3149 partis
942 3089 961 3130 a
974 3073 1037 3131 Deo
1050 3071 1191 3148 insitam,
1214 3070 1300 3132 velut
1313 3070 1491 3149 quamdam,
1511 3073 1547 3129 ut
1560 3068 1604 3130 ita

51 3158 120 3235 inus,
132 3169 162 3221 ut
170 3162 354 3223 hereticum
371 3161 461 3221 illum
478 3160 555 3221 falsa
568 3160 679 3223 dixisse
693 3177 783 3221 mon·
833 3162 1091 3240 dicam,radicem
1099 3162 1301 3240 fructiferam,
1312 3160 1600 3242 atqueloscundsm,

51 3255 141 3328 staret,
165 3270 233 3314 cum
254 3254 390 3327 diverso,
418 3270 454 3314 ac
466 3252 593 3313 dixisset
605 3251 667 3325 ille,
691 3268 784 3313 sensu
833 3254 1129 3333 queexvoluntate
1147 3254 1419 3317 hominlsdivcrsa
1438 3253 1603 3333 gigantes

51 3343 121 3404 verba
130 3346 188 3423 ejus
199 3347 361 3426 acciperet.
833 3347 942 3425 pariat,
958 3351 1070 3427 atquae
1085 3348 1181 3426 possit
1194 3346 1233 3407 ad
1246 3346 1366 3426 proprii
1380 3345 1505 3407 cultoris
1517 3344 1602 3405 arbi«

81 3434 105 3495 ld
122 3437 149 3496 in
170 3438 225 3499 alia
248 3436 469 3499 conucversiee
493 3439 592 3515 parte,
615 3453 683 3515 qua
703 3435 784 3498 iuter
833 3438 930 3498 trium
944 3438 995 3500 vel
1008 3439 1107 3500 nitere
1121 3438 1198 3499 tlorc
1211 3438 1373 3515 uirtutum,
1389 3436 1439 3498 tel
1458 3435 1600 3497 sentibus

52 3523 101 3586 illos
109 3528 167 3599 luit,
179 3529 248 3591 lieet
258 3529 388 3605 intueri,
398 3546 469 3607 qum
476 3532 523 3590 ιιι
533 3528 571 3589 de
585 3528 694 3606 gratia.
710 3529 783 3591 Hoee
832 3530 960 3591 horrere
969 3531 1150 3592 vitiorumtu
1163 3528 1243 3591 Vide
1255 3534 1286 3591 et
1293 3537 1387 3609 ceput
1396 3542 1457 3590 xm
1465 3522 1605 3607 ejusdem

52 3622 131 3680 utum
151 3620 241 3683 libero
264 3621 398 3683 arbitrio
424 3621 464 3682 ad
487 3624 569 3701 reete
599 3620 780 3699 agendum,
821 3620 921 3697 libri,
945 3627 976 3684 et
996 3625 1030 3683 in
1043 3622 1125 3682 libro
1145 3616 1281 3682 secundo
1295 3620 1331 3682 de
1346 3620 1535 3684 Penestarum
1548 3634 1604 3681 me

52 3708 291 3794 decimandumque
313 3719 474 3793 peccatum
488 3712 658 3773 necessarie
673 3712 723 3789 sit,
742 3731 784 3773 an
833 3712 915 3787 ritis,
928 3726 958 3775 ot
971 3712 1149 3789 remissione,
1166 3714 1264 3793 capite
1284 3728 1373 3774 ιιιιιι.
1393 3732 1409 3769 c
1429 3712 1605 3774 Voluntatis

52 3800 197 3867 suecasuis
205 3807 283 3868 illud
293 3806 413 3867 viribus
420 3805 515 3884 possit
528 3809 685 3884 prestare,
699 3820 784 3884 qum·
833 3806 1006 3883 arbitrium,
1018 3825 1057 3868 ex
1066 3806 1183 3885 Pelagii
1194 3805 1357 3878 sententia,
1371 3804 1504 3866 taleesse
1517 3802 1600 3875 dicit,

53 3892 146 3956 ebatur
153 3900 227 3959 inter
238 3901 334 3979 ipsos,
349 3898 545 3976 multumque
557 3897 596 3957 de
607 3914 644 3957 eo
658 3903 785 3957 conten·
833 3898 917 3977 quod
930 3899 1002 3972 buc,
1018 3903 1111 3977 atque
1125 3896 1200 3957 illuc
1214 3897 1349 3957 liberum
1363 3895 1508 3956 tleetitur.
1523 3912 1539 3951 a

52 3982 158 4057 debatur,
172 3991 311 4071 Pelagius
321 3990 411 4051 initio
425 3989 557 4068 gratiam
570 3988 705 4067 negabat
718 4006 784 4050 esse
872 3986 953 4051 Tum
975 3989 1119 4051 Julianus
1139 3988 1315 4065 Pelagianaa
1339 3986 1482 4048 columen
1502 3990 1602 4060 secta,

53 4082 235 4157 amaseam
259 4087 332 4163 post
345 4081 590 4143 Christianorum
613 4080 784 4141 offensione
833 4082 948 4161 passim
961 4099 1031 4143 eam
1041 4080 1190 4141 libertatis
1199 4080 1352 4140 ratlouem
1361 4076 1505 4151 inculcat,
1516 4075 1604 4154 eujus

54 4177 198 4249 tammotus,
213 4174 309 4255 coepit
323 4172 535 4233 necessitatem
555 4171 646 4232 lateri
663 4172 782 4251 gratia,
832 4174 900 4235 baec
931 4172 1026 4235 verbe
1058 4173 1207 4252 leguntur
1239 4170 1323 4249 apud
1348 4166 1602 4248 Augustinum⁸t

54 4259 91 4318 tad
110 4263 233 4337 subdole,
258 4271 291 4327 et
319 4269 429 4340 astute,
455 4264 588 4343 gratiam
609 4263 784 4342 intelligens
837 4264 1025 4338 «Catholici,
1040 4263 1128 4324 idest
1140 4279 1197 4322 nos
1209 4261 1351 4335 dicimus,
1367 4258 1501 4340 quodab
1515 4259 1603 4320 initio

56 4367 111 4425 um,
130 4362 376 4435 quenaturoest
389 4357 492 4428 insite,
508 4355 676 4416 voluntatis
689 4355 786 4417 laettl-
833 4374 931 4435 usque
964 4356 1004 4416 ad
1035 4354 1141 4428 linem,
1178 4353 1244 4413 sine
1278 4348 1381 4430 aliquo
1414 4351 1604 4413 nattuallum

55 4445 132 4517 ιιιιιι,
152 4455 201 4509 ιιι
222 4451 320 4511 etiam
349 4449 470 4526 legem;
492 4466 558 4508 non
590 4447 685 4523 illum,
715 4466 785 4527 quas
834 4446 1108 4524 coaetu,voluntas
1120 4451 1151 4506 et
1164 4449 1235 4506 anta
1247 4443 1403 4523 baptisma
1416 4444 1604 4524 lnunoquc-

57 4532 140 4599 Christi
154 4559 293 4603 concesse
311 4542 432 4603 meritis
454 4539 617 4600 hominem
639 4545 738 4613 sanat,
755 4546 787 4600 et
834 4558 895 4621 que
922 4539 1094 4617 delinquit;
1122 4552 1192 4617 ques
1220 4535 1274 4596 illo
1296 4535 1363 4614 ipso
1375 4540 1527 4615 tempore,
1542 4553 1605 4615 quo

57 4624 165 4692 decu
176 4635 332 4712 agendum
354 4633 490 4712 adjuvat.
520 4634 601 4692 Cum
629 4631 724 4709 igitur
747 4631 786 4692 de
834 4637 950 4713 peccat,
964 4635 1148 4711 potestatem
1165 4627 1260 4689 habet
1279 4628 1423 4689 recedere
1436 4646 1455 4688 a
1466 4628 1560 4703 malo,
1574 4632 1606 4687 et

58 4720 126 4781 ectu
136 4723 319 4804 disputarent
331 4723 413 4785 inter
426 4742 469 4800 se,
485 4723 659 4802 nihilprius
670 4723 785 4784 lacien-
835 4723 934 4785 iacere
948 4723 1080 4796 bonum,
1103 4726 1140 4781 ut
1162 4726 1281 4782 constet
1297 4718 1377 4779 ratio
1390 4718 1549 4780 libertatis.
1566 4720 1606 4779 Et

57 4805 110 4870 lun
130 4818 240 4892 putavit
266 4815 474 4895 Augustinus,
490 4833 586 4895 quam
599 4821 634 4875 ut
646 4831 708 4876 vox
721 4815 788 4895 ipsa
836 4821 997 4896 peccatum
1008 4813 1089 4873 nihil
1102 4830 1168 4874 esse
1181 4812 1255 4873 dicit
1271 4811 1367 4887 aliud,
1380 4826 1476 4889 quam
1489 4810 1605 4871 malam

58 4902 145 4979 tillia,
154 4906 276 4987 ejusque
285 4908 371 4968 natio
383 4913 414 4969 et
429 4907 612 4987 significatio
621 4912 786 4982 constaret,
835 4908 1039 4977 volumtatem,
1064 4904 1115 4966 cui
1138 4910 1216 4966 esset
1238 4903 1383 4977 liberum,
1398 4902 1499 4973 abeo,
1520 4902 1605 4981 quod

58 4993 121 5053 ltin
137 4998 275 5078 ambiguo
289 5005 320 5060 et
334 4999 460 5078 ancipiti
481 4998 631 5060 vocabulo
646 4997 785 5073 ridicule,
837 5017 930 5079 prave
943 4994 1136 5078 appetiverit,
1152 4992 1444 5057 aucmentatum
1456 4995 1499 5054 sic
1512 4992 1606 5073 igitur

57 5084 146 5147 urina
156 5088 254 5151 tractu
262 5091 539 5152 tumultuarentur.
551 5091 651 5164 Quare
665 5089 788 5150 inlibro
836 5091 972 5152 liberum
993 5090 1155 5150 arbitrium
1177 5087 1344 5149 delinirent
1362 5086 1526 5165 Augustini
1546 5084 1605 5146 ad·

57 5169 212 5259 edolare,
239 5189 269 5243 et
292 5183 406 5264 pretia,
436 5188 467 5244 et
486 5184 520 5243 iu
541 5200 589 5259 eo,
613 5182 667 5261 qul
692 5187 738 5242 est
754 5179 789 5241 de
836 5182 975 5258 versarii,
999 5180 1144 5259 Pelagius
1168 5185 1200 5240 et
1217 5179 1370 5253 Julianus,
1387 5177 1489 5238 atboo
1503 5177 1605 5255 ipsum

56 5267 338 5349 calamatatis
355 5273 669 5354 omnibusiere,quos
682 5278 789 5335 oontm
837 5275 925 5335 nullo
948 5279 1073 5353 peccato
1099 5272 1262 5347 vitiatum,
1290 5269 1343 5330 sed
1370 5269 1544 5348 integrum.
1575 5272 1606 5328 ιι

57 5352 119 5420 ime
140 5362 276 5427 heresim
305 5366 416 5441 edidit,
447 5372 598 5447 perpetuo
623 5366 789 5427 (ιιιιιιιιιιιι
839 5366 981 5445 qcraleab
994 5365 1083 5425 initio
1096 5368 1217 5425 naturas
1239 5362 1386 5423 humanas
1406 5357 1603 5435 estiusitum,

76 5568 154 5618 tlibi
166 5576 190 5622 ia
200 5579 236 5625 dr.
245 5580 324 5628 Gtrbt.
333 5592 354 5629 e.
368 5580 482 5627 noc-s
495 5579 561 5626 uui
572 5591 632 5636 oper.
643 5579 731 5637 impert.
752 5578 848 5630 ,ot.··t
861 5578 908 5624 ltu.
919 5574 949 5631 ll,
964 5589 983 5622 o.
996 5580 1040 5621 tu.
