4096 6166
692 357 810 417 LIBER
831 353 950 431 UNUS,
973 352 1058 413 OAP.
1082 351 1168 412 XIII.
1666 356 1727 418 cut

132 516 200 579 illis
220 518 427 581 constantiam
440 520 545 583 datam
558 519 663 596 fnisse,
683 525 744 581 cut
762 520 813 582 ille
828 519 910 601 ignis
958 519 1044 592 tiam,
1061 517 1125 581 siva
1147 516 1290 594 insitam,
1315 523 1346 579 et
1368 518 1584 581 inexhaustam
1609 520 1726 600 eupidi-

132 608 323 689 dilectionis,
332 613 468 691 quamin
479 613 910 693 cordibuslideliumSpiritus
958 617 1069 687 tatem,
1102 628 1171 688 que
1206 609 1389 671 intestinum
1424 611 1458 672 in
1490 611 1580 672 nobis
1611 612 1729 675 bellum

133 708 266 763 saneim
292 705 482 782 accenderat,
510 705 598 767 nullo
625 705 718 766 modo
743 703 783 765 ab
808 704 910 785 oppri·
958 703 1082 774 excitat,
1104 700 1249 762 bifariam
1272 701 1315 763 ait
1342 702 1450 783 accipi.
1467 703 1629 764 Interdum
1643 704 1728 765 enim

132 794 299 856 mentibus
312 801 415 876 posset
426 797 575 878 extingui.
591 818 607 855 s
625 797 759 858 blultum
772 814 846 857 vero
858 795 910 856 illa
959 794 1018 869 ἕξιν,
1042 794 1075 855 id
1088 799 1134 855 est
1147 792 1282 855 traditum
1298 793 1409 874 ipsum,
1425 793 1489 856 sive
1503 800 1618 856 statum
1635 796 1729 873 signi·

134 884 278 963 distant,
300 906 365 949 non
387 889 524 969 potuisse
550 888 652 951 fidem·
666 894 842 968 martyrum
869 887 909 949 ab
957 884 1040 962 licat,
1054 885 1234 966 peccatique
1243 886 1394 963 tomitem,
1405 906 1476 966 quas
1485 893 1558 948 saint
1571 887 1729 967 originalis

135 978 297 1056 tyrannis,
313 985 345 1041 et
357 981 525 1042 tortoribus
536 980 688 1060 extingui,
703 988 735 1042 et
751 980 785 1040 in
804 985 909 1059 potes-
957 977 1075 1056 peccati
1089 977 1239 1056 reliquiae,
1262 996 1324 1056 quo
1337 997 1376 1038 ex
1388 979 1509 1054 habitu,
1525 985 1676 1058 tanqum
1689 998 1729 1041 ex

133 1072 204 1130 tate
212 1088 278 1130 non
285 1069 428 1132 habuisse
438 1077 600 1153 martyres,
608 1077 644 1134 ιιι
651 1070 816 1133 tormentis
825 1071 911 1132 ccde-
957 1067 1044 1130 fonte
1056 1073 1185 1130 manant
1196 1069 1332 1139 actuales,
1349 1076 1384 1131 ιιι
1396 1077 1519 1145 vocant,
1534 1071 1726 1151 cupiditates,

134 1166 223 1239 rant,
234 1162 384 1225 ctafidei
397 1162 587 1243 professione
596 1164 788 1226 desisterent.
959 1178 1030 1240 quas
1052 1161 1308 1241 concupiscentie
1344 1169 1391 1223 est
1428 1163 1525 1225 altera
1565 1162 1651 1224 notio
1689 1164 1727 1224 de

126 1329 130 1334 y
180 1253 253 1314 Non
279 1254 349 1315 satis
376 1274 501 1335 quoque
528 1257 699 1337 prudenter
726 1260 911 1335 usurpatum
959 1251 1090 1327 duabus,
1117 1269 1193 1330 quas
1217 1253 1293 1315 dixi.
1318 1255 1370 1314 Eae
1393 1272 1486 1335 porro
1513 1273 1579 1316 non
1606 1273 1729 1336 semper

137 1343 226 1405 istud
240 1350 303 1423 est,
329 1365 393 1408 non
407 1365 459 1409 eos
468 1366 556 1427 posse
570 1366 728 1428 respuere,
743 1347 909 1425 cgratiam,
960 1345 1090 1420 eaedem,
1104 1345 1223 1409 hoaest
1233 1364 1320 1425 aeque
1334 1346 1482 1423 valentes,
1498 1353 1528 1407 et
1541 1346 1677 1409 efficaces
1690 1366 1729 1409 ex

138 1435 257 1515 quibus
281 1437 348 1499 hac
370 1440 485 1519 aspirat
498 1458 535 1501 eo
550 1441 632 1520 quod
646 1440 725 1502 velle
738 1442 908 1517 nequeunt,
960 1437 1065 1499 nativa
1073 1437 1127 1499 illa
1138 1456 1219 1499 vena
1227 1438 1400 1519 profluunt,
1415 1440 1468 1500 sed
1482 1440 1556 1501 alias
1566 1439 1729 1503 validiores

138 1533 174 1588 et
199 1529 260 1591 hoc
286 1529 488 1594 infallibiliter
514 1532 608 1594 efficit
634 1533 749 1612 gratia,
782 1536 819 1592 ut
845 1548 910 1591 non
959 1527 1077 1591 habent
1090 1529 1235 1610 impetus,
1266 1535 1297 1591 et
1324 1531 1466 1606 assultus,
1488 1531 1544 1611 qui
1565 1533 1729 1613 aspirantis

139 1620 410 1684 velint.»Falsum
424 1629 479 1699 est,
491 1629 522 1685 et
535 1624 576 1686 ab
586 1624 767 1685 Tridentino
781 1622 910 1684 concilio
959 1622 1068 1700 mauce
1090 1622 1155 1682 vim
1179 1621 1356 1699 debilitant,
1380 1629 1411 1686 et
1434 1622 1629 1703 infringunt,
1654 1624 1729 1686 alias

139 1713 339 1775 anathemate
363 1715 574 1793 vindicatum,
600 1734 669 1789 eos,
699 1716 754 1795 qui
777 1715 910 1794 gratiam
959 1712 1175 1774 imbecilliores
1200 1719 1283 1788 sunt,
1306 1721 1337 1775 et
1351 1734 1370 1776 a
1383 1715 1506 1776 victrice
1520 1716 1619 1794 gratia
1639 1733 1729 1797 supe-

79 1838 85 1850 ·
139 1802 241 1865 libere
255 1805 448 1869 assentiendo
472 1808 637 1888 recipiunt,
661 1807 821 1869 dissentire
845 1824 910 1866 non
959 1811 1080 1880 rantur,
1097 1806 1270 1867 alternante
1283 1806 1632 1869 interambasvictoria.

139 1914 251 1975 posse3
270 1917 327 1960 nec
340 1899 425 1961 idem
437 1910 484 1961 est
499 1898 674 1979 insatiabile,
691 1900 774 1979 quod
787 1913 926 1960 cesena·
1000 1899 1066 1959 Hoc
1078 1898 1243 1959 constituto
1256 1899 1425 1978 principio,
1447 1899 1578 1961 mirifica
1594 1900 1729 1979 quadam

139 1989 235 2067 νὶιιιιι,
254 1989 289 2051 in
307 2009 370 2070 quo
393 1992 504 2053 misere
529 1992 721 2053 conflictatur
735 1990 911 2070 Iprensium
959 1990 1079 2052 ratione
1091 2008 1205 2051 novam
1218 1990 1314 2065 illam,
1331 1981 1425 2070 quam
1435 1992 1563 2071 exposui
1577 1992 1729 2072 superiori

139 2080 262 2156 schola3
279 2083 332 2144 sed
346 2101 404 2144 nec
418 2084 519 2145 omnis
528 2082 911 2146 determinatiovoluntatis
960 2082 1069 2161 capite,
1093 2081 1267 2143 Tridentini
1288 2083 1415 2143 canonis
1437 2082 1729 2164 interpretationem

138 2173 355 2236 necessitatem
377 2174 478 2236 affert.
504 2175 584 2236 Nam
615 2175 654 2236 ab
680 2174 856 2250 intellectu,
879 2178 911 2234 et
959 2172 1096 2250 roborat,
1105 2179 1136 2234 et
1147 2173 1289 2235 illustrat.
1301 2175 1438 2236 Gratiam
1447 2176 1564 2250 asserit,
1576 2195 1646 2256 quae
1656 2195 1729 2238 cum

134 2264 255 2342 judicio
274 2266 403 2327 rationis
420 2268 644 2330 determinatur
666 2262 821 2340 voluntas,
843 2270 907 2327 eta
960 2266 1125 2346 cupiditate
1149 2267 1309 2327 assidsmm
1336 2266 1453 2327 bellum
1479 2267 1570 2347 gerit,
1593 2268 1643 2330 vel
1656 2288 1728 2331 cum

139 2373 173 2417 se
187 2356 270 2437 ipsa3
293 2364 404 2419 neutm
422 2365 527 2420 tamen
547 2359 763 2420 determinatio
777 2357 908 2420 necessi·
959 2354 1353 2437 dodr'tuclr‘coccupisccutia‚
1365 2359 1415 2419 vel
1425 2376 1499 2419 oum
1512 2358 1626 2419 actuali
1638 2378 1728 2440 posse

138 2452 238 2508 tatem
250 2449 369 2511 indicit.
391 2451 463 2511 «lta
474 2451 575 2530 gratia
584 2451 790 2512 determinare
801 2450 910 2510 volun·
958 2449 1142 2528 comparari,
1172 2454 1202 2511 ct
1227 2467 1283 2528 pro
1297 2450 1446 2510 alterutra
1459 2449 1588 2510 istarum
1602 2450 1727 2513 habitu·

138 2544 238 2601 tatem
249 2541 289 2602 ad
302 2542 420 2604 bonum
433 2564 448 2600 u
466 2543 581 2605 dicitur
595 2542 634 2603 ab
649 2560 732 2603 sanc.
746 2539 884 2603 Τιιοιιιι1
899 2562 907 2617 ;
958 2541 1079 2619 dinam,
1102 2541 1161 2601 dici
1181 2559 1239 2602 nos
1261 2560 1349 2622 posse
1370 2542 1477 2621 gratiss
1497 2542 1640 2604 resistere
1653 2588 1661 2616 ,
1677 2543 1728 2606 vel

138 2651 235 2710 quem
275 2634 349 2695 dicti
388 2634 436 2695 sui
477 2641 659 2709 auctorem,
701 2653 737 2696 ao
776 2634 909 2695 modum
957 2650 1022 2693 non
1035 2650 1125 2712 posse
1143 2633 1294 2696 resistere.
1310 2635 1404 2694 Posse
1423 2633 1549 2712 quIdem
1562 2633 1725 2704 obluctari.

137 2724 285 2785 nominat
297 2725 444 2806 epistola:
461 2728 515 2787 sed
527 2727 566 2787 de
580 2745 636 2787 suo
650 2744 812 2806 perperam
826 2726 910 2787 addi·
958 2741 994 2784 ac
1006 2724 1147 2785 resistere
1157 2725 1263 2804 gratias
1273 2730 1401 2786 eatenus
1410 2724 1553 2799 dicimur,
1562 2726 1655 2805 quod,
1671 2727 1729 2788 etsi

138 2815 197 2893 dit,
217 2818 301 2895 quod
322 2818 362 2878 ab
379 2818 570 2880 Tridentinis
582 2818 727 2879 Patribus
740 2817 831 2879 docui
844 2836 909 2880 esse
956 2815 1059 2896 reipsa
1071 2835 1136 2877 non
1149 2816 1330 2892 resistimus,
1355 2817 1409 2877 sed
1423 2817 1622 2896 cupiditatem
1642 2835 1727 2878 coer·

137 2906 336 2970 damnatum.
957 2926 1072 2977 cemus,
1097 2908 1243 2969 actualem
1268 2908 1382 2969 seilicet
1406 2908 1493 2968 illam
1503 2929 1512 2983 ;
1533 2914 1640 2969 tamen
1658 2908 1727 2970 fieri

179 2999 254 3060 Pari
275 2999 399 3062 licentia
422 3001 611 3063 necessitatis
635 3019 743 3062 vocem
763 3001 909 3063 emetitur
957 3005 1075 3078 posset,
1104 3005 1140 3060 ιιι
1166 3018 1205 3061 ex
1231 2997 1379 3060 dubtuoli
1410 2998 1660 3080 concupiscentia,
1684 3000 1728 3061 sic

137 3089 307 3168 Augustini
317 3094 485 3167 sententiis,
507 3112 583 3173 quas
591 3093 630 3154 ad
641 3094 814 3171 marginem
822 3094 906 3171 citat,
955 3097 1105 3172 tanquam
1128 3108 1166 3151 ex
1190 3092 1302 3167 AEtnas,
1326 3096 1380 3152 aut
1401 3091 1530 3152 Vesuvii
1554 3091 1725 3172 spiraculis,

137 3182 301 3262 inquibus
322 3183 390 3246 haec
409 3185 625 3248 tantummodo
640 3192 836 3265 comparent:
853 3185 907 3246 Ilei
955 3183 1187 3244 vehementiora
1226 3188 1465 3263 prorumperent
1504 3182 1658 3260 incendia,
1696 3189 1727 3245 et

138 3272 175 3333 in
195 3276 357 3336 movendis
378 3276 521 3337 cordibus
544 3296 556 3334 ι
578 3275 821 3339 efficacissimam
843 3294 908 3338 esse
956 3275 1111 3336 motiones
1123 3274 1290 3336 existerent
1303 3274 1410 3337 afflatu
1421 3274 1530 3355 gratiss
1548 3274 1723 3343 validiores,

137 3366 357 3444 potestatem'3
370 3389 382 3425 s
396 3373 464 3429 tum
477 3368 583 3429 datam
595 3386 660 3429 esse
670 3370 764 3429 Petro
779 3389 790 3426 ι
807 3368 908 3430 lortis-
956 3366 1071 3446 quibus
1102 3368 1169 3428 baec
1203 3385 1346 3447 oppressa
1375 3367 1507 3429 cederet.
1537 3366 1607 3428 Non
1638 3384 1727 3445 posse

138 3456 268 3535 nmam,
295 3458 545 3537 invictissimam,
571 3461 907 3540 perseverantissimam
956 3464 1061 3519 autem
1087 3458 1228 3520 resistere
1248 3460 1357 3538 gratiae
1383 3459 1516 3520 dicimur
1537 3457 1619 3535 ideo,
1642 3457 1727 3537 quod

137 3548 405 3628 volmutem³:»
430 3557 462 3613 et
474 3551 569 3631 hujus
587 3553 709 3631 generis
733 3553 808 3630 alia,
836 3570 907 3632 quae
954 3548 1144 3613 remissiores
1167 3550 1279 3633 habeat
1304 3550 1439 3632 impetus
1452 3549 1614 3632 cupiditas,
1631 3567 1727 3630 quam

137 3640 908 3724 Deopotestatemattribuuntinjuvandisadper·
955 3643 1065 3722 gratia.

137 3733 346 3795 sesecundum
372 3734 475 3795 electis
500 3736 563 3796 suis
586 3735 847 3814 iusuperabilem,
876 3740 907 3797 et
995 3735 1050 3795 ilis
1063 3733 1295 3804 animadversis,
1319 3733 1492 3796 Tridentini
1514 3732 1725 3796 canonissen·

137 3822 296 3899 invictam,
310 3831 341 3886 et
360 3826 707 3907 omnipotentissimam:
723 3846 788 3889 non
800 3833 907 3888 tamen
954 3844 1024 3888 sum
1038 3826 1123 3888 hunc
1136 3826 1280 3906 expedit:
1299 3826 1402 3886 «Cum
1412 3825 1547 3886 liberum
1560 3823 1726 3887 arbitrium
1760 3866 1788 3912 Β,
1800 3866 1887 3913 tuton

138 3917 282 3979 eamdem
296 3917 442 3979 divinitus
468 3937 644 3981 concessam
664 3920 797 3999 gratiam
814 3941 830 3978 c
843 3920 905 3981 lor·
954 3920 1046 3981 docet
1068 3938 1087 3980 a
1106 3920 1172 3978 Deo
1199 3916 1365 3978 excitatum
1392 3934 1482 3995 posse
1503 3915 1674 3993 dissentire,
1699 3916 1725 3979 si
1768 3921 1875 4018 exss'iiiu

136 4006 257 4070 ιίιιὶιιιι
270 4010 452 4073 necessitate
475 4011 596 4091 operari
610 4012 753 4072 effectum
767 4029 902 4087 suum,a
954 4011 1039 4084 velit,
1051 4008 1191 4089 quamvis
1201 4007 1389 4087 Impossibile
1401 4007 1450 4085 sit,
1459 4008 1628 4069 motionem
1640 4007 1725 4069 illam
1795 3986 1823 4031 ⁰⁰
1877 4005 1883 4018 ’

137 4107 293 4178 asserunt,
308 4119 379 4181 quae
400 4107 475 4162 sunt
487 4102 625 4183 epistolas
650 4104 763 4180 verba,
788 4103 908 4182 Augus-
955 4120 1020 4165 non
1031 4102 1203 4183 exprimere
1213 4117 1410 4176 consensum,
1424 4099 1596 4179 effectuque
1607 4117 1723 4176 carere3

137 4189 267 4252 tinianis
280 4199 381 4254 assuta
403 4193 599 4271 testimoniis,
623 4194 708 4273 quod
723 4212 817 4257 nemo
831 4213 908 4275 pru·
953 4194 1014 4256 hoc
1027 4195 1070 4255 ita
1083 4211 1171 4274 posse
1178 4192 1223 4254 ait
1232 4191 1394 4272 exponi,ut
1403 4210 1467 4252 uno
1474 4209 1565 4253 sensu
1573 4192 1726 4272 possimus

138 4282 216 4345 dens
241 4284 423 4346 laudaverit.
458 4285 553 4365 Atqui
577 4285 765 4349 necessitatis
791 4305 907 4349 nomen
955 4284 1572 4362 convertentinosgratiaeresistere,altero
1582 4301 1647 4344 non
1657 4303 1726 4364 pos-

138 4374 233 4445 idem,
244 4376 396 4457 quasipro
406 4395 560 4452 concesso,
573 4384 602 4438 et
616 4378 786 4458 explorato,
795 4379 908 4459 saepius
955 4380 1061 4440 simus.
1069 4379 1149 4441 Nam
1162 4377 1373 4439 resisterenon
1379 4382 1543 4456 possumus
1555 4382 1726 4454 peractum

138 4468 365 4547 exliugustino
392 4470 504 4550 repetit
530 4470 638 4531 eadem
664 4469 813 4550 epistola;
839 4476 908 4531 tum
954 4468 1422 4548 illnmsolumconcupiscentioe,
1432 4466 1487 4547 qui
1496 4472 1565 4528 tum
1573 4467 1727 4530 exhabitu

137 4558 183 4620 ita
211 4559 368 4639 loquitur:
404 4560 632 4640 «impossibile
657 4579 740 4635 esse,
770 4562 907 4623 divinam
954 4562 1008 4623 illo
1041 4560 1261 4642 proficiscitur3
1295 4577 1459 4640 possumus
1493 4564 1598 4621 alitem
1627 4560 1727 4622 eidem

138 4650 245 4730 gratia
264 4651 435 4713 motionem
448 4670 513 4713 non
535 4653 708 4733 exprimere
722 4672 908 4715 consensum
955 4651 1103 4714 obsistere
1123 4652 1243 4732 gratia,
1258 4657 1411 4731 quatenus
1431 4651 1464 4711 in
1487 4651 1554 4731 ipso
1577 4652 1727 4731 concupi-

138 4747 280 4803 nostrum
292 4762 326 4819 ς»
345 4762 414 4824 qnae
426 4744 523 4805 verba
531 4745 661 4807 subinde
672 4746 815 4808 referam.
955 4744 1079 4807 scentia
1088 4744 1198 4806 habitu
1213 4744 1349 4823 suppetit
1361 4743 1468 4819 nobis,
1482 4742 1566 4803 unde
1579 4743 1623 4803 illi
1637 4742 1727 4804 resis-

11 4879 114 4981 cu·
137 4834 614 5009 arffffllstfiniiiidilb‘
630 4838 910 4991 tltttltt
955 4842 1747 5008 tltitffttltdtltlustultit:-

11 4986 96 5086 Ἢ.
138 5017 295 5089 adscribit)
323 5018 355 5079 id
388 5026 435 5081 est
475 5020 611 5099 rejiculae
647 5020 909 5101 interpretationis
958 5026 1077 5083 auctor.

11 5096 107 5194 ξιξξξῗ
138 5108 264 5170 canonis
275 5109 462 5188 Tridentini,
478 5112 512 5173 in
525 5113 610 5174 hunc
622 5114 752 5174 modum
761 5112 906 5189 declarat,
995 5110 1562 5192 Dequointerpretationiscommento
1570 5108 1730 5171 verissim

14 5209 62 5245 Μ
137 5219 233 5281 quem
242 5202 321 5264 bene
331 5209 527 5283 perspectum
538 5204 654 5266 habere
668 5204 761 5267 refert
773 5204 813 5266 ad
827 5201 908 5285 epis·
957 5204 1036 5267 mihi
1057 5203 1165 5265 videor
1186 5221 1252 5265 esse
1275 5200 1424 5278 dicturus,
1448 5201 1535 5280 quod
1556 5201 1594 5263 de
1619 5199 1731 5263 Timeri

11 5252 100 5303 ΜΨ·
137 5293 209 5355 ura
236 5293 468 5373 ujuuanaam
497 5295 649 5360 indolem.
676 5296 908 5377 conoupaoen-
956 5295 1335 5375 hisuricidictoqmdtm
1352 5291 1729 5357 promeruissemus

163 5498 175 5543 t
192 5500 215 5546 S.
227 5499 268 5544 'lla
279 5497 299 5552 l,
311 5499 340 5551 ll,
352 5510 376 5555 q.
388 5510 418 5553 ιι,
429 5511 451 5544 ι.
462 5498 517 5552 uad
530 5499 580 5544 8.-
590 5501 602 5542 ι
614 5498 673 5556 Aug.
686 5499 713 5546 de
724 5499 763 5547 Gr.
775 5502 796 5544 st
809 5497 848 5544 uu
859 5497 907 5543 ort.
922 5509 958 5544 cx
971 5509 993 5544 u
1008 5498 1070 5543 lum.
1085 5496 1101 5541 l.
1114 5494 1143 5541 ert
1151 5494 1317 5541 urucas-t
1329 5495 1388 5551 sog.
1399 5493 1426 5540 dc
1438 5494 1487 5540 dor.
1500 5494 1591 5540 usae
1600 5499 1702 5539 ιιιιοιιι.
