3984 6176
280 378 338 438 ild
784 372 1109 435 Tfluoloctcolsull
1133 369 1352 434 DOGMATUM

278 540 378 621 capita
404 539 510 620 priora
531 540 594 601 duo
621 537 834 601 enarrabimus
855 538 914 599 hac
940 544 1046 599 nostra
1097 537 1242 599 continet.
1263 538 1308 599 De
1324 535 1438 617 quibus
1456 551 1529 595 vere
1544 533 1602 596 ista
1617 531 1739 613 scripsit
1755 537 1862 595 ιιιιοίοι

279 632 486 713 disputatione
506 632 625 710 itidem,
650 637 686 692 ut
710 637 830 693 veteres
847 630 996 711 theologi,
1011 649 1048 692 ae
1096 629 1328 710 antiquissimus
1365 626 1554 708 Thisophilus
1587 625 1798 687 Antiochensis
1831 625 1863 687 in

278 725 464 786 recentiores
478 724 632 805 hodieque
646 723 756 785 soient.
1097 716 1864 802 secundolihroaddutolycum,postquamhlosis

319 817 459 889 Quorum
472 816 609 896 capitum
623 815 749 896 propria
761 820 807 876 est
818 813 930 878 Genesis
941 815 1046 897 appel·
1096 813 1192 875 verba
1205 811 1370 893 descripsit.
1390 833 1405 870 a
1421 811 1483 873 Sex
1495 828 1589 891 porro
1602 809 1726 873 dicrum
1738 809 1866 872 iliorum

279 906 364 982 latio,
391 926 478 987 quae,
503 913 539 968 ut
565 907 702 970 Hebraeis
724 925 793 968 mos
805 913 870 980 est,
884 907 924 968 ah
947 909 1048 988 operis
1096 905 1318 979 narrationem,
1334 922 1369 966 ao
1383 903 1616 984 dispositionem
1632 919 1760 964 omnem
1773 919 1866 964 nemo

278 998 368 1059 initio
389 1008 523 1079 sumpta,
548 999 587 1060 ad
607 998 677 1060 libri
701 1000 795 1060 totius
816 999 1049 1079 inscriptionem
1097 1015 1154 1077 pro
1166 997 1316 1078 dignitate
1328 1001 1430 1077 potat
1447 1013 1612 1075 exponere,
1630 1013 1689 1057 nec
1701 993 1729 1055 si
1743 992 1868 1055 infinita

280 1091 418 1163 transiit3
436 1110 475 1152 ex
485 1110 521 1153 eo
542 1097 627 1169 nata,
642 1091 725 1172 quod
741 1092 776 1151 in
788 1090 826 1151 iis
839 1091 949 1152 mundi
963 1091 1047 1152 uati-
1097 1090 1224 1170 quidem
1239 1108 1304 1165 ora,
1320 1088 1518 1168 infinitasque
1531 1088 1654 1168 linguas
1673 1086 1798 1163 habeat,
1816 1086 1868 1148 sed

280 1183 369 1258 vitas,
394 1188 425 1245 et
445 1183 674 1264 praecipuarum
695 1183 778 1244 illius
800 1186 938 1263 patiam
960 1183 1048 1260 origo
1097 1200 1199 1261 neque
1226 1181 1252 1244 si
1273 1180 1518 1244 innumerabiles
1542 1198 1640 1242 annos
1665 1180 1725 1241 hac
1748 1179 1783 1240 in
1804 1179 1869 1240 vita

280 1273 463 1336 describitur
482 1275 646 1337 distrihue
666 1276 701 1336 in
721 1275 786 1335 dies
799 1293 863 1337 sex.
885 1275 1048 1354 inquibus
1097 1275 1260 1354 transigat,
1285 1273 1416 1336 idoneus
1434 1273 1493 1334 erit
1512 1272 1551 1333 ad
1573 1271 1641 1341 ista,
1663 1270 1711 1332 uti
1731 1289 1790 1351 par
1808 1275 1867 1347 est,

279 1367 423 1429 universe
447 1367 691 1447 singillatimque
719 1366 927 1440 declarandis,
952 1372 988 1427 ut
1014 1366 1047 1427 in
1097 1366 1290 1445 explicanda,
1312 1369 1440 1445 propter
1453 1363 1600 1428 eximiam
1615 1364 1741 1425 illorum
1755 1363 1867 1442 maju-

279 1477 446 1538 summam,
461 1479 532 1540 qnae
552 1467 627 1522 sunt
638 1461 788 1522 hactenus
802 1458 965 1540 explicata,
978 1477 1050 1520 cou-
1097 1462 1194 1518 tatem
1211 1477 1247 1532 ac
1260 1458 1375 1519 divina
1389 1475 1463 1538 opes
1481 1455 1650 1537 sapientia,
1676 1473 1746 1536 qum
1760 1454 1870 1517 inssmt

279 1552 388 1631 faram,
402 1553 560 1634 duplicem
577 1554 656 1615 mihi
670 1553 846 1615 cautionem
859 1571 895 1613 ac
907 1552 1049 1632 regulam
1097 1549 1131 1610 in
1145 1550 1208 1623 illa,
1218 1569 1312 1630 quam
1323 1549 1399 1628 dixi,
1410 1569 1463 1612 sex
1469 1549 1591 1611 dierum
1600 1547 1807 1626 descriptione
1815 1557 1864 1607 ⁸.»

279 1646 476 1727 praescripsi:
507 1646 603 1707 altera
626 1651 683 1723 est,
712 1663 820 1707 rerum
845 1644 921 1705 olim
947 1645 1050 1724 reipsa
1099 1643 1200 1709 Quam
1214 1643 1341 1723 quidem
1354 1642 1450 1703 Mosis
1459 1641 1682 1718 narrationem,
1692 1646 1724 1701 et
1736 1657 1869 1720 operum

279 1757 413 1818 vereque
426 1743 584 1818 gestarum
594 1737 758 1799 historiam
771 1736 907 1799 inMosis
921 1754 1048 1798 enarra·
1098 1733 1371 1796 admirabilitatem
1402 1733 1577 1814 complures
1613 1732 1658 1794 ait
1701 1732 1869 1812 gentilium

281 1830 368 1892 tione
392 1830 556 1907 contueri,
581 1848 646 1891 nou
672 1829 825 1909 allegoriis
851 1828 1050 1890 adumbratos
1097 1827 1219 1906 assequi
1231 1826 1481 1889 conatosirustra
1494 1826 1661 1900 laborasse,
1677 1842 1749 1886 cum
1758 1842 1868 1887 eorum

280 1928 312 1983 ct
331 1922 488 1985 involutos
509 1922 613 1985 nescio
626 1941 705 2002 quos
718 1940 825 1984 sensus
842 1919 1049 2001 spiritualium
1097 1917 1163 1980 vim
1190 1919 1365 2000 ingeniine
1397 1918 1576 1982 tacultatem
1607 1935 1714 1981 rerum
1741 1916 1869 1979 iberum

279 2033 397 2092 rerum,
409 2033 601 2095 corporeque
612 2013 784 2076 carentium
798 2033 805 2074 :
821 2013 928 2089 altera,
941 2012 974 2073 in
988 2012 1049 2074 illis
1098 2011 1279 2091 magnitudo
1293 2018 1464 2094 superaret.

278 2105 352 2186 ipsis
385 2106 578 2168 namralihus
609 2111 641 2168 et
671 2106 828 2186 corporeis
858 2105 1049 2185 exponendis
1160 2169 1161 2172 ,

277 2198 380 2268 rebus,
405 2200 545 2280 Moysem
571 2199 657 2260 rudis
677 2198 859 2278 habetisque
880 2198 989 2278 populi
1009 2198 1049 2261 ad

279 2296 428 2371 captum,
451 2297 484 2353 et
503 2291 664 2371 ingenium
698 2296 887 2371 temperasse
916 2290 1045 2369 stylum.

279 2383 355 2456 Quae
378 2383 530 2463 posterior
556 2383 660 2445 cautio
687 2401 724 2444 ao
740 2383 839 2463 magis
867 2383 1050 2462 usurpanda
1343 2327 1535 2412 CAPUT
1572 2328 1608 2408 l·

276 2472 361 2550 luit,
390 2475 475 2554 quod
500 2474 645 2537 nonnulli
671 2475 705 2535 in
729 2475 788 2536 hoc
815 2474 1048 2556 interpretando

277 2565 400 2627 dicrum
434 2584 488 2628 ser
521 2567 654 2648 opificio,
689 2567 812 2628 limatas
831 2571 863 2629 et
882 2567 1049 2646 exquisitas

276 2657 413 2720 rationes
452 2658 601 2721 adhihent
633 2658 737 2720 media
770 2677 809 2720 εχ
842 2657 1046 2739 Ρὴῑιοωῃιςῑς,
1100 2645 1191 2721 Quem
1204 2662 1323 2726 scopum
1332 2642 1392 2705 sibi
1405 2643 1499 2707 Moser
1506 2646 1697 2727 proposuerit
1714 2646 1746 2708 io
1760 2648 1871 2711 muudi

275 2749 493 2830 theologiflqug
506 2752 724 2831 depromptas,
741 2750 802 2812 Sed
815 2751 883 2811 haee
895 2768 966 2811 mea
978 2769 1048 2831 per.
1136 2735 1253 2817 origiue
1277 2735 1497 2817 perscribenda.
1518 2737 1764 2820 Philosophorum
1781 2758 1870 2801 error

279 2846 375 2921 petuo
397 2843 550 2904 sententia
568 2843 637 2916 fuit
662 2842 769 2904 omnia
792 2842 874 2919 iere,
903 2861 973 2922 quae
997 2842 1048 2904 hic
1136 2827 1171 2890 de
1199 2826 1303 2890 mvndi
1315 2829 1480 2891 Ψίθΐηὶίαίθ
1496 2875 1503 2903 2
1520 2848 1586 2891 cum
1607 2829 1813 2893 ltoertlt'vmm
1830 2831 1870 2893 de

275 2935 375 2996 Moses
408 2934 528 3015 affigit,
561 2934 746 3015 popujarem
780 2935 822 2996 ὃς
858 2953 948 2998 usum
981 2953 1047 2997 esse
1136 2920 1264 2997 ejusden
1274 2922 1490 3002 procreatione.
1510 2921 1691 2985 Tertulliani
1707 2923 1786 3005 salso
1798 2943 1868 2986 aeu-

275 3025 423 3105 loquendi
464 3026 719 3107 intelligendique
762 3027 901 3089 demissa.
957 3028 1048 3105 Quod
1137 3014 1227 3075 tentia
1250 3022 1350 3075 notato
1370 3032 1458 3095 super
1474 3013 1576 3076 iisdun
1589 3013 1867 3078 aurelianorum

276 3124 394 3196 quanto
408 3118 447 3178 sit
455 3119 567 3198 aptius,
584 3137 741 3199 quamque
754 3118 816 3180 iate
830 3119 947 3180 utilitas
956 3137 1047 3199 regu-
1135 3125 1174 3167 0³3
1184 3106 1330 3168 θίθαίίθηθ
1346 3106 1500 3187 ⁰⁰9'20i02'i
1514 3106 1603 3187 ‘'diu‘'
1614 3105 1789 3189 ίίίΡίίίίίθνι
1800 3119 1868 3171 ‘m
1989 3146 1990 3175 t

276 3207 315 3269 1ae
335 3208 422 3270 istius
449 3211 700 3272 accommodius
726 3216 855 3293 murt,
879 3211 1046 3291 disputatio
1135 3196 1247 3279 νινᾶν
1275 3196 1371 3258 attilo
1388 3196 1552 3279 praeest,
1575 3207 1638 3259 tum
1663 3197 1743 3281 quod
1763 3198 1867 3262 eadem
1989 3182 1990 3273 ἶ

277 3304 382 3360 nostra
416 3318 606 3380 consequens
637 3301 788 3362 ostendet.
835 3302 904 3363 Huc
929 3309 1047 3382 spectat
1134 3287 1299 3362 Otdl'twvlt,
1315 3289 1677 3369 acptrpolivt'lstrwndi
1691 3292 1867 3354 vocabulum
1989 3316 1990 3339 ι

277 3390 442 3470 Augustini
458 3391 628 3453 similitudo
641 3392 741 3453 illain
760 3398 892 3454 tractatu
907 3394 941 3455 iu
954 3393 1045 3457 Psal-
1134 3400 1192 3443 Ἀθη
1205 3380 1737 3465 ⁸²llnifi⁶⁰repr⁰d²⁴⁶²f⁰nemedibili
1753 3402 1808 3465 W
1820 3404 1865 3463 ⁸⁶2

276 3503 356 3543 mum
381 3502 453 3544 xcv,
490 3506 505 3541 a
532 3483 650 3561 νοιῃῑς,
677 3485 788 3564 inquit,
817 3486 981 3564 explicare,
1010 3491 1047 3548 ut
1135 3494 1170 3536 ae
1183 3473 1318 3555 proprie.
1333 3473 1524 3555 Explicatur
1532 3475 1794 3558 principaliorum
1811 3497 1869 3541 uec

276 3575 415 3635 humana
427 3580 550 3655 poterat
564 3576 672 3655 lingua
685 3596 693 3651 3
709 3581 741 3637 et
754 3577 897 3656 quamvis
910 3595 1045 3657 magnus
1135 3565 1256 3629 uouu'llu
1268 3565 1373 3628 Motis:
1389 3585 1423 3627 ln
1434 3566 1584 3648 principio
1591 3570 1716 3649 creavit,
1731 3574 1788 3631 ele.
1799 3576 1869 3630 llam

276 3666 316 3727 sit
328 3671 427 3727 tactor
440 3667 549 3746 organi
564 3667 699 3748 Spiritus
711 3674 845 3746 sanctim,
870 3673 975 3730 tamen
989 3688 1046 3749 per
1136 3658 1215 3721 illud
1223 3658 1352 3740 Αᾳῑίὶίίθ,
1368 3659 1399 3720 iu
1408 3659 1518 3741 capite·

276 3758 433 3838 augustias
447 3757 572 3838 spiritus
585 3760 716 3820 humani
729 3759 861 3840 syllabas
874 3767 975 3834 sonat,
991 3761 1045 3824 sed

275 3851 476 3930 cogitationes
501 3857 639 3930 generat.
663 3873 675 3910 ν
703 3851 752 3913 Ad
776 3851 859 3930 quod
883 3852 993 3914 alluciit
1015 3859 1047 3915 et
1135 3853 1161 3913 Ι.
1177 3854 1247 3913 Duo
1260 3852 1342 3914 Mosi
1363 3851 1520 3933 proposita
1537 3853 1631 3916 fuisse
1649 3854 1755 3916 scribit
1768 3856 1866 3919 Seve-

1934 3865 1953 3910 Ι
1975 3865 1979 3874 ›

276 3943 430 4022 Rupertus
450 3942 550 4022 primo
580 3949 782 4031 commentar.
812 3944 846 4005 iu
871 3944 1012 4006 loannem
1035 3964 1042 4005 :
1094 3946 1202 4007 manus
1223 3944 1413 4007 Gabalorum
1432 3945 1636 4027 episcopusl;
1656 3954 1693 4009 ut
1706 3953 1736 4009 et
1749 3949 1867 4012 mundi
1895 3931 1983 4019 213?

280 4035 388 4096 «Nam
409 4034 484 4115 quid
505 4053 613 4097 sumus
632 4054 700 4105 nos,
720 4035 833 4116 inquit,
854 4037 914 4098 nisi
937 4037 1044 4118 magni
1095 4037 1248 4118 originem
1275 4056 1312 4098 ac
1336 4038 1583 4118 procreationem
1609 4047 1802 4120 exponeret,
1831 4049 1869 4104 et

275 4127 383 4187 Musici
406 4127 461 4187 Dei
485 4128 628 4208 quaedam
651 4129 881 4190 instrumenta?
903 4129 992 4192 Unde
1015 4134 1046 4191 et
1094 4129 1196 4209 legem
1218 4128 1367 4191 divinitus
1388 4135 1545 4210 acceptam
1571 4132 1716 4193 israelitis
1733 4133 1867 4213 perscri-
1989 4150 1990 4201 t

1927 4039 1971 4089 ¹²..

1918 4090 1990 4145 unp,

275 4217 310 4277 in
324 4218 457 4293 citharis,
472 4221 546 4280 etin
559 4219 693 4299 organis,
709 4222 926 4301 quaproiecto
940 4223 1043 4298 eorda,
1094 4221 1190 4284 beret.
1217 4222 1356 4295 Quorum
1375 4222 1414 4282 ab
1433 4240 1481 4299 eo,
1507 4223 1590 4302 quod
1609 4232 1656 4285 est
1679 4226 1776 4304 prius,
1791 4224 1865 4288 ideo
1989 4218 1990 4267 3

277 4314 308 4369 et
328 4326 456 4388 corpora
475 4317 581 4372 nostra
603 4317 676 4373 sunt
695 4359 701 4389 ,
727 4312 896 4374 Dominum
918 4313 1046 4376 laudare
1094 4313 1226 4394 sumpsit
1239 4313 1375 4389 initium,
1394 4319 1459 4375 cut
1471 4333 1533 4376 non
1550 4317 1715 4394 exuenda,
1732 4317 1785 4378 sed
1798 4317 1866 4380 suis
1989 4308 1990 4373 Ῡ

272 4400 462 4479 jubemur.»
1095 4405 1197 4486 legem
1208 4405 1289 4468 ferre
1302 4411 1460 4468 auctorem
1471 4407 1538 4487 ejus
1547 4414 1736 4471 monstraret
1750 4411 1864 4473 Deum.
1989 4390 1990 4471 ί

316 4494 385 4554 VII.
418 4494 566 4567 Quamvis
597 4500 704 4557 autem
733 4496 877 4578 simplex,
914 4516 973 4561 nec
1007 4499 1047 4562 ad
1095 4499 1176 4559 Nam
1195 4498 1255 4559 nisi
1274 4504 1366 4560 antea
1387 4499 1497 4560 mundi
1514 4498 1658 4580 opificem
1677 4519 1744 4564 esse
1758 4502 1865 4563 Deum
1989 4522 1990 4579 3

275 4585 383 4645 fucum
395 4584 537 4646 affectata
550 4585 590 4647 sit
603 4587 696 4649 blesis
705 4587 764 4649 ista
780 4590 930 4666 narrati03
940 4609 1046 4653 rerum
1096 4590 1282 4666 ostenderet,
1296 4590 1381 4653 haud
1395 4591 1469 4652 satis
1481 4591 1612 4654 idoneus
1624 4594 1664 4654 ad
1673 4592 1868 4674 finemlegis-¹
1989 4598 1990 4667 j

275 4681 381 4738 tamen
407 4677 615 4738 maximarum
641 4683 671 4739 et
698 4681 928 4760 excellentium,
953 4689 1047 4763 atque
1094 4681 1175 4744 lator
1188 4682 1366 4745 haberetur.
1392 4682 1554 4763 Siquidem
1567 4684 1867 4766 alienisjurapraes-

275 4769 596 4850 adcontemplandum
605 4769 824 4833 altissimarum
832 4774 1047 4837 tractationem
1097 4774 1226 4844 eriberc,
1248 4775 1432 4849 violentum,
1447 4793 1482 4837 ac
1493 4775 1694 4856 tyrannicum
1707 4783 1770 4855 est;
1789 4796 1866 4840 suos

274 4985 349 5058 ὀλίγα
359 4982 392 5037 δι’
406 4981 461 5039 ἄντί
473 4983 587 5051 πολλῶν,
611 4980 648 5056 ἐφ’
663 4983 732 5053 dclv
745 4985 854 5040 διάνοιαν
871 4988 968 5060 φθίνειν
982 4987 1044 5053 abibe
1094 4983 1170 5044 ταῦτα
1187 4987 1259 5052 ἀξίως
1273 5008 1296 5044 τι
1310 4987 1398 5057 slusii,
1419 4987 1460 5042 διὰ
1479 4988 1509 5043 τδ
1525 4987 1677 5062 lapsare
1692 4990 1799 5065 μίγαίίος,
1821 4992 1868 5046 aul

274 5067 348 5140 ἔρωτι
361 5066 402 5120 ναί
414 5066 483 5138 πόθῳ
497 5066 583 5137 σοφίας
592 5067 788 5140 κατεοχημίνην.
1092 5072 1134 5127 τδν
1148 5072 1256 5127 πλοῦτον
1270 5071 1357 5143 σοφίας
1367 5075 1411 5126 τοῦ
1424 5065 1481 5126 θεοῦ
1496 5076 1539 5141 τῆς
1551 5070 1625 5142 οὔσης
1636 5071 1661 5128 ίν
1674 5074 1750 5148 ταύτῃ
1764 5078 1869 5148 riupo-

310 5168 332 5207 a
349 5148 473 5206 Ἱίιιιονιι.
496 5148 543 5205 tib.
566 5149 601 5205 il.
620 5150 668 5218 Τῆς
690 5149 732 5222 μὲν
754 5146 796 5206 οὖν
815 5151 947 5227 ἑξαημίρον
965 5154 1045 5219 οὐδεὶς
1092 5155 1248 5229 γεγραμμίνῂ
1263 5153 1398 5228 ἓξαημίρῳ.

274 5232 406 5306 ἀνθρώπων
420 5232 520 5294 δννατδς
533 5231 587 5287 κατ’
597 5228 664 5295 ἀξίαν
678 5233 722 5302 τὴν
738 5232 859 5309 ἐξήγησιν,
868 5238 909 5291 καί
919 5237 963 5307 τὴν
978 5237 1044 5293 ciza
1128 5238 1145 5295 b
1164 5239 1265 5296 Sma-
1279 5237 1376 5295 homil.
1393 5241 1446 5295 litt
1458 5242 1588 5312 Cotmcp.
1606 5235 1648 5302 Τίς
1658 5242 1686 5294 δι
1696 5240 1711 5295 l
1723 5240 1816 5303 ποπδς
1829 5247 1868 5315 τῷ
1989 5214 1990 5273 i

274 5318 361 5389 ιομίαν
377 5319 457 5373 πᾶσαν
472 5313 588 5381 ἐξειπεῖν,
608 5314 660 5369 οὔδ’
674 5316 696 5370 sl
710 5314 785 5391 μυρία
798 5322 911 5393 στόματα
921 5320 987 5394 ίχοι,
1004 5322 1044 5375 καί
1091 5323 1220 5395 προφήτῃς
1239 5321 1283 5376 δίο
1296 5322 1435 5394 πρόκεινται
1449 5321 1555 5377 Meton
1568 5326 1680 5390 ποιῆσαι,
1695 5323 1737 5377 καί
1747 5324 1866 5378 didam·
1989 5326 1990 5373 ἶ

274 5401 497 5474 μνρίαςγλώσσας·
523 5398 580 5452 ἀλλ’
603 5399 659 5454 οὐδὲ
674 5398 696 5453 εί
714 5402 885 5474 μνρίοιςέτεσι
903 5405 987 5475 βιώοει
1009 5423 1044 5470 τις
1091 5405 1148 5459 λίαν
1161 5403 1332 5473 &liciacum
1345 5404 1488 5477 νομοθεσίαν
1496 5404 1666 5461 brumalium.
1679 5406 1712 5463 ln
1722 5406 1783 5465 Vel.
1799 5407 1865 5464 cod.

274 5482 399 5555 ἐπιδημῶν
413 5481 438 5537 ἐν
448 5484 511 5556 τῷδε
525 5486 561 5554 τῷ
574 5481 630 5553 βίῳ,
643 5482 699 5537 οῦδὲ
708 5484 787 5547 οὕτως
802 5485 872 5541 ἔσται
885 5486 967 5551 ίιιανδς
982 5488 1043 5561 πρὸς
1094 5504 1142 5560 pro
1156 5488 1323 5554 διδασκαλίαν,
1334 5490 1466 5560 scriplum
1478 5480 1577 5561 aliteri,
1591 5490 1759 5564 δημιουργίαν.
