4122 6184
315 341 354 403 38
813 335 1152 407 'Tnuououlconult
1172 336 1387 407 DOGMATUM

315 511 397 578 rant,
411 505 465 567 sed
477 504 587 567 alienos
603 506 731 586 insuper
749 505 876 568 ditionis
889 506 1033 570 homines
1047 527 1086 570 cx
1136 514 1263 574 nomine
1276 514 1378 573 Deum
1385 514 1510 574 Patrem
1522 510 1654 589 intelligi
1660 514 1765 590 ουτως
1777 508 1901 570 Domini

315 597 475 661 variorum
497 599 627 659 deorum
645 600 775 679 imperio
794 599 929 661 insnum
949 606 1086 662 transiu-
1135 625 1221 684 vero,
1236 606 1375 667 Verbum
1388 604 1556 685 ipsius,qui
1569 604 1702 665 secundo
1716 607 1902 682 postsupre·

317 691 398 753 lissa
414 690 594 753 Hoeoiusius
608 693 756 771 Origenes
769 692 823 753 illo
842 693 875 752 in
894 694 974 771 loeo,
989 693 1043 754 sed
1056 696 1088 755 et
1136 716 1225 759 mum
1252 699 1351 759 Deum
1375 697 1442 758 loeo
1470 696 1620 758 Dominus
1642 700 1779 756 vocatur.
1807 695 1903 755 Porro

320 785 355 845 in
368 783 499 867 bomilia
511 783 564 843 illa
572 800 647 844 xxxv
663 784 693 844 in
707 785 819 846 Lnennr
835 784 859 861 ¹,
874 787 984 847 eadem
993 786 1087 865 signi·
1136 791 1261 871 Angelis
1288 790 1363 870 ipsis
1389 789 1552 851 nationum
1579 788 1731 868 praefectis
1751 786 1903 865 subjectas

319 877 402 938 ficet.
431 876 610 937 Victorinus
648 877 682 937 in
715 877 884 959 Apoealyp.
920 878 1088 940 lectionem
1137 901 1201 944 esse
1224 888 1331 962 gentes
1349 901 1469 959 omnes,
1499 900 1534 943 ao
1555 881 1637 942 tilios
1653 879 1830 954 hominum,
1850 879 1905 957 qui

320 968 406 1029 illam
434 968 583 1046 seqtsitur.
607 987 676 1048 quse
697 968 793 1030 habet
813 969 937 1050 Angelos
958 969 1024 1046 Dei,
1050 989 1088 1031 ex
1137 972 1205 1032 Filii
1219 971 1318 1032 Adam
1331 971 1537 1051 appellantur,
1557 987 1594 1032 ac
1610 968 1727 1029 summi
1750 966 1802 1028 Dei
1822 966 1903 1027 arbi-

321 1078 417 1140 eaque
425 1061 509 1139 genti
521 1060 633 1139 cuique
644 1078 774 1140 praeesse
783 1063 916 1141 Angelos
924 1068 1085 1124 asseverat.
1137 1063 1198 1124 trio
1221 1063 1413 1137 distributas;
1444 1061 1610 1141 Uulgenito
1628 1079 1702 1122 vero
1722 1059 1806 1121 illius
1827 1058 1902 1133 filio,
1957 1127 1965 1133 ,

322 1153 457 1232 cyrillus
477 1170 600 1233 quoque
619 1153 760 1214 eamdem
778 1153 872 1214 habet
892 1156 926 1215 in
947 1155 1090 1216 Paschali
1138 1160 1288 1234 tanquam
1313 1154 1456 1215 omnium
1483 1146 1734 1231 prestantissima
1759 1150 1840 1227 duci,
1869 1169 1904 1212 ae

321 1256 391 1304 αλιι.
408 1243 529 1303 Rursus
542 1244 689 1323 Origenes
708 1242 837 1306 homilia
850 1262 901 1307 xrs
911 1246 942 1306 in
958 1245 1090 1309 Genesim
1138 1247 1205 1326 regi
1225 1247 1442 1308 universorum
1463 1245 1585 1307 Christo
1601 1245 1744 1320 Domino,
1761 1263 1800 1305 ex
1819 1244 1907 1305 omni

323 1334 488 1411 existimat,
514 1337 726 1415 «promeritis
744 1337 913 1417 unicuique
931 1339 1016 1418 genti
1030 1341 1092 1400 An·
1139 1340 1305 1400 hominum
1338 1356 1463 1417 genere,
1496 1337 1663 1412 iacobum,
1698 1342 1730 1399 et
1763 1335 1907 1398 lsraelem

324 1428 464 1503 gelorum
478 1428 570 1487 statui
583 1429 824 1509 principatum.»
842 1431 888 1491 Ad
902 1432 1043 1492 eamdem
1053 1433 1091 1493 de
1140 1431 1327 1492 attributum
1339 1448 1414 1506 esse,
1428 1430 1488 1491 hoo
1501 1436 1547 1491 est
1559 1430 1729 1509 perspicaci
1741 1434 1857 1504 mente,
1870 1447 1907 1489 ac

324 1520 490 1581 distributo
509 1519 543 1581 in
567 1522 700 1600 Angelos
722 1522 761 1583 ad
784 1523 925 1601 tutelam,
945 1528 975 1584 et
989 1525 1093 1604 praesi-
1140 1523 1254 1605 pietate
1268 1523 1556 1602 praeditnmgenus.
1568 1523 1642 1583 Haec
1656 1521 1807 1583 Eusebius
1818 1541 1826 1591 ι
1838 1538 1909 1600 ques

325 1612 414 1672 dium
442 1617 598 1673 terrarum
631 1613 706 1674 orbe
740 1614 925 1676 sententiam
958 1617 1093 1695 respexit
1140 1615 1289 1677 Arionem
1302 1614 1493 1694 impietatem
1503 1613 1598 1688 olent,
1617 1618 1654 1673 ut
1666 1613 1700 1674 in
1711 1613 1792 1674 libro
1806 1613 1908 1693 primo

325 1705 455 1783 August.
470 1705 515 1765 ita
525 1705 660 1766 scribens
676 1726 683 1766 ι
703 1707 800 1767 uNon
813 1705 920 1768 elausit
934 1710 1015 1769 Deus
1027 1708 1094 1769 lon·
1141 1707 1176 1769 de
1193 1707 1344 1769 Trinitote
1352 1708 1473 1768 monui.
1489 1708 1556 1767 Hac
1569 1708 1663 1767 etiam
1675 1705 1823 1787 opinione
1837 1725 1908 1786 per-

325 1803 390 1858 tem
403 1797 1090 1879 bonitatissueectiaminulienigenasgentes,
1140 1800 1201 1861 fusi
1222 1805 1341 1862 veteres
1366 1799 1495 1879 quidam
1519 1797 1665 1872 haretici,
1690 1807 1811 1880 ἄρχοντας
1837 1814 1911 1861 suos
1944 1834 2050 1882 Am,

326 1907 403 1967 quas
415 1889 473 1951 sub
487 1890 612 1969 Angelis
627 1891 838 1967 constituerat,
850 1893 1025 1971 portionem
1035 1893 1094 1954 sibi
1142 1892 1314 1972 populatim
1329 1891 1501 1952 diviserunt
1506 1909 1515 1966 ;
1536 1891 1654 1952 iudaeis
1671 1909 1745 1952 vero
1760 1897 1912 1970 prastaa-

327 1980 440 2043 iaciens
454 1983 605 2061 populum
621 1985 715 2044 Israel
728 1983 752 2045 ¹.
769 2005 784 2041 ν
1141 1985 1254 2046 tionem
1267 1984 1396 2057 σωῐοιίυ,
1406 2002 1442 2044 ae
1454 1982 1613 2044 fortiorem
1621 1984 1815 2062 assignavere
1825 1984 1912 2065 prin·

181 2104 272 2149 pugg„
368 2074 426 2134 ΙΙΙ.
443 2074 591 2136 Eusebius
602 2076 638 2136 in
657 2081 768 2155 quarto
786 2074 820 2138 de
843 2075 1094 2153 Damaratoutione
1143 2077 1254 2156 eipem,
1282 2095 1300 2137 a
1328 2094 1390 2155 quo
1415 2075 1466 2135 isti
1487 2075 1623 2155 superati
1645 2080 1730 2153 sunt,
1752 2081 1912 2139 eteorum

156 2156 303 2254 mugili
327 2165 514 2247 Euangeliou
526 2186 591 2228 non
605 2168 791 2229 multumeb
812 2168 944 2248 Origene
955 2170 1092 2250 discedit,
1143 2169 1266 2231 abtlucti
1280 2168 1399 2248 populi.

170 2264 280 2311 θεοποιίαν.
328 2265 481 2340 qnatenus
490 2260 626 2340 Angelis,
641 2261 727 2321 velut
738 2261 913 2340 pastoribus
924 2279 960 2321 ao
972 2262 1095 2342 preelec-
1185 2262 1236 2322 IV.
1254 2261 1359 2335 Qualis
1378 2267 1482 2323 autern
1500 2262 1725 2324 incommissas
1741 2260 1910 2323 sibinatio-

327 2353 379 2427 tis,
394 2353 575 2414 commissos
587 2371 652 2414 esse
665 2353 737 2415 dicit
749 2354 983 2429 homines3tum
993 2354 1096 2434 praesis
1144 2370 1200 2414 nes
1213 2372 1298 2428 eura,
1323 2358 1355 2414 et
1373 2354 1567 2434 providentia
1581 2354 1675 2416 buerit
1686 2360 1753 2415 tam
1767 2353 1842 2432 ejus,
1856 2353 1913 2434 qui

328 2444 419 2506 dibus
440 2445 500 2506 illis
520 2463 679 2507 summum
700 2446 929 2508 moderatorem
951 2448 1096 2527 praeposi-
1143 2446 1261 2507 ludaeis
1282 2446 1418 2525 praebrit,
1447 2447 1563 2508 summi
1588 2447 1746 2526 principis,
1771 2448 1832 2508 boo
1852 2454 1910 2521 est,

327 2541 408 2612 tum,
432 2555 469 2598 ao
493 2537 666 2618 prinoipem
694 2537 751 2599 Dei
778 2539 890 2599 Filium
919 2559 927 2599 ι
963 2560 978 2597 u
1005 2536 1095 2606 Quod
1144 2539 1297 2615 unigeniti
1312 2537 1382 2599 Filii
1395 2538 1460 2615 Dei,
1472 2552 1568 2618 quam
1581 2539 1782 2618 Angelorum.
1798 2538 1915 2617 quibus

327 2627 423 2706 igitur
444 2634 687 2690 consentaneum
707 2629 860 2704 sibimet,
884 2629 998 2692 faciens
1019 2631 1097 2711 opti-
1144 2630 1271 2710 reliquae
1290 2635 1396 2707 gentes
1418 2631 1542 2692 creditae
1565 2636 1649 2706 sunt,
1673 2630 1754 2692 miro
1777 2631 1914 2710 quodam

328 2737 410 2795 mus,
425 2738 462 2781 ao
475 2738 617 2782 summus
626 2720 768 2782 omniurn
780 2736 834 2782 rex
840 2720 1094 2801 lpseAltissimus,
1145 2721 1238 2783 modo
1251 2722 1389 2802 Explicat
1401 2722 1553 2784 Eusebius
1566 2721 1590 2784 θ.
1603 2723 1724 2802 Quippe
1735 2722 1848 2784 Filium
1858 2722 1914 2783 Dei

327 2829 364 2873 aa
375 2813 460 2873 Deus
474 2812 701 2888 universorum,
725 2830 765 2874 ne
779 2814 917 2890 rectoris,
939 2832 975 2874 ae
992 2816 1098 2876 mode-
1144 2814 1253 2874 asserit
1279 2813 1427 2875 Hebraeos
1459 2832 1532 2875 suos
1564 2815 1723 2893 impulisse
1754 2815 1794 2876 ad
1820 2815 1915 2876 unius

327 2905 439 2965 ratoris
460 2905 583 2985 penitus
606 2910 747 2985 expertes
768 2904 870 2967 forent
887 2906 921 2965 in
942 2912 1025 2967 terra
1046 2907 1098 2966 da·
1146 2906 1257 2981 Patris,
1286 2906 1385 2986 ipsius
1417 2906 1559 2968 videlieet
1592 2906 1751 2979 Altissimi,
1780 2906 1912 2984 ctutum,

327 3002 436 3075 gentas
459 2997 613 3073 homines,
641 3003 791 3077 tanquam
823 2997 956 3076 pecudes
977 2999 1098 3060 ratione
1146 3015 1240 3077 supra
1265 2997 1298 3058 id
1322 3015 1425 3071 omne,
1452 2998 1537 3078 quod
1560 2997 1618 3059 sub
1640 3004 1799 3077 aspectum
1820 2998 1913 3075 cadit,

329 3094 478 3162 carentes,
495 3090 642 3169 praesides
656 3106 776 3163 eorum,
787 3094 818 3151 et
829 3095 998 3167 ornatores,
1013 3091 1099 3152 velut
1147 3106 1301 3169 supraque
1327 3089 1452 3166 eoelum,
1479 3108 1514 3152 ae
1543 3090 1695 3170 quidquid
1721 3096 1767 3153 est
1786 3089 1913 3163 ίιιστιιιο,

329 3183 545 3259 armentarios,
559 3201 595 3243 uo
603 3188 740 3262 pastores
752 3181 873 3243 divinos
886 3181 1020 3261 Angelos
1029 3200 1100 3244 eon·
1147 3181 1262 3243 sensim
1283 3180 1353 3242 illos
1365 3180 1582 3258 adducentem,
1602 3200 1638 3243 ae
1656 3180 1795 3261 placide3
1815 3182 1915 3261 iisque

330 3273 440 3335 stituit.
464 3274 564 3353 iisque
587 3275 743 3347 omnibus,
760 3274 868 3335 aetati
890 3274 968 3335 adeo
994 3288 1101 3337 rerum
1149 3272 1319 3346 tradidisse,
1340 3273 1441 3334 solum
1454 3274 1689 3353 utingenitum,
1710 3273 1915 3336 etuniverso·

329 3365 523 3426 universitati
534 3365 884 3445 presieoitunigenitum,
900 3370 931 3426 et
948 3364 1101 3445 primogc
1148 3383 1220 3427 rum
1233 3365 1376 3444 opificem
1388 3358 1486 3426 Derim
1493 3365 1829 3444 Altissimnmreligiose
1839 3365 1918 3427 cole-

329 3458 433 3519 nitum
446 3475 539 3519 suum
550 3458 700 3520 Verbum.
718 3458 774 3519 Oui
790 3458 927 3537 pridem,
943 3456 1100 3519 velutexi-
1148 3462 1229 3521 rent.
1253 3457 1352 3517 Porro
1373 3461 1555 3518 caeterarum
1575 3457 1739 3518 nationum
1772 3458 1918 3537 presides

330 3550 402 3610 mim
414 3551 505 3611 sortis
522 3550 601 3626 loeo,
615 3550 749 3630 Angelos
762 3551 854 3630 ipsos,
870 3554 901 3611 et
920 3548 1099 3630 Archange-
1148 3547 1293 3628 Angelos,
1309 3554 1340 3610 et
1350 3556 1498 3629 pastores,
1509 3549 1619 3629 iis,qui
1630 3562 1696 3630 pras
1706 3549 1918 3611 imbecillitate

330 3642 387 3717 los,
404 3642 585 3721 divinasque
598 3642 728 3704 intutas
741 3647 879 3721 expertes
894 3642 1043 3719 materiae,
1063 3660 1100 3703 ao
1148 3656 1213 3702 non
1226 3645 1369 3719 poterant
1378 3638 1566 3702 invisibilem
1579 3641 1783 3721 contemplari
1801 3644 1916 3721 Deum,

331 3752 426 3813 supro
450 3733 563 3795 ooelum
596 3734 764 3795 residentes
797 3733 922 3813 spiritns
946 3734 1098 3811 attribuit,
1148 3751 1183 3793 sc
1197 3748 1320 3793 sursum
1335 3732 1444 3794 efferre
1462 3750 1505 3808 se,
1526 3728 1717 3813 precepisse,
1731 3738 1768 3793 nt
1783 3734 1831 3810 iis,
1846 3752 1918 3814 qua

331 3844 453 3887 necnon
467 3845 506 3888 ex
518 3826 567 3902 iis,
581 3844 652 3905 quae
676 3831 749 3887 sunt
768 3826 802 3886 in
815 3830 908 3900 terra,
923 3825 977 3886 Dei
991 3840 1099 3887 uman-
1148 3825 1182 3885 in
1202 3826 1279 3886 coelo
1302 3824 1496 3904 aspectabilis
1517 3830 1599 3894 sunt,
1625 3825 1830 3904 intenderent,
1848 3826 1917 3900 soli,

332 3931 378 3980 tes
392 3919 426 3978 in
443 3918 624 3981 horninibus
647 3919 778 3994 animas,
799 3935 869 3997 qua
898 3918 1101 3980 Hebraeorum
1149 3914 1921 3995 lunen,acsideribusreliquls,queinhaeunivar-

331 4010 439 4089 lingua
455 4010 575 4087 iacobi,
591 4018 622 4072 et
636 4009 758 4071 Israelis
770 4009 927 4071 vocabulis
937 4010 1100 4090 appellan—
1148 4008 1237 4071 sitate
1268 4024 1375 4070 rerum
1406 4009 1556 4079 eminent,
1596 4013 1627 4068 et
1667 4008 1829 4087 splendore
1862 4027 1920 4071 suo

331 4108 394 4165 tur.
412 4104 479 4164 Hoc
492 4121 566 4164 vero
587 4103 809 4183 mysteriorum
822 4102 915 4180 longe
929 4101 1101 4164 maximum
1148 4101 1365 4163 contuentium
1377 4099 1481 4161 oeulos
1493 4104 1674 4180 provocant,
1690 4105 1783 4179 utque
1797 4119 1835 4162 ex
1848 4118 1919 4162 ma·

332 4193 453 4274 primus
466 4213 503 4255 ex
512 4195 665 4274 theologis
678 4196 777 4257 Moses
790 4195 872 4254 inter
886 4211 1000 4254 areana
1012 4199 1100 4255 retc-
1148 4194 1297 4271 gitudinc,
1309 4198 1340 4255 et
1353 4191 1585 4271 pulchritudine
1592 4197 1807 4253 ereaturarum
1816 4211 1919 4273 aspec-

334 4285 421 4346 ribus
448 4285 587 4347 Hehraeis
618 4286 755 4362 tradidit,
786 4286 913 4346 dicens:
947 4283 1101 4366 Interropu
1148 4284 1340 4345 tabiliumad
1354 4284 1497 4345 omnium
1510 4283 1922 4366 effectorisDeioontempla·

333 4385 452 4457 putrem
467 4385 561 4453 tuum,
573 4386 602 4438 et
614 4375 805 4438 annuntiabit
816 4376 1025 4445 trituratores
1037 4385 1103 4438 tuos
1148 4376 1266 4437 tionem
1277 4377 1424 4452 evehunt,
1441 4374 1706 4456 quemadmodum
1719 4376 1808 4438 docet
1818 4376 1919 4457 Apos-

334 4477 361 4531 et
381 4467 476 4531 debuit
497 4468 572 4530 tibi:
603 4468 723 4545 Quando
749 4468 906 4550 amonebat
931 4468 1102 4531 attissimus
1148 4468 1251 4530 tolus:
1272 4467 1456 4543 Irrcisibiiia,
1477 4465 1611 4546 inquit‘,
1637 4467 1758 4546 ipsicsu
1772 4470 1921 4532 creatione

335 4568 442 4643 pentes,
455 4568 538 4623 etc.»
556 4560 673 4635 Qtribrrs
686 4562 721 4621 in
738 4560 842 4622 verbis
853 4560 1101 4622 blosisAltissimi
1147 4558 1263 4634 mundi,
1276 4579 1330 4642 per
1341 4579 1384 4634 eu,
1400 4578 1467 4641 pute
1485 4559 1569 4638 foetu
1583 4565 1661 4637 eunt,
1679 4559 1835 4637 intellecto,
1851 4580 1920 4622 eon·

372 4749 393 4788 α
411 4733 510 4789 Enseu.
522 4732 567 4789 lv.
582 4730 619 4787 de
628 4735 708 4786 Dein.
724 4746 783 4802 cup.
800 4746 837 4786 vt.
852 4729 943 4784 Εἰκότα
953 4733 1012 4804 γοῦν
1023 4729 1103 4801 ἑαυτῷ
1154 4728 1218 4782 tots
1231 4748 1267 4792 τε,
1286 4729 1326 4782 καί
1349 4728 1511 4801 θπερουρίνια
1532 4727 1668 4799 πνεύματα,
1693 4728 1732 4782 ναί
1753 4727 1800 4801 μὴν
1815 4731 1856 4783 καὶ
1870 4736 1921 4784 τῶν

336 4821 414 4871 ποιῶν
433 4815 607 4886 θποινάγαθος,
633 4815 672 4866 καί
690 4813 857 4885 παμθαοιλεθς
870 4811 942 4875 αὐτὸς
961 4813 976 4865 θ
996 4812 1102 4885 ὕψιστος,
1154 4809 1193 4865 lut
1214 4817 1260 4884 γῆς
1272 4811 1316 4873 τὰς
1338 4809 1362 4865 ἓν
1384 4810 1519 4883 ἀνθρώποις
1529 4810 1650 4882 θεοφιλεῖς
1671 4809 1750 4883 ψυχὰς
1770 4811 1921 4885 ἀρωριοάτο,

336 4901 377 4952 καί
393 4899 444 4960 θεθς
465 4903 514 4951 τῶν
530 4898 605 4959 θλων,
616 4896 650 4958 ὡς
670 4898 698 4949 ἂν
714 4895 746 4968 μὴ
762 4897 875 4968 ἄναρχοι,
890 4896 930 4949 καί
945 4894 1105 4963 ὰνεπιστάτη-
1159 4893 1253 4959 ’lesbi
1265 4895 1306 4948 καὶ
1325 4894 1417 4967 ίοραὴλ
1442 4890 1566 4966 Ἐθραίων
1586 4895 1740 4965 προσηγορίᾳ
1762 4890 1923 4967 ἐπικαλουμέ-

337 5002 386 5046 τοι,
402 4981 547 5053 θρεμμάτων
561 4975 629 5047 δίκην
644 4978 751 5051 ἀλόγων,
765 4972 813 5032 εἶεν
826 4978 849 5032 oi
865 4976 903 5032 irai
916 4981 960 5050 γῆς
971 4978 1102 5050 ἅνθρωποι,
1154 4996 1205 5040 νας.
1228 4981 1301 5031 τοῦτο
1323 4976 1462 5049 μυστηρίων
1484 4975 1513 5029 τὸ
1538 4976 1652 5047 μέγιστον
1680 4982 1778 5049 πρῶτος
1799 4976 1922 5050 θεολόγων

336 5066 476 5138 προστάτας
489 5063 581 5129 αὐτῶν,
595 5063 634 5116 καί
657 5060 804 5134 ἐπιμελητὰς
823 5062 906 5133 ὥσπερ
921 5060 987 5123 τινας
1001 5060 1105 5133 apstip—
1153 5060 1263 5127 Μωυσῆς
1277 5059 1301 5114 ἐν
1317 5058 1465 5131 θπορῤητοῖς
1483 5054 1613 5130 Ἐθραίους
1626 5058 1682 5120 το“υς
1695 5060 1771 5112 πάλαι
1785 5056 1924 5134 ἔμυσταγιθ·

337 5168 392 5222 χας,
404 5148 445 5199 καί
456 5147 583 5218 ποιμένας,
598 5145 673 5208 θείους
688 5144 806 5216 ἀγγέλους
819 5146 996 5211 κατεστήσατο,
1011 5143 1104 5215 προτί·
1153 5162 1201 5215 γει,
1213 5143 1302 5215 λέγων·
1325 5143 1501 5216 Ἐπερώτιγοον
1511 5140 1553 5195 aba
1563 5142 1656 5212 πατέρα
1669 5162 1723 5206 σου,
1738 5144 1779 5195 καὶ
1794 5141 1928 5216 ἀναγγελεῖ

336 5230 377 5293 ξας
389 5229 513 5293 ἁπάντων,
528 5229 629 5289 καὶτοῖς
637 5229 710 5280 πᾶσιν
725 5224 854 5295 ίπιστίοας
865 5226 907 5280 aba
924 5229 1053 5298 μονογενῆ,
1063 5225 1104 5278 καί
1153 5244 1203 5289 σοι,
1215 5224 1271 5287 robe
1282 5226 1459 5298 πρευθυτίρους
1468 5240 1524 5291 σου,
1546 5223 1586 5278 nai
1605 5221 1687 5296 ἔροθσί
1700 5244 1749 5279 σοι·
1764 5226 1805 5280 ὅτε
1819 5227 1923 5299 διεμέρι-

336 5314 493 5386 πρωτθτοκον
516 5309 589 5364 αὖτοῦ
616 5311 702 5383 λόγον.
726 5310 806 5379 τούτῳ
825 5308 851 5362 ot
868 5309 963 5380 λνιλίρον
984 5307 1104 5379 ἐξαίρετον
1153 5310 1193 5370 lav
1207 5308 1329 5380 θθίνιστος
1340 5308 1406 5377 ἔθνη,
1422 5310 1476 5363 eto.

337 5396 425 5456 αὖτολις
434 5394 563 5466 ἀγγέλους,
583 5394 623 5446 καὶ
638 5393 818 5466 ἂργαγγίλους,
839 5392 880 5444 καλ
900 5392 964 5453 θείας
980 5392 1102 5462 δυνάμεις,

364 5501 374 5543 l
389 5498 442 5542 vide
456 5509 476 5543 er
488 5497 552 5544 Hom.
563 5508 593 5541 ru
604 5497 627 5541 in
635 5496 737 5543 lun-i
748 5497 805 5551 lup.
818 5495 841 5539 in
854 5496 914 5541 Post.
927 5505 1019 5537 urrrrn
1031 5494 1094 5538 Τοιυ.
1106 5493 1172 5538 conc.
1183 5492 1235 5540 intr.
1244 5516 1272 5527 -
1282 5493 1297 5538 θ
1309 5492 1388 5537 lluseb.
1401 5491 1431 5549 ίΙν,
1443 5512 1471 5526 -
1483 5492 1496 5537 l
1509 5493 1569 5538 ίίοινι.
1579 5502 1596 5536 r.
