<?xml version="1.0" encoding="UTF-8"?>
<!DOCTYPE html PUBLIC "-//W3C//DTD XHTML 1.0 Transitional//EN"
    "http://www.w3.org/TR/xhtml1/DTD/xhtml1-transitional.dtd">
<html xmlns="http://www.w3.org/1999/xhtml" xml:lang="en" lang="en">
 <head>
  <title>
</title>
<meta http-equiv="Content-Type" content="text/html;charset=utf-8" />
  <meta name='ocr-system' content='tesseract 3.04.00' />
  <meta name='ocr-capabilities' content='ocr_page ocr_carea ocr_par ocr_line ocrx_word'/>
</head>
<body>
  <div class='ocr_page' id='page_1' title='image "./dogmatatheologi00goog_0191.png"; bbox 0 0 3934 6172; ppageno 0'>
   <div class='ocr_carea' id='block_1_1' title="bbox 341 357 400 418">
    <p class='ocr_par' dir='ltr' id='par_1_1' title="bbox 341 357 400 418">
     <span class='ocr_line' id='line_1_1' title="bbox 341 357 400 418; baseline -0.017 -1"><span class='ocrx_word' id='word_1_1' title='bbox 341 357 400 418; x_wconf 79' lang='grc' dir='ltr'>1·Ιὸ</span> 
     </span>
    </p>
   </div>
   <div class='ocr_carea' id='block_1_2' title="bbox 844 355 1413 420">
    <p class='ocr_par' dir='ltr' id='par_1_2' title="bbox 844 355 1413 420">
     <span class='ocr_line' id='line_1_2' title="bbox 844 355 1413 420; baseline 0.009 -5"><span class='ocrx_word' id='word_1_2' title='bbox 844 355 1170 418; x_wconf 72' lang='lat' dir='ltr'>&#39;fumiculuuuutt</span> <span class='ocrx_word' id='word_1_3' title='bbox 1195 356 1413 420; x_wconf 81' lang='lat' dir='ltr'>llOGblA&#39;l&#39;UM</span> 
     </span>
    </p>
   </div>
   <div class='ocr_carea' id='block_1_3' title="bbox 340 517 1893 698">
    <p class='ocr_par' dir='ltr' id='par_1_3' title="bbox 340 517 1893 698">
     <span class='ocr_line' id='line_1_3' title="bbox 340 517 1893 603; baseline 0.005 -24"><span class='ocrx_word' id='word_1_4' title='bbox 340 518 393 579; x_wconf 92' lang='lat' dir='ltr'>illa</span> <span class='ocrx_word' id='word_1_5' title='bbox 405 517 495 595; x_wconf 87' lang='lat' dir='ltr'>ratio,</span> <span class='ocrx_word' id='word_1_6' title='bbox 510 537 604 599; x_wconf 86' lang='lat' dir='ltr'>quam</span> <span class='ocrx_word' id='word_1_7' title='bbox 621 537 659 581; x_wconf 82' lang='lat' dir='ltr'>ex</span> <span class='ocrx_word' id='word_1_8' title='bbox 680 518 1054 599; x_wconf 80' lang='lat' dir='ltr'>Ambrosiocolligimus¹,</span> <span class='ocrx_word' id='word_1_9' title='bbox 1069 526 1105 582; x_wconf 91' lang='lat' dir='ltr'>ut</span> <span class='ocrx_word' id='word_1_10' title='bbox 1154 522 1214 584; x_wconf 90' lang='lat' dir='ltr'>boc</span> <span class='ocrx_word' id='word_1_11' title='bbox 1224 522 1365 585; x_wconf 89' lang='lat' dir='ltr'>ethnicus</span> <span class='ocrx_word' id='word_1_12' title='bbox 1388 521 1520 602; x_wconf 78' lang='lat' dir='ltr'>scriptor</span> <span class='ocrx_word' id='word_1_13' title='bbox 1540 522 1682 584; x_wconf 79' lang='lat' dir='ltr'>unanimi</span> <span class='ocrx_word' id='word_1_14' title='bbox 1705 522 1808 603; x_wconf 86' lang='lat' dir='ltr'>judicii</span> <span class='ocrx_word' id='word_1_15' title='bbox 1830 526 1893 587; x_wconf 87' lang='lat' dir='ltr'>lon·</span> 
     </span>
     <span class='ocr_line' id='line_1_4' title="bbox 340 611 1892 698; baseline 0.003 -27"><span class='ocrx_word' id='word_1_16' title='bbox 340 611 441 672; x_wconf 89' lang='lat' dir='ltr'>dicere</span> <span class='ocrx_word' id='word_1_17' title='bbox 461 611 543 672; x_wconf 88' lang='lat' dir='ltr'>idem</span> <span class='ocrx_word' id='word_1_18' title='bbox 566 611 616 688; x_wconf 93' lang='lat' dir='ltr'>sit,</span> <span class='ocrx_word' id='word_1_19' title='bbox 640 629 676 672; x_wconf 93' lang='lat' dir='ltr'>ac</span> <span class='ocrx_word' id='word_1_20' title='bbox 694 611 796 692; x_wconf 89' lang='lat' dir='ltr'>reipsa</span> <span class='ocrx_word' id='word_1_21' title='bbox 821 611 947 673; x_wconf 88' lang='lat' dir='ltr'>iacere:</span> <span class='ocrx_word' id='word_1_22' title='bbox 979 613 1107 674; x_wconf 75' lang='lat' dir='ltr'>«Plena</span> <span class='ocrx_word' id='word_1_23' title='bbox 1154 615 1247 693; x_wconf 88' lang='lat' dir='ltr'>ginus</span> <span class='ocrx_word' id='word_1_24' title='bbox 1266 615 1300 676; x_wconf 90' lang='lat' dir='ltr'>iu</span> <span class='ocrx_word' id='word_1_25' title='bbox 1313 614 1556 695; x_wconf 64' lang='lat' dir='ltr'>libronptpon,</span> <span class='ocrx_word' id='word_1_26' title='bbox 1575 613 1607 676; x_wconf 90' lang='lat' dir='ltr'>id</span> <span class='ocrx_word' id='word_1_27' title='bbox 1621 616 1715 677; x_wconf 89' lang='lat' dir='ltr'>estde</span> <span class='ocrx_word' id='word_1_28' title='bbox 1733 614 1892 698; x_wconf 74' lang='grc'><strong>6661161166-</strong></span> 
     </span>
    </p>
   </div>
   <div class='ocr_carea' id='block_1_4' title="bbox 335 702 1108 3993">
    <p class='ocr_par' dir='ltr' id='par_1_4' title="bbox 337 702 1108 1885">
     <span class='ocr_line' id='line_1_5' title="bbox 339 702 1107 784; baseline 0.001 -20"><span class='ocrx_word' id='word_1_29' title='bbox 339 720 401 764; x_wconf 84' lang='lat' dir='ltr'>vox</span> <span class='ocrx_word' id='word_1_30' title='bbox 414 702 552 771; x_wconf 88' lang='lat' dir='ltr'>luminis,</span> <span class='ocrx_word' id='word_1_31' title='bbox 576 702 688 782; x_wconf 89' lang='lat' dir='ltr'>inquit,</span> <span class='ocrx_word' id='word_1_32' title='bbox 703 721 768 764; x_wconf 89' lang='lat' dir='ltr'>non</span> <span class='ocrx_word' id='word_1_33' title='bbox 791 703 997 782; x_wconf 79' lang='lat' dir='ltr'>dispositionis</span> <span class='ocrx_word' id='word_1_34' title='bbox 1010 722 1107 784; x_wconf 87' lang='lat' dir='ltr'>appa-</span> 
     </span>
     <span class='ocr_line' id='line_1_6' title="bbox 340 794 1107 876; baseline 0.005 -22"><span class='ocrx_word' id='word_1_35' title='bbox 340 800 444 855; x_wconf 90' lang='lat' dir='ltr'>ratum</span> <span class='ocrx_word' id='word_1_36' title='bbox 466 794 627 874; x_wconf 91' lang='lat' dir='ltr'>significat,</span> <span class='ocrx_word' id='word_1_37' title='bbox 650 795 704 857; x_wconf 88' lang='lat' dir='ltr'>sed</span> <span class='ocrx_word' id='word_1_38' title='bbox 723 794 910 874; x_wconf 82' lang='lat' dir='ltr'>operationis</span> <span class='ocrx_word' id='word_1_39' title='bbox 931 795 1107 876; x_wconf 79' lang='lat' dir='ltr'>resplendet</span> 
     </span>
     <span class='ocr_line' id='line_1_7' title="bbox 340 885 1107 966; baseline 0.003 -19"><span class='ocrx_word' id='word_1_40' title='bbox 340 885 462 948; x_wconf 84' lang='lat' dir='ltr'>ellectu.</span> <span class='ocrx_word' id='word_1_41' title='bbox 482 886 606 948; x_wconf 77' lang='lat' dir='ltr'>Nature</span> <span class='ocrx_word' id='word_1_42' title='bbox 626 886 729 966; x_wconf 80' lang='lat' dir='ltr'>opiter</span> <span class='ocrx_word' id='word_1_43' title='bbox 741 887 843 948; x_wconf 89' lang='lat' dir='ltr'>lucem</span> <span class='ocrx_word' id='word_1_44' title='bbox 865 886 986 948; x_wconf 89' lang='lat' dir='ltr'>locutus</span> <span class='ocrx_word' id='word_1_45' title='bbox 1006 892 1063 965; x_wconf 88' lang='lat' dir='ltr'>est,</span> <span class='ocrx_word' id='word_1_46' title='bbox 1076 893 1107 949; x_wconf 92' lang='lat' dir='ltr'>et</span> 
     </span>
     <span class='ocr_line' id='line_1_8' title="bbox 340 977 1107 1059; baseline 0.001 -21"><span class='ocrx_word' id='word_1_47' title='bbox 340 978 464 1039; x_wconf 86' lang='lat' dir='ltr'>creavit.</span> <span class='ocrx_word' id='word_1_48' title='bbox 493 978 600 1040; x_wconf 87' lang='lat' dir='ltr'>Sermo</span> <span class='ocrx_word' id='word_1_49' title='bbox 623 978 681 1040; x_wconf 87' lang='lat' dir='ltr'>Dei</span> <span class='ocrx_word' id='word_1_50' title='bbox 701 978 844 1039; x_wconf 85' lang='lat' dir='ltr'>voluutas</span> <span class='ocrx_word' id='word_1_51' title='bbox 868 982 925 1055; x_wconf 88' lang='lat' dir='ltr'>est,</span> <span class='ocrx_word' id='word_1_52' title='bbox 949 996 1028 1059; x_wconf 89' lang='lat' dir='ltr'>opus</span> <span class='ocrx_word' id='word_1_53' title='bbox 1053 977 1107 1041; x_wconf 84' lang='lat' dir='ltr'>Dei</span> 
     </span>
     <span class='ocr_line' id='line_1_9' title="bbox 341 1070 1108 1150; baseline 0 -20"><span class='ocrx_word' id='word_1_54' title='bbox 341 1075 452 1131; x_wconf 81' lang='lat' dir='ltr'>natrrra</span> <span class='ocrx_word' id='word_1_55' title='bbox 466 1075 521 1146; x_wconf 85' lang='lat' dir='ltr'>est,</span> <span class='ocrx_word' id='word_1_56' title='bbox 536 1077 595 1131; x_wconf 88' lang='lat' dir='ltr'>etc.</span> <span class='ocrx_word' id='word_1_57' title='bbox 607 1070 677 1131; x_wconf 90' lang='lat' dir='ltr'>Non</span> <span class='ocrx_word' id='word_1_58' title='bbox 688 1070 757 1131; x_wconf 92' lang='grc'><strong>1666</strong></span> <span class='ocrx_word' id='word_1_59' title='bbox 771 1070 859 1147; x_wconf 82' lang='lat' dir='ltr'>dixit,</span> <span class='ocrx_word' id='word_1_60' title='bbox 875 1076 911 1133; x_wconf 91' lang='lat' dir='ltr'>ut</span> <span class='ocrx_word' id='word_1_61' title='bbox 926 1075 1108 1150; x_wconf 89' lang='lat' dir='ltr'>sequeretur</span> 
     </span>
     <span class='ocr_line' id='line_1_10' title="bbox 340 1161 1108 1243; baseline 0.003 -22"><span class='ocrx_word' id='word_1_62' title='bbox 340 1161 488 1241; x_wconf 89' lang='lat' dir='ltr'>operatio,</span> <span class='ocrx_word' id='word_1_63' title='bbox 514 1162 568 1223; x_wconf 89' lang='lat' dir='ltr'>sed</span> <span class='ocrx_word' id='word_1_64' title='bbox 581 1161 663 1223; x_wconf 92' lang='lat' dir='ltr'>dicto</span> <span class='ocrx_word' id='word_1_65' title='bbox 686 1161 817 1223; x_wconf 89' lang='lat' dir='ltr'>absolvit</span> <span class='ocrx_word' id='word_1_66' title='bbox 830 1162 1027 1243; x_wconf 80' lang='lat' dir='ltr'>negotium.»</span> <span class='ocrx_word' id='word_1_67' title='bbox 1050 1162 1108 1223; x_wconf 88' lang='lat' dir='ltr'>lta·</span> 
     </span>
     <span class='ocr_line' id='line_1_11' title="bbox 340 1253 1107 1334; baseline 0 -21"><span class='ocrx_word' id='word_1_68' title='bbox 340 1272 401 1334; x_wconf 90' lang='lat' dir='ltr'>que</span> <span class='ocrx_word' id='word_1_69' title='bbox 423 1253 561 1314; x_wconf 90' lang='lat' dir='ltr'>humano</span> <span class='ocrx_word' id='word_1_70' title='bbox 589 1270 687 1329; x_wconf 84' lang='lat' dir='ltr'>more,</span> <span class='ocrx_word' id='word_1_71' title='bbox 711 1271 806 1332; x_wconf 84' lang='lat' dir='ltr'>quem</span> <span class='ocrx_word' id='word_1_72' title='bbox 825 1261 857 1315; x_wconf 93' lang='lat' dir='ltr'>et</span> <span class='ocrx_word' id='word_1_73' title='bbox 878 1255 970 1316; x_wconf 88' lang='lat' dir='ltr'>rudes</span> <span class='ocrx_word' id='word_1_74' title='bbox 986 1253 1107 1334; x_wconf 78' lang='lat' dir='ltr'>assequi</span> 
     </span>
     <span class='ocr_line' id='line_1_12' title="bbox 340 1345 1107 1425; baseline 0.001 -19"><span class='ocrx_word' id='word_1_75' title='bbox 340 1351 476 1425; x_wconf 81' lang='lat' dir='ltr'>possent,</span> <span class='ocrx_word' id='word_1_76' title='bbox 494 1345 687 1406; x_wconf 87' lang='lat' dir='ltr'>molitionem</span> <span class='ocrx_word' id='word_1_77' title='bbox 706 1346 761 1407; x_wconf 82' lang='lat' dir='ltr'>Ilei</span> <span class='ocrx_word' id='word_1_78' title='bbox 775 1364 815 1407; x_wconf 83' lang='lat' dir='ltr'>ex</span> <span class='ocrx_word' id='word_1_79' title='bbox 831 1346 918 1407; x_wconf 90' lang='lat' dir='ltr'>omni</span> <span class='ocrx_word' id='word_1_80' title='bbox 937 1346 1107 1408; x_wconf 71' lang='lat' dir='ltr'>eternitate</span> 
     </span>
     <span class='ocr_line' id='line_1_13' title="bbox 339 1435 1107 1518; baseline 0.001 -21"><span class='ocrx_word' id='word_1_81' title='bbox 339 1435 464 1510; x_wconf 88' lang='lat' dir='ltr'>dictam,</span> <span class='ocrx_word' id='word_1_82' title='bbox 480 1436 581 1498; x_wconf 89' lang='lat' dir='ltr'>sedin</span> <span class='ocrx_word' id='word_1_83' title='bbox 598 1442 738 1517; x_wconf 86' lang='lat' dir='ltr'>tempore</span> <span class='ocrx_word' id='word_1_84' title='bbox 757 1438 952 1518; x_wconf 90' lang='lat' dir='ltr'>productam,</span> <span class='ocrx_word' id='word_1_85' title='bbox 976 1444 1007 1499; x_wconf 87' lang='grc'>61</span> <span class='ocrx_word' id='word_1_86' title='bbox 1019 1454 1107 1499; x_wconf 81' lang='lat' dir='ltr'>exer-</span> 
     </span>
     <span class='ocr_line' id='line_1_14' title="bbox 338 1528 1108 1610; baseline 0 -19"><span class='ocrx_word' id='word_1_87' title='bbox 338 1534 415 1607; x_wconf 88' lang='lat' dir='ltr'>tam,</span> <span class='ocrx_word' id='word_1_88' title='bbox 451 1528 551 1590; x_wconf 90' lang='lat' dir='ltr'>lorma</span> <span class='ocrx_word' id='word_1_89' title='bbox 583 1529 718 1609; x_wconf 89' lang='lat' dir='ltr'>quadam</span> <span class='ocrx_word' id='word_1_90' title='bbox 744 1530 924 1610; x_wconf 81' lang='lat' dir='ltr'>temporarii</span> <span class='ocrx_word' id='word_1_91' title='bbox 957 1530 1108 1591; x_wconf 90' lang='lat' dir='ltr'>sermonis</span> 
     </span>
     <span class='ocr_line' id='line_1_15' title="bbox 338 1620 1104 1701; baseline 0 -20"><span class='ocrx_word' id='word_1_92' title='bbox 338 1621 496 1701; x_wconf 80' lang='lat' dir='ltr'>expressit.</span> <span class='ocrx_word' id='word_1_93' title='bbox 516 1642 528 1677; x_wconf 80' lang='grc'>6</span> <span class='ocrx_word' id='word_1_94' title='bbox 541 1621 609 1682; x_wconf 90' lang='lat' dir='ltr'>Non</span> <span class='ocrx_word' id='word_1_95' title='bbox 621 1621 706 1682; x_wconf 87' lang='lat' dir='ltr'>enim</span> <span class='ocrx_word' id='word_1_96' title='bbox 719 1621 887 1701; x_wconf 87' lang='lat' dir='ltr'>loquendo,</span> <span class='ocrx_word' id='word_1_97' title='bbox 903 1620 957 1682; x_wconf 87' lang='lat' dir='ltr'>aad</span> <span class='ocrx_word' id='word_1_98' title='bbox 970 1621 1104 1691; x_wconf 89' lang='lat' dir='ltr'>sciendo,</span> 
     </span>
     <span class='ocr_line' id='line_1_16' title="bbox 337 1712 1107 1792; baseline 0.001 -19"><span class='ocrx_word' id='word_1_99' title='bbox 337 1718 369 1774; x_wconf 92' lang='lat' dir='ltr'>ct</span> <span class='ocrx_word' id='word_1_100' title='bbox 381 1713 525 1789; x_wconf 81' lang='lat' dir='ltr'>volendo,</span> <span class='ocrx_word' id='word_1_101' title='bbox 554 1717 667 1773; x_wconf 91' lang='lat' dir='ltr'>cuncta</span> <span class='ocrx_word' id='word_1_102' title='bbox 688 1718 835 1792; x_wconf 86' lang='lat' dir='ltr'>operatur</span> <span class='ocrx_word' id='word_1_103' title='bbox 857 1714 978 1787; x_wconf 67' lang='lat' dir='ltr'>Deus»</span> <span class='ocrx_word' id='word_1_104' title='bbox 1005 1718 1041 1773; x_wconf 90' lang='lat' dir='ltr'>ut</span> <span class='ocrx_word' id='word_1_105' title='bbox 1062 1712 1107 1774; x_wconf 91' lang='lat' dir='ltr'>ait</span> 
     </span>
     <span class='ocr_line' id='line_1_17' title="bbox 337 1803 1004 1885; baseline 0 -20"><span class='ocrx_word' id='word_1_106' title='bbox 337 1804 518 1880; x_wconf 88' lang='lat' dir='ltr'>Eusebius¹,</span> <span class='ocrx_word' id='word_1_107' title='bbox 534 1804 589 1885; x_wconf 91' lang='lat' dir='ltr'>qui</span> <span class='ocrx_word' id='word_1_108' title='bbox 603 1803 779 1866; x_wconf 88' lang='lat' dir='ltr'>Emisseuus</span> <span class='ocrx_word' id='word_1_109' title='bbox 791 1804 868 1866; x_wconf 85' lang='lat' dir='ltr'>islso</span> <span class='ocrx_word' id='word_1_110' title='bbox 879 1805 1004 1867; x_wconf 92' lang='lat' dir='ltr'>dicitur.</span> 
     </span>
    </p>

    <p class='ocr_par' dir='ltr' id='par_1_5' title="bbox 335 1896 1108 3993">
     <span class='ocr_line' id='line_1_18' title="bbox 377 1896 1105 1973; baseline 0.003 -19"><span class='ocrx_word' id='word_1_111' title='bbox 377 1897 415 1957; x_wconf 91' lang='lat' dir='ltr'>V.</span> <span class='ocrx_word' id='word_1_112' title='bbox 428 1896 517 1957; x_wconf 81' lang='lat' dir='ltr'>Valet</span> <span class='ocrx_word' id='word_1_113' title='bbox 530 1897 624 1957; x_wconf 87' lang='lat' dir='ltr'>etiam</span> <span class='ocrx_word' id='word_1_114' title='bbox 638 1896 677 1957; x_wconf 90' lang='lat' dir='ltr'>ad</span> <span class='ocrx_word' id='word_1_115' title='bbox 689 1896 887 1973; x_wconf 88' lang='lat' dir='ltr'>celeritatem,</span> <span class='ocrx_word' id='word_1_116' title='bbox 909 1896 1105 1957; x_wconf 83' lang='lat' dir='ltr'>facilitatem·</span> 
     </span>
     <span class='ocr_line' id='line_1_19' title="bbox 336 1986 1106 2068; baseline -0.003 -19"><span class='ocrx_word' id='word_1_117' title='bbox 336 2006 397 2068; x_wconf 90' lang='lat' dir='ltr'>que</span> <span class='ocrx_word' id='word_1_118' title='bbox 415 1987 516 2068; x_wconf 91' lang='lat' dir='ltr'>operis</span> <span class='ocrx_word' id='word_1_119' title='bbox 534 1986 732 2050; x_wconf 76' lang='lat' dir='ltr'>indicandam</span> <span class='ocrx_word' id='word_1_120' title='bbox 744 1987 829 2049; x_wconf 84' lang='lat' dir='ltr'>vocis</span> <span class='ocrx_word' id='word_1_121' title='bbox 848 1987 902 2049; x_wconf 91' lang='lat' dir='ltr'>illa</span> <span class='ocrx_word' id='word_1_122' title='bbox 919 1988 1047 2061; x_wconf 89' lang='lat' dir='ltr'>mentio,</span> <span class='ocrx_word' id='word_1_123' title='bbox 1069 1991 1106 2047; x_wconf 91' lang='lat' dir='ltr'>ut</span> 
     </span>
     <span class='ocr_line' id='line_1_20' title="bbox 336 2078 1105 2155; baseline -0.001 -15"><span class='ocrx_word' id='word_1_124' title='bbox 336 2078 465 2141; x_wconf 76' lang='lat' dir='ltr'>Albinus</span> <span class='ocrx_word' id='word_1_125' title='bbox 490 2079 635 2155; x_wconf 88' lang='lat' dir='ltr'>Flaccus;</span> <span class='ocrx_word' id='word_1_126' title='bbox 664 2083 695 2139; x_wconf 88' lang='lat' dir='ltr'>et</span> <span class='ocrx_word' id='word_1_127' title='bbox 716 2078 805 2140; x_wconf 87' lang='lat' dir='ltr'>Aban</span> <span class='ocrx_word' id='word_1_128' title='bbox 833 2079 931 2141; x_wconf 78' lang='lat' dir='ltr'>liezca</span> <span class='ocrx_word' id='word_1_129' title='bbox 951 2078 992 2141; x_wconf 88' lang='lat' dir='ltr'>ad</span> <span class='ocrx_word' id='word_1_130' title='bbox 1013 2078 1105 2140; x_wconf 91' lang='lat' dir='ltr'>illum</span> 
     </span>
     <span class='ocr_line' id='line_1_21' title="bbox 335 2169 1106 2247; baseline 0 -15"><span class='ocrx_word' id='word_1_131' title='bbox 335 2171 420 2232; x_wconf 91' lang='lat' dir='ltr'>locus</span> <span class='ocrx_word' id='word_1_132' title='bbox 442 2171 600 2232; x_wconf 84' lang='lat' dir='ltr'>adnotant.</span> <span class='ocrx_word' id='word_1_133' title='bbox 625 2169 760 2241; x_wconf 85' lang='lat' dir='ltr'>Junilius</span> <span class='ocrx_word' id='word_1_134' title='bbox 781 2169 953 2247; x_wconf 86' lang='lat' dir='ltr'>Africanus,</span> <span class='ocrx_word' id='word_1_135' title='bbox 978 2171 1106 2232; x_wconf 79' lang='lat' dir='ltr'>«Tanta</span> 
     </span>
     <span class='ocr_line' id='line_1_22' title="bbox 336 2262 1106 2343; baseline 0 -18"><span class='ocrx_word' id='word_1_136' title='bbox 336 2262 490 2325; x_wconf 88' lang='lat' dir='ltr'>celeritate</span> <span class='ocrx_word' id='word_1_137' title='bbox 534 2262 721 2342; x_wconf 86' lang='lat' dir='ltr'>operationis</span> <span class='ocrx_word' id='word_1_138' title='bbox 759 2262 1005 2343; x_wconf 85' lang='lat' dir='ltr'>omnipotentem</span> <span class='ocrx_word' id='word_1_139' title='bbox 1041 2280 1106 2325; x_wconf 89' lang='lat' dir='ltr'>asse</span> 
     </span>
     <span class='ocr_line' id='line_1_23' title="bbox 336 2354 1105 2431; baseline -0.003 -14"><span class='ocrx_word' id='word_1_140' title='bbox 336 2354 481 2431; x_wconf 83' lang='lat' dir='ltr'>declarat,</span> <span class='ocrx_word' id='word_1_141' title='bbox 500 2354 550 2416; x_wconf 90' lang='lat' dir='ltr'>cui</span> <span class='ocrx_word' id='word_1_142' title='bbox 572 2354 718 2431; x_wconf 82' lang='lat' dir='ltr'>voluisse,</span> <span class='ocrx_word' id='word_1_143' title='bbox 739 2370 855 2416; x_wconf 82' lang='lat' dir='ltr'>creasse</span> <span class='ocrx_word' id='word_1_144' title='bbox 872 2359 929 2417; x_wconf 87' lang='lat' dir='ltr'>est.</span> <span class='ocrx_word' id='word_1_145' title='bbox 946 2356 1026 2416; x_wconf 88' lang='lat' dir='ltr'>Nam</span> <span class='ocrx_word' id='word_1_146' title='bbox 1045 2355 1105 2416; x_wconf 93' lang='lat' dir='ltr'>hu·</span> 
     </span>
     <span class='ocr_line' id='line_1_24' title="bbox 336 2446 1107 2528; baseline 0 -20"><span class='ocrx_word' id='word_1_147' title='bbox 336 2465 430 2508; x_wconf 90' lang='lat' dir='ltr'>mana</span> <span class='ocrx_word' id='word_1_148' title='bbox 448 2447 596 2526; x_wconf 75' lang='lat' dir='ltr'>fragilitas</span> <span class='ocrx_word' id='word_1_149' title='bbox 617 2464 690 2508; x_wconf 91' lang='lat' dir='ltr'>cum</span> <span class='ocrx_word' id='word_1_150' title='bbox 705 2446 822 2528; x_wconf 89' lang='lat' dir='ltr'>aliquid</span> <span class='ocrx_word' id='word_1_151' title='bbox 841 2453 998 2528; x_wconf 87' lang='lat' dir='ltr'>operatur,</span> <span class='ocrx_word' id='word_1_152' title='bbox 1020 2446 1107 2510; x_wconf 90' lang='lat' dir='ltr'>verbi</span> 
     </span>
     <span class='ocr_line' id='line_1_25' title="bbox 336 2538 1108 2620; baseline 0.003 -20"><span class='ocrx_word' id='word_1_153' title='bbox 336 2539 445 2619; x_wconf 88' lang='lat' dir='ltr'>gratia,</span> <span class='ocrx_word' id='word_1_154' title='bbox 462 2539 592 2601; x_wconf 89' lang='lat' dir='ltr'>domurn</span> <span class='ocrx_word' id='word_1_155' title='bbox 606 2538 804 2607; x_wconf 80' lang='lat' dir='ltr'>edificemus,</span> <span class='ocrx_word' id='word_1_156' title='bbox 821 2539 856 2600; x_wconf 92' lang='lat' dir='ltr'>iu</span> <span class='ocrx_word' id='word_1_157' title='bbox 869 2539 1023 2620; x_wconf 84' lang='lat' dir='ltr'>principio</span> <span class='ocrx_word' id='word_1_158' title='bbox 1035 2557 1108 2620; x_wconf 90' lang='lat' dir='ltr'>ope·</span> 
     </span>
     <span class='ocr_line' id='line_1_26' title="bbox 337 2631 1106 2711; baseline -0.001 -18"><span class='ocrx_word' id='word_1_159' title='bbox 337 2631 380 2693; x_wconf 88' lang='lat' dir='ltr'>ris</span> <span class='ocrx_word' id='word_1_160' title='bbox 393 2631 558 2692; x_wconf 87' lang='lat' dir='ltr'>materiam</span> <span class='ocrx_word' id='word_1_161' title='bbox 571 2648 798 2710; x_wconf 74' lang='lat' dir='ltr'>preparemus3</span> <span class='ocrx_word' id='word_1_162' title='bbox 821 2637 852 2692; x_wconf 91' lang='lat' dir='ltr'>et</span> <span class='ocrx_word' id='word_1_163' title='bbox 866 2638 936 2711; x_wconf 91' lang='lat' dir='ltr'>post</span> <span class='ocrx_word' id='word_1_164' title='bbox 946 2631 1006 2692; x_wconf 93' lang='lat' dir='ltr'>boc</span> <span class='ocrx_word' id='word_1_165' title='bbox 1019 2632 1106 2711; x_wconf 91' lang='lat' dir='ltr'>prin·</span> 
     </span>
     <span class='ocr_line' id='line_1_27' title="bbox 337 2721 1106 2803; baseline 0 -20"><span class='ocrx_word' id='word_1_166' title='bbox 337 2722 455 2803; x_wconf 91' lang='lat' dir='ltr'>cipium</span> <span class='ocrx_word' id='word_1_167' title='bbox 472 2721 609 2784; x_wconf 88' lang='lat' dir='ltr'>indimus</span> <span class='ocrx_word' id='word_1_168' title='bbox 631 2722 665 2781; x_wconf 92' lang='lat' dir='ltr'>in</span> <span class='ocrx_word' id='word_1_169' title='bbox 688 2722 799 2797; x_wconf 90' lang='lat' dir='ltr'>altum,</span> <span class='ocrx_word' id='word_1_170' title='bbox 820 2723 933 2784; x_wconf 88' lang='lat' dir='ltr'>deinde</span> <span class='ocrx_word' id='word_1_171' title='bbox 951 2723 1106 2784; x_wconf 88' lang='lat' dir='ltr'>mittimus</span> 
     </span>
     <span class='ocr_line' id='line_1_28' title="bbox 336 2813 1108 2896; baseline 0 -20"><span class='ocrx_word' id='word_1_172' title='bbox 336 2815 452 2896; x_wconf 89' lang='lat' dir='ltr'>lapides</span> <span class='ocrx_word' id='word_1_173' title='bbox 480 2813 514 2874; x_wconf 92' lang='lat' dir='ltr'>in</span> <span class='ocrx_word' id='word_1_174' title='bbox 555 2813 810 2890; x_wconf 82' lang='lat' dir='ltr'>bradementum3</span> <span class='ocrx_word' id='word_1_175' title='bbox 848 2813 959 2876; x_wconf 89' lang='lat' dir='ltr'>deinde</span> <span class='ocrx_word' id='word_1_176' title='bbox 992 2815 1108 2894; x_wconf 84' lang='lat' dir='ltr'>pariter</span> 
     </span>
     <span class='ocr_line' id='line_1_29' title="bbox 336 2905 1104 2987; baseline 0 -19"><span class='ocrx_word' id='word_1_177' title='bbox 336 2905 570 2987; x_wconf 79' lang='lat' dir='ltr'>augescentibus</span> <span class='ocrx_word' id='word_1_178' title='bbox 583 2905 723 2986; x_wconf 89' lang='lat' dir='ltr'>lapidum</span> <span class='ocrx_word' id='word_1_179' title='bbox 735 2906 895 2968; x_wconf 86' lang='lat' dir='ltr'>ordinibus</span> <span class='ocrx_word' id='word_1_180' title='bbox 904 2906 1104 2987; x_wconf 81' lang='lat' dir='ltr'>adpouimus3</span> 
     </span>
     <span class='ocr_line' id='line_1_30' title="bbox 336 2994 1106 3076; baseline -0.001 -19"><span class='ocrx_word' id='word_1_181' title='bbox 336 2997 442 3076; x_wconf 89' lang='lat' dir='ltr'>sicque</span> <span class='ocrx_word' id='word_1_182' title='bbox 455 2994 608 3076; x_wconf 90' lang='lat' dir='ltr'>paulatim</span> <span class='ocrx_word' id='word_1_183' title='bbox 621 2995 661 3057; x_wconf 90' lang='lat' dir='ltr'>ad</span> <span class='ocrx_word' id='word_1_184' title='bbox 681 2995 903 3076; x_wconf 85' lang='lat' dir='ltr'>perlectionem</span> <span class='ocrx_word' id='word_1_185' title='bbox 925 2994 1106 3075; x_wconf 90' lang='lat' dir='ltr'>operispro·</span> 
     </span>
     <span class='ocr_line' id='line_1_31' title="bbox 336 3086 1104 3168; baseline 0 -20"><span class='ocrx_word' id='word_1_186' title='bbox 336 3088 429 3166; x_wconf 91' lang='lat' dir='ltr'>positi</span> <span class='ocrx_word' id='word_1_187' title='bbox 443 3086 630 3167; x_wconf 88' lang='lat' dir='ltr'>perficiendo</span> <span class='ocrx_word' id='word_1_188' title='bbox 650 3089 860 3168; x_wconf 87' lang='lat' dir='ltr'>pervenimus.</span> <span class='ocrx_word' id='word_1_189' title='bbox 887 3088 968 3149; x_wconf 85' lang='lat' dir='ltr'>Deus</span> <span class='ocrx_word' id='word_1_190' title='bbox 987 3093 1104 3163; x_wconf 90' lang='lat' dir='ltr'>autem,</span> 
     </span>
     <span class='ocr_line' id='line_1_32' title="bbox 337 3178 1105 3259; baseline 0 -20"><span class='ocrx_word' id='word_1_191' title='bbox 337 3179 424 3258; x_wconf 86' lang='lat' dir='ltr'>cujus</span> <span class='ocrx_word' id='word_1_192' title='bbox 438 3195 549 3239; x_wconf 85' lang='lat' dir='ltr'>manns</span> <span class='ocrx_word' id='word_1_193' title='bbox 567 3178 765 3259; x_wconf 90' lang='lat' dir='ltr'>omnipotens</span> <span class='ocrx_word' id='word_1_194' title='bbox 787 3184 843 3257; x_wconf 91' lang='lat' dir='ltr'>est,</span> <span class='ocrx_word' id='word_1_195' title='bbox 858 3178 899 3239; x_wconf 93' lang='lat' dir='ltr'>ad</span> <span class='ocrx_word' id='word_1_196' title='bbox 917 3178 1105 3258; x_wconf 85' lang='lat' dir='ltr'>explendum</span> 
     </span>
     <span class='ocr_line' id='line_1_33' title="bbox 336 3270 1106 3352; baseline 0.001 -21"><span class='ocrx_word' id='word_1_197' title='bbox 336 3287 414 3351; x_wconf 87' lang='lat' dir='ltr'>opus</span> <span class='ocrx_word' id='word_1_198' title='bbox 432 3288 524 3331; x_wconf 89' lang='lat' dir='ltr'>suum</span> <span class='ocrx_word' id='word_1_199' title='bbox 543 3288 609 3331; x_wconf 93' lang='lat' dir='ltr'>non</span> <span class='ocrx_word' id='word_1_200' title='bbox 631 3272 717 3350; x_wconf 85' lang='lat' dir='ltr'>eguit</span> <span class='ocrx_word' id='word_1_201' title='bbox 738 3289 827 3332; x_wconf 90' lang='lat' dir='ltr'>mora</span> <span class='ocrx_word' id='word_1_202' title='bbox 849 3270 1015 3352; x_wconf 88' lang='lat' dir='ltr'>temporis;</span> <span class='ocrx_word' id='word_1_203' title='bbox 1034 3270 1106 3351; x_wconf 89' lang='lat' dir='ltr'>quia</span> 
     </span>
     <span class='ocr_line' id='line_1_34' title="bbox 336 3361 1104 3444; baseline 0 -21"><span class='ocrx_word' id='word_1_204' title='bbox 336 3362 546 3442; x_wconf 86' lang='lat' dir='ltr'>scriptumest</span> <span class='ocrx_word' id='word_1_205' title='bbox 562 3381 569 3423; x_wconf 75' lang='grc' dir='ltr'><strong>ε</strong></span> <span class='ocrx_word' id='word_1_206' title='bbox 588 3361 696 3424; x_wconf 82' lang='lat' dir='ltr'>Otuniu</span> <span class='ocrx_word' id='word_1_207' title='bbox 708 3380 896 3444; x_wconf 82' lang='lat' dir='ltr'>quecumque</span> <span class='ocrx_word' id='word_1_208' title='bbox 915 3361 1006 3423; x_wconf 87' lang='lat' dir='ltr'>uoluit</span> <span class='ocrx_word' id='word_1_209' title='bbox 1017 3362 1104 3443; x_wconf 76' lang='lat' dir='ltr'>feeit.</span> 
     </span>
     <span class='ocr_line' id='line_1_35' title="bbox 336 3453 1107 3534; baseline 0 -20"><span class='ocrx_word' id='word_1_210' title='bbox 336 3456 427 3529; x_wconf 85' lang='lat' dir='ltr'>Tum,</span> <span class='ocrx_word' id='word_1_211' title='bbox 442 3459 478 3515; x_wconf 90' lang='lat' dir='ltr'>ut</span> <span class='ocrx_word' id='word_1_212' title='bbox 490 3453 622 3534; x_wconf 74' lang='lat' dir='ltr'>(tyrillus</span> <span class='ocrx_word' id='word_1_213' title='bbox 635 3454 715 3515; x_wconf 91' lang='lat' dir='ltr'>libro</span> <span class='ocrx_word' id='word_1_214' title='bbox 729 3455 864 3517; x_wconf 86' lang='lat' dir='ltr'>secundo</span> <span class='ocrx_word' id='word_1_215' title='bbox 882 3461 987 3516; x_wconf 85' lang='lat' dir='ltr'>contra</span> <span class='ocrx_word' id='word_1_216' title='bbox 1006 3453 1107 3515; x_wconf 80' lang='lat' dir='ltr'>Juliu-</span> 
     </span>
     <span class='ocr_line' id='line_1_36' title="bbox 337 3546 1107 3628; baseline 0 -21"><span class='ocrx_word' id='word_1_217' title='bbox 337 3565 408 3607; x_wconf 88' lang='lat' dir='ltr'>num</span> <span class='ocrx_word' id='word_1_218' title='bbox 419 3546 504 3621; x_wconf 88' lang='lat' dir='ltr'>dicit,</span> <span class='ocrx_word' id='word_1_219' title='bbox 519 3547 600 3607; x_wconf 88' lang='lat' dir='ltr'>Deus</span> <span class='ocrx_word' id='word_1_220' title='bbox 608 3546 667 3607; x_wconf 91' lang='lat' dir='ltr'>boc</span> <span class='ocrx_word' id='word_1_221' title='bbox 676 3548 769 3607; x_wconf 91' lang='lat' dir='ltr'>modo</span> <span class='ocrx_word' id='word_1_222' title='bbox 782 3554 881 3628; x_wconf 68' lang='grc' dir='ltr'>ὁριοτής</span> <span class='ocrx_word' id='word_1_223' title='bbox 895 3558 939 3624; x_wconf 76' lang='grc' dir='ltr'>τῆς</span> <span class='ocrx_word' id='word_1_224' title='bbox 954 3554 1047 3627; x_wconf 66' lang='grc' dir='ltr'>φύσεως</span> <span class='ocrx_word' id='word_1_225' title='bbox 1060 3564 1107 3607; x_wconf 88' lang='lat' dir='ltr'>os-</span> 
     </span>
     <span class='ocr_line' id='line_1_37' title="bbox 336 3637 1107 3715; baseline 0.001 -17"><span class='ocrx_word' id='word_1_226' title='bbox 336 3637 493 3703; x_wconf 84' lang='lat' dir='ltr'>tenditur.</span> <span class='ocrx_word' id='word_1_227' title='bbox 519 3638 550 3699; x_wconf 92' lang='lat' dir='ltr'>id</span> <span class='ocrx_word' id='word_1_228' title='bbox 568 3643 614 3699; x_wconf 89' lang='lat' dir='ltr'>est</span> <span class='ocrx_word' id='word_1_229' title='bbox 637 3643 756 3701; x_wconf 79' lang='lat' dir='ltr'>nature</span> <span class='ocrx_word' id='word_1_230' title='bbox 775 3637 930 3715; x_wconf 76' lang='lat' dir='ltr'>definitor,</span> <span class='ocrx_word' id='word_1_231' title='bbox 957 3645 992 3699; x_wconf 94' lang='lat' dir='ltr'>ut</span> <span class='ocrx_word' id='word_1_232' title='bbox 1018 3638 1057 3699; x_wconf 89' lang='lat' dir='ltr'>iis</span> <span class='ocrx_word' id='word_1_233' title='bbox 1070 3656 1107 3700; x_wconf 87' lang='grc'>66</span> 
     </span>
     <span class='ocr_line' id='line_1_38' title="bbox 336 3729 1107 3809; baseline 0.001 -20"><span class='ocrx_word' id='word_1_234' title='bbox 336 3729 451 3790; x_wconf 86' lang='lat' dir='ltr'>finibus</span> <span class='ocrx_word' id='word_1_235' title='bbox 463 3729 669 3806; x_wconf 89' lang='lat' dir='ltr'>contineatur,</span> <span class='ocrx_word' id='word_1_236' title='bbox 682 3747 760 3808; x_wconf 92' lang='lat' dir='ltr'>quos</span> <span class='ocrx_word' id='word_1_237' title='bbox 772 3729 824 3790; x_wconf 89' lang='lat' dir='ltr'>ille</span> <span class='ocrx_word' id='word_1_238' title='bbox 832 3736 984 3809; x_wconf 86' lang='lat' dir='ltr'>tanquam</span> <span class='ocrx_word' id='word_1_239' title='bbox 992 3730 1107 3791; x_wconf 88' lang='lat' dir='ltr'>arbiter</span> 
     </span>
     <span class='ocr_line' id='line_1_39' title="bbox 336 3821 1105 3902; baseline -0.003 -18"><span class='ocrx_word' id='word_1_240' title='bbox 336 3822 490 3884; x_wconf 88' lang='lat' dir='ltr'>sententia</span> <span class='ocrx_word' id='word_1_241' title='bbox 514 3840 571 3883; x_wconf 91' lang='lat' dir='ltr'>sua</span> <span class='ocrx_word' id='word_1_242' title='bbox 593 3822 796 3902; x_wconf 87' lang='lat' dir='ltr'>descripserit.</span> <span class='ocrx_word' id='word_1_243' title='bbox 811 3823 877 3883; x_wconf 86' lang='grc'><strong>1166</strong></span> <span class='ocrx_word' id='word_1_244' title='bbox 890 3821 974 3883; x_wconf 93' lang='lat' dir='ltr'>enim</span> <span class='ocrx_word' id='word_1_245' title='bbox 992 3822 1105 3883; x_wconf 91' lang='lat' dir='ltr'>huma·</span> 
     </span>
     <span class='ocr_line' id='line_1_40' title="bbox 336 3911 1107 3993; baseline -0.003 -18"><span class='ocrx_word' id='word_1_246' title='bbox 336 3915 385 3975; x_wconf 89' lang='lat' dir='ltr'>uis</span> <span class='ocrx_word' id='word_1_247' title='bbox 403 3914 436 3974; x_wconf 92' lang='lat' dir='ltr'>in</span> <span class='ocrx_word' id='word_1_248' title='bbox 459 3913 603 3993; x_wconf 88' lang='lat' dir='ltr'>negotiis,</span> <span class='ocrx_word' id='word_1_249' title='bbox 624 3931 660 3974; x_wconf 92' lang='lat' dir='ltr'>ac</span> <span class='ocrx_word' id='word_1_250' title='bbox 672 3912 778 3974; x_wconf 91' lang='lat' dir='ltr'>litibus</span> <span class='ocrx_word' id='word_1_251' title='bbox 791 3931 877 3991; x_wconf 84' lang='lat' dir='ltr'>vore,</span> <span class='ocrx_word' id='word_1_252' title='bbox 892 3911 1107 3974; x_wconf 87' lang='lat' dir='ltr'>acverborum</span> 
     </span>
    </p>
   </div>
   <div class='ocr_carea' id='block_1_5' title="bbox 235 4004 1106 4087">
    <p class='ocr_par' dir='ltr' id='par_1_6' title="bbox 235 4004 1106 4087">
     <span class='ocr_line' id='line_1_41' title="bbox 235 4004 1106 4087; baseline -0.006 -15"><span class='ocrx_word' id='word_1_253' title='bbox 235 4069 237 4072; x_wconf 11' lang='grc' dir='ltr'><em>Α</em></span> <span class='ocrx_word' id='word_1_254' title='bbox 335 4006 589 4087; x_wconf 85' lang='lat' dir='ltr'>pronuntiatione</span> <span class='ocrx_word' id='word_1_255' title='bbox 611 4005 658 4066; x_wconf 88' lang='grc'><strong>111.</strong></span> <span class='ocrx_word' id='word_1_256' title='bbox 683 4007 793 4082; x_wconf 81' lang='lat' dir='ltr'>Quare,</span> <span class='ocrx_word' id='word_1_257' title='bbox 820 4010 897 4086; x_wconf 90' lang='lat' dir='ltr'>quot</span> <span class='ocrx_word' id='word_1_258' title='bbox 917 4005 951 4066; x_wconf 92' lang='lat' dir='ltr'>in</span> <span class='ocrx_word' id='word_1_259' title='bbox 974 4004 1029 4067; x_wconf 88' lang='lat' dir='ltr'>illa</span> <span class='ocrx_word' id='word_1_260' title='bbox 1041 4005 1106 4067; x_wconf 90' lang='lat' dir='ltr'>die·</span> 
     </span>
    </p>
   </div>
   <div class='ocr_carea' id='block_1_6' title="bbox 335 4096 1105 4361">
    <p class='ocr_par' dir='ltr' id='par_1_7' title="bbox 335 4096 1105 4361">
     <span class='ocr_line' id='line_1_42' title="bbox 335 4096 1104 4175; baseline -0.004 -15"><span class='ocrx_word' id='word_1_261' title='bbox 335 4116 408 4160; x_wconf 91' lang='lat' dir='ltr'>rum</span> <span class='ocrx_word' id='word_1_262' title='bbox 428 4117 482 4160; x_wconf 80' lang='lat' dir='ltr'>sex</span> <span class='ocrx_word' id='word_1_263' title='bbox 502 4098 630 4159; x_wconf 90' lang='lat' dir='ltr'>historia</span> <span class='ocrx_word' id='word_1_264' title='bbox 647 4098 817 4160; x_wconf 90' lang='lat' dir='ltr'>locutiones</span> <span class='ocrx_word' id='word_1_265' title='bbox 837 4097 896 4160; x_wconf 92' lang='lat' dir='ltr'>Dei</span> <span class='ocrx_word' id='word_1_266' title='bbox 917 4096 1104 4175; x_wconf 84' lang='lat' dir='ltr'>referuntur,</span> 
     </span>
     <span class='ocr_line' id='line_1_43' title="bbox 336 4187 1104 4268; baseline 0 -18"><span class='ocrx_word' id='word_1_267' title='bbox 336 4189 466 4251; x_wconf 90' lang='lat' dir='ltr'>totidem</span> <span class='ocrx_word' id='word_1_268' title='bbox 490 4189 576 4252; x_wconf 83' lang='lat' dir='ltr'>velut</span> <span class='ocrx_word' id='word_1_269' title='bbox 607 4189 772 4252; x_wconf 86' lang='lat' dir='ltr'>interdicta</span> <span class='ocrx_word' id='word_1_270' title='bbox 799 4195 883 4268; x_wconf 89' lang='lat' dir='ltr'>sunt,</span> <span class='ocrx_word' id='word_1_271' title='bbox 912 4207 947 4249; x_wconf 88' lang='lat' dir='ltr'>ac</span> <span class='ocrx_word' id='word_1_272' title='bbox 971 4187 1104 4265; x_wconf 86' lang='lat' dir='ltr'>decreta,</span> 
     </span>
     <span class='ocr_line' id='line_1_44' title="bbox 337 4281 1105 4361; baseline 0.001 -20"><span class='ocrx_word' id='word_1_273' title='bbox 337 4281 449 4361; x_wconf 91' lang='lat' dir='ltr'>quibus</span> <span class='ocrx_word' id='word_1_274' title='bbox 473 4282 512 4342; x_wconf 88' lang='lat' dir='ltr'>ad</span> <span class='ocrx_word' id='word_1_275' title='bbox 536 4281 753 4343; x_wconf 90' lang='lat' dir='ltr'>stabiliendam</span> <span class='ocrx_word' id='word_1_276' title='bbox 778 4299 885 4343; x_wconf 90' lang='lat' dir='ltr'>rerum</span> <span class='ocrx_word' id='word_1_277' title='bbox 908 4281 1105 4342; x_wconf 86' lang='lat' dir='ltr'>concordiam</span> 
     </span>
    </p>
   </div>
   <div class='ocr_carea' id='block_1_7' title="bbox 1154 706 1947 2426">
    <p class='ocr_par' dir='ltr' id='par_1_8' title="bbox 1154 706 1947 2426">
     <span class='ocr_line' id='line_1_45' title="bbox 1155 706 1936 793; baseline 0.003 -26"><span class='ocrx_word' id='word_1_278' title='bbox 1155 724 1223 769; x_wconf 87' lang='lat' dir='ltr'>nere</span> <span class='ocrx_word' id='word_1_279' title='bbox 1255 706 1415 783; x_wconf 81' lang='lat' dir='ltr'>orationis;</span> <span class='ocrx_word' id='word_1_280' title='bbox 1445 711 1477 767; x_wconf 86' lang='lat' dir='ltr'>et</span> <span class='ocrx_word' id='word_1_281' title='bbox 1501 707 1684 769; x_wconf 84' lang='lat' dir='ltr'>ludaeorum</span> <span class='ocrx_word' id='word_1_282' title='bbox 1714 707 1893 787; x_wconf 86' lang='lat' dir='ltr'>legislatorem</span> <span class='ocrx_word' id='word_1_283' title='bbox 1917 763 1936 793; x_wconf 82' lang='lat' dir='ltr'>u</span> 
     </span>
     <span class='ocr_line' id='line_1_46' title="bbox 1155 797 1924 880; baseline 0.003 -20"><span class='ocrx_word' id='word_1_284' title='bbox 1155 797 1249 877; x_wconf 80' lang='lat' dir='ltr'>httjus</span> <span class='ocrx_word' id='word_1_285' title='bbox 1270 804 1429 860; x_wconf 87' lang='lat' dir='ltr'>auctorem</span> <span class='ocrx_word' id='word_1_286' title='bbox 1448 798 1586 861; x_wconf 74' lang='grc'><strong>1116166166</strong></span> <span class='ocrx_word' id='word_1_287' title='bbox 1608 816 1645 860; x_wconf 89' lang='grc'>66</span> <span class='ocrx_word' id='word_1_288' title='bbox 1662 799 1787 861; x_wconf 90' lang='lat' dir='ltr'>nomine</span> <span class='ocrx_word' id='word_1_289' title='bbox 1801 799 1893 880; x_wconf 77' lang='grc'><strong>66661-</strong></span> <span class='ocrx_word' id='word_1_290' title='bbox 1921 856 1924 863; x_wconf 93' lang='grc'><strong>,</strong></span> 
     </span>
     <span class='ocr_line' id='line_1_47' title="bbox 1156 869 1947 971; baseline 0 -20"><span class='ocrx_word' id='word_1_291' title='bbox 1156 895 1203 951; x_wconf 74' lang='lat' dir='ltr'>snt</span> <span class='ocrx_word' id='word_1_292' title='bbox 1218 910 1225 951; x_wconf 91' lang='lat'>:</span> <span class='ocrx_word' id='word_1_293' title='bbox 1243 892 1430 971; x_wconf 75' lang='lat' dir='ltr'>«Propterea</span> <span class='ocrx_word' id='word_1_294' title='bbox 1437 890 1621 952; x_wconf 75' lang='lat' dir='ltr'>ludaeorum</span> <span class='ocrx_word' id='word_1_295' title='bbox 1629 890 1791 970; x_wconf 86' lang='lat' dir='ltr'>legislator,</span> <span class='ocrx_word' id='word_1_296' title='bbox 1801 890 1893 971; x_wconf 86' lang='lat' dir='ltr'>inquit,</span> <span class='ocrx_word' id='word_1_297' title='bbox 1918 869 1925 909; x_wconf 71' lang='lat'><em>³</em></span> <span class='ocrx_word' id='word_1_298' title='bbox 1946 930 1947 967; x_wconf 51' lang='lat'>2</span> 
     </span>
     <span class='ocr_line' id='line_1_48' title="bbox 1155 976 1947 1062; baseline 0.001 -19"><span class='ocrx_word' id='word_1_299' title='bbox 1155 980 1250 1043; x_wconf 91' lang='lat' dir='ltr'>homo</span> <span class='ocrx_word' id='word_1_300' title='bbox 1271 986 1318 1043; x_wconf 92' lang='lat' dir='ltr'>est</span> <span class='ocrx_word' id='word_1_301' title='bbox 1335 1000 1399 1043; x_wconf 90' lang='lat' dir='ltr'>non</span> <span class='ocrx_word' id='word_1_302' title='bbox 1412 981 1564 1058; x_wconf 72' lang='lat' dir='ltr'>irrigaris3</span> <span class='ocrx_word' id='word_1_303' title='bbox 1580 983 1728 1062; x_wconf 89' lang='lat' dir='ltr'>quoniam</span> <span class='ocrx_word' id='word_1_304' title='bbox 1745 981 1895 1044; x_wconf 74' lang='grc'><strong>61616166-</strong></span> <span class='ocrx_word' id='word_1_305' title='bbox 1946 976 1947 1061; x_wconf 54' lang='grc' dir='ltr'>ξ</span> 
     </span>
     <span class='ocr_line' id='line_1_49' title="bbox 1156 1072 1947 1154; baseline 0.003 -20"><span class='ocrx_word' id='word_1_306' title='bbox 1156 1072 1249 1135; x_wconf 88' lang='lat' dir='ltr'>minis</span> <span class='ocrx_word' id='word_1_307' title='bbox 1265 1074 1437 1154; x_wconf 87' lang='lat' dir='ltr'>potentiam</span> <span class='ocrx_word' id='word_1_308' title='bbox 1458 1092 1514 1152; x_wconf 93' lang='lat' dir='ltr'>pro</span> <span class='ocrx_word' id='word_1_309' title='bbox 1529 1074 1678 1154; x_wconf 86' lang='lat' dir='ltr'>dignitate</span> <span class='ocrx_word' id='word_1_310' title='bbox 1695 1074 1897 1150; x_wconf 74' lang='lat' dir='ltr'>declaravitet</span> <span class='ocrx_word' id='word_1_311' title='bbox 1946 1080 1947 1103; x_wconf 75' lang='lat'>³</span> 
     </span>
     <span class='ocr_line' id='line_1_50' title="bbox 1155 1164 1947 1246; baseline 0.003 -21"><span class='ocrx_word' id='word_1_312' title='bbox 1155 1164 1312 1241; x_wconf 85' lang='lat' dir='ltr'>indicavit,</span> <span class='ocrx_word' id='word_1_313' title='bbox 1336 1165 1441 1227; x_wconf 90' lang='lat' dir='ltr'>statim</span> <span class='ocrx_word' id='word_1_314' title='bbox 1461 1167 1495 1227; x_wconf 92' lang='lat' dir='ltr'>in</span> <span class='ocrx_word' id='word_1_315' title='bbox 1522 1166 1589 1246; x_wconf 88' lang='lat' dir='ltr'>ipso</span> <span class='ocrx_word' id='word_1_316' title='bbox 1611 1165 1719 1246; x_wconf 90' lang='lat' dir='ltr'>legum</span> <span class='ocrx_word' id='word_1_317' title='bbox 1737 1166 1897 1228; x_wconf 77' lang='grc'><strong>1611166661-</strong></span> <span class='ocrx_word' id='word_1_318' title='bbox 1946 1176 1947 1183; x_wconf 74' lang='grc'>’</span> 
     </span>
     <span class='ocr_line' id='line_1_51' title="bbox 1157 1254 1947 1337; baseline -0.001 -19"><span class='ocrx_word' id='word_1_319' title='bbox 1157 1255 1234 1319; x_wconf 92' lang='lat' dir='ltr'>bens</span> <span class='ocrx_word' id='word_1_320' title='bbox 1250 1276 1258 1318; x_wconf 83' lang='lat' dir='ltr'>t</span> <span class='ocrx_word' id='word_1_321' title='bbox 1274 1257 1356 1319; x_wconf 79' lang='lat' dir='ltr'>uixit</span> <span class='ocrx_word' id='word_1_322' title='bbox 1368 1258 1459 1335; x_wconf 86' lang='lat' dir='ltr'>Deus,</span> <span class='ocrx_word' id='word_1_323' title='bbox 1474 1258 1588 1337; x_wconf 88' lang='lat' dir='ltr'>inquit,</span> <span class='ocrx_word' id='word_1_324' title='bbox 1602 1259 1677 1337; x_wconf 88' lang='lat' dir='ltr'>quid</span> <span class='ocrx_word' id='word_1_325' title='bbox 1690 1257 1835 1319; x_wconf 85' lang='lat' dir='ltr'>tandem?</span> <span class='ocrx_word' id='word_1_326' title='bbox 1846 1258 1897 1318; x_wconf 82' lang='lat' dir='ltr'>liu</span> <span class='ocrx_word' id='word_1_327' title='bbox 1946 1254 1947 1277; x_wconf 65' lang='lat'><em>³</em></span> 
     </span>
     <span class='ocr_line' id='line_1_52' title="bbox 1156 1348 1947 1427; baseline -0.003 -18"><span class='ocrx_word' id='word_1_328' title='bbox 1156 1348 1221 1424; x_wconf 81' lang='lat' dir='ltr'>lux,</span> <span class='ocrx_word' id='word_1_329' title='bbox 1247 1348 1449 1411; x_wconf 86' lang='lat' dir='ltr'>etfactaest:</span> <span class='ocrx_word' id='word_1_330' title='bbox 1473 1350 1541 1410; x_wconf 91' lang='lat' dir='ltr'>Fiat</span> <span class='ocrx_word' id='word_1_331' title='bbox 1559 1355 1652 1427; x_wconf 89' lang='lat' dir='ltr'>terra,</span> <span class='ocrx_word' id='word_1_332' title='bbox 1669 1350 1789 1412; x_wconf 79' lang='lat' dir='ltr'>attacta</span> <span class='ocrx_word' id='word_1_333' title='bbox 1801 1355 1894 1411; x_wconf 79' lang='lat' dir='ltr'>cst‘.»</span> <span class='ocrx_word' id='word_1_334' title='bbox 1946 1386 1947 1399; x_wconf 37' lang='grc' dir='ltr'>ι</span> 
     </span>
     <span class='ocr_line' id='line_1_53' title="bbox 1156 1441 1947 1521; baseline 0 -19"><span class='ocrx_word' id='word_1_335' title='bbox 1156 1441 1246 1517; x_wconf 88' lang='lat' dir='ltr'>Nam,</span> <span class='ocrx_word' id='word_1_336' title='bbox 1271 1447 1307 1502; x_wconf 91' lang='lat' dir='ltr'>ut</span> <span class='ocrx_word' id='word_1_337' title='bbox 1320 1442 1512 1521; x_wconf 86' lang='lat' dir='ltr'>Augustinus</span> <span class='ocrx_word' id='word_1_338' title='bbox 1524 1443 1577 1519; x_wconf 89' lang='lat' dir='ltr'>ait,</span> <span class='ocrx_word' id='word_1_339' title='bbox 1602 1464 1618 1501; x_wconf 84' lang='grc'>6</span> <span class='ocrx_word' id='word_1_340' title='bbox 1633 1442 1715 1509; x_wconf 91' lang='lat' dir='ltr'>Quid</span> <span class='ocrx_word' id='word_1_341' title='bbox 1732 1442 1897 1504; x_wconf 87' lang='lat' dir='ltr'>convenien·</span> <span class='ocrx_word' id='word_1_342' title='bbox 1946 1460 1947 1465; x_wconf 50' lang='lat'>¹</span> 
     </span>
     <span class='ocr_line' id='line_1_54' title="bbox 1155 1532 1947 1615; baseline 0.001 -22"><span class='ocrx_word' id='word_1_343' title='bbox 1155 1532 1216 1593; x_wconf 90' lang='lat' dir='ltr'>tius</span> <span class='ocrx_word' id='word_1_344' title='bbox 1236 1533 1274 1595; x_wconf 92' lang='lat' dir='ltr'>dc</span> <span class='ocrx_word' id='word_1_345' title='bbox 1297 1535 1359 1595; x_wconf 86' lang='lat' dir='ltr'>Deo</span> <span class='ocrx_word' id='word_1_346' title='bbox 1374 1533 1495 1609; x_wconf 89' lang='lat' dir='ltr'>dicitur,</span> <span class='ocrx_word' id='word_1_347' title='bbox 1519 1540 1672 1615; x_wconf 91' lang='lat' dir='ltr'>quantum</span> <span class='ocrx_word' id='word_1_348' title='bbox 1685 1534 1898 1596; x_wconf 81' lang='lat' dir='ltr'>interbcminss</span> <span class='ocrx_word' id='word_1_349' title='bbox 1946 1536 1947 1615; x_wconf 69' lang='lat' dir='ltr'>i</span> 
     </span>
     <span class='ocr_line' id='line_1_55' title="bbox 1156 1625 1898 1707; baseline -0.003 -20"><span class='ocrx_word' id='word_1_350' title='bbox 1156 1625 1219 1687; x_wconf 92' lang='lat' dir='ltr'>dici</span> <span class='ocrx_word' id='word_1_351' title='bbox 1241 1631 1351 1706; x_wconf 90' lang='lat' dir='ltr'>potest,</span> <span class='ocrx_word' id='word_1_352' title='bbox 1374 1643 1469 1706; x_wconf 89' lang='lat' dir='ltr'>quam</span> <span class='ocrx_word' id='word_1_353' title='bbox 1496 1644 1568 1686; x_wconf 88' lang='lat' dir='ltr'>cum</span> <span class='ocrx_word' id='word_1_354' title='bbox 1596 1626 1641 1688; x_wconf 87' lang='lat' dir='ltr'>ita</span> <span class='ocrx_word' id='word_1_355' title='bbox 1666 1627 1801 1707; x_wconf 82' lang='lat' dir='ltr'>ponitur,</span> <span class='ocrx_word' id='word_1_356' title='bbox 1825 1626 1898 1698; x_wconf 86' lang='lat' dir='ltr'>dirit,</span> 
     </span>
     <span class='ocr_line' id='line_1_56' title="bbox 1155 1714 1947 1798; baseline -0.003 -20"><span class='ocrx_word' id='word_1_357' title='bbox 1155 1716 1272 1778; x_wconf 86' lang='lat' dir='ltr'>factum</span> <span class='ocrx_word' id='word_1_358' title='bbox 1285 1723 1341 1791; x_wconf 90' lang='lat' dir='ltr'>est,</span> <span class='ocrx_word' id='word_1_359' title='bbox 1365 1717 1495 1798; x_wconf 90' lang='lat' dir='ltr'>placuit;</span> <span class='ocrx_word' id='word_1_360' title='bbox 1511 1719 1555 1778; x_wconf 89' lang='lat' dir='ltr'>ita</span> <span class='ocrx_word' id='word_1_361' title='bbox 1565 1718 1650 1779; x_wconf 92' lang='lat' dir='ltr'>utin</span> <span class='ocrx_word' id='word_1_362' title='bbox 1668 1736 1718 1796; x_wconf 89' lang='lat' dir='ltr'>eo,</span> <span class='ocrx_word' id='word_1_363' title='bbox 1734 1718 1813 1798; x_wconf 91' lang='lat' dir='ltr'>quod</span> <span class='ocrx_word' id='word_1_364' title='bbox 1825 1717 1897 1793; x_wconf 84' lang='lat' dir='ltr'>dixit,</span> <span class='ocrx_word' id='word_1_365' title='bbox 1946 1714 1947 1785; x_wconf 60' lang='grc' dir='ltr'>ᾗ</span> 
     </span>
     <span class='ocr_line' id='line_1_57' title="bbox 1155 1808 1947 1890; baseline 0.001 -21"><span class='ocrx_word' id='word_1_366' title='bbox 1155 1808 1324 1887; x_wconf 91' lang='lat' dir='ltr'>imperium</span> <span class='ocrx_word' id='word_1_367' title='bbox 1336 1809 1403 1888; x_wconf 89' lang='lat' dir='ltr'>ejus</span> <span class='ocrx_word' id='word_1_368' title='bbox 1426 1809 1627 1889; x_wconf 86' lang='lat' dir='ltr'>intelligatur,</span> <span class='ocrx_word' id='word_1_369' title='bbox 1644 1811 1680 1871; x_wconf 89' lang='lat' dir='ltr'>in</span> <span class='ocrx_word' id='word_1_370' title='bbox 1693 1828 1742 1887; x_wconf 92' lang='lat' dir='ltr'>eo,</span> <span class='ocrx_word' id='word_1_371' title='bbox 1760 1809 1837 1890; x_wconf 90' lang='lat' dir='ltr'>quod</span> <span class='ocrx_word' id='word_1_372' title='bbox 1849 1808 1898 1870; x_wconf 82' lang='lat' dir='ltr'>ltc-</span> <span class='ocrx_word' id='word_1_373' title='bbox 1946 1814 1947 1889; x_wconf 58' lang='grc' dir='ltr'>ᾗ</span> 
     </span>
     <span class='ocr_line' id='line_1_58' title="bbox 1155 1898 1947 1983; baseline 0.001 -20"><span class='ocrx_word' id='word_1_374' title='bbox 1155 1907 1224 1963; x_wconf 86' lang='lat' dir='ltr'>turn</span> <span class='ocrx_word' id='word_1_375' title='bbox 1239 1908 1295 1979; x_wconf 84' lang='lat' dir='ltr'>est,</span> <span class='ocrx_word' id='word_1_376' title='bbox 1306 1903 1455 1982; x_wconf 79' lang='grc'><strong>66166116,</strong></span> <span class='ocrx_word' id='word_1_377' title='bbox 1473 1903 1507 1963; x_wconf 88' lang='grc'>16</span> <span class='ocrx_word' id='word_1_378' title='bbox 1518 1920 1564 1979; x_wconf 76' lang='lat' dir='ltr'>eo,</span> <span class='ocrx_word' id='word_1_379' title='bbox 1577 1902 1661 1983; x_wconf 87' lang='lat' dir='ltr'>quod</span> <span class='ocrx_word' id='word_1_380' title='bbox 1675 1903 1799 1983; x_wconf 90' lang='lat' dir='ltr'>placuit,</span> <span class='ocrx_word' id='word_1_381' title='bbox 1809 1901 1899 1979; x_wconf 82' lang='lat' dir='ltr'>benig-</span> <span class='ocrx_word' id='word_1_382' title='bbox 1946 1898 1947 1943; x_wconf 70' lang='lat' dir='ltr'>t</span> 
     </span>
     <span class='ocr_line' id='line_1_59' title="bbox 1154 1992 1901 2074; baseline -0.001 -19"><span class='ocrx_word' id='word_1_383' title='bbox 1154 1993 1246 2070; x_wconf 85' lang='lat' dir='ltr'>nitas,</span> <span class='ocrx_word' id='word_1_384' title='bbox 1264 1993 1342 2054; x_wconf 88' lang='lat' dir='ltr'>sieut</span> <span class='ocrx_word' id='word_1_385' title='bbox 1354 1993 1523 2056; x_wconf 88' lang='lat' dir='ltr'>ineffabilia</span> <span class='ocrx_word' id='word_1_386' title='bbox 1539 2011 1595 2074; x_wconf 90' lang='lat' dir='ltr'>per</span> <span class='ocrx_word' id='word_1_387' title='bbox 1612 1994 1775 2056; x_wconf 91' lang='lat' dir='ltr'>bominem</span> <span class='ocrx_word' id='word_1_388' title='bbox 1790 1992 1901 2054; x_wconf 86' lang='lat' dir='ltr'>homiui·</span> 
     </span>
     <span class='ocr_line' id='line_1_60' title="bbox 1155 2085 1901 2167; baseline -0.003 -20"><span class='ocrx_word' id='word_1_389' title='bbox 1155 2085 1213 2148; x_wconf 91' lang='lat' dir='ltr'>bus</span> <span class='ocrx_word' id='word_1_390' title='bbox 1232 2086 1286 2164; x_wconf 87' lang='lat' dir='ltr'>ita,</span> <span class='ocrx_word' id='word_1_391' title='bbox 1307 2092 1343 2147; x_wconf 90' lang='lat' dir='ltr'>ut</span> <span class='ocrx_word' id='word_1_392' title='bbox 1356 2086 1500 2148; x_wconf 89' lang='lat' dir='ltr'>omnibus</span> <span class='ocrx_word' id='word_1_393' title='bbox 1522 2087 1714 2167; x_wconf 87' lang='lat' dir='ltr'>prodessent,</span> <span class='ocrx_word' id='word_1_394' title='bbox 1734 2087 1792 2149; x_wconf 91' lang='lat' dir='ltr'>dici</span> <span class='ocrx_word' id='word_1_395' title='bbox 1808 2085 1901 2148; x_wconf 75' lang='lat' dir='ltr'>debus</span> 
     </span>
     <span class='ocr_line' id='line_1_61' title="bbox 1154 2178 1947 2285; baseline -0.001 -46"><span class='ocrx_word' id='word_1_396' title='bbox 1154 2178 1283 2239; x_wconf 78' lang='lat' dir='ltr'>runtlo</span> <span class='ocrx_word' id='word_1_397' title='bbox 1310 2179 1418 2259; x_wconf 90' lang='lat' dir='ltr'>Itaque</span> <span class='ocrx_word' id='word_1_398' title='bbox 1445 2187 1521 2260; x_wconf 74' lang='grc' dir='ltr'>λόγον</span> <span class='ocrx_word' id='word_1_399' title='bbox 1539 2179 1630 2239; x_wconf 90' lang='lat' dir='ltr'>illum</span> <span class='ocrx_word' id='word_1_400' title='bbox 1652 2180 1711 2241; x_wconf 85' lang='lat' dir='ltr'>nei</span> <span class='ocrx_word' id='word_1_401' title='bbox 1733 2187 1898 2260; x_wconf 63' lang='lat' dir='ltr'>numinis,</span> <span class='ocrx_word' id='word_1_402' title='bbox 1946 2244 1947 2285; x_wconf 27' lang='grc'>1</span> 
     </span>
     <span class='ocr_line' id='line_1_62' title="bbox 1156 2270 1947 2353; baseline 0 -21"><span class='ocrx_word' id='word_1_403' title='bbox 1156 2272 1276 2332; x_wconf 85' lang='lat' dir='ltr'>verbum</span> <span class='ocrx_word' id='word_1_404' title='bbox 1300 2271 1449 2352; x_wconf 80' lang='lat' dir='ltr'>imperans</span> <span class='ocrx_word' id='word_1_405' title='bbox 1469 2270 1605 2352; x_wconf 86' lang='lat' dir='ltr'>appellat</span> <span class='ocrx_word' id='word_1_406' title='bbox 1624 2272 1790 2352; x_wconf 85' lang='lat' dir='ltr'>Gregorius</span> <span class='ocrx_word' id='word_1_407' title='bbox 1809 2272 1902 2351; x_wconf 71' lang='lat' dir='ltr'>Nysae·</span> <span class='ocrx_word' id='word_1_408' title='bbox 1946 2292 1947 2353; x_wconf 56' lang='grc' dir='ltr'><strong>ς</strong></span> 
     </span>
     <span class='ocr_line' id='line_1_63' title="bbox 1156 2362 1947 2426; baseline 0.001 -1"><span class='ocrx_word' id='word_1_409' title='bbox 1156 2382 1216 2425; x_wconf 89' lang='lat' dir='ltr'>nus</span> <span class='ocrx_word' id='word_1_410' title='bbox 1230 2363 1263 2425; x_wconf 88' lang='lat' dir='ltr'>in</span> <span class='ocrx_word' id='word_1_411' title='bbox 1275 2362 1468 2426; x_wconf 77' lang='lat' dir='ltr'>Heneernerc.</span> <span class='ocrx_word' id='word_1_412' title='bbox 1946 2376 1947 2385; x_wconf 76' lang='grc'>’</span> 
     </span>
    </p>
   </div>
   <div class='ocr_carea' id='block_1_8' title="bbox 1373 2623 1716 2721">
    <p class='ocr_par' dir='ltr' id='par_1_9' title="bbox 1373 2623 1716 2721">
     <span class='ocr_line' id='line_1_64' title="bbox 1373 2623 1716 2721; baseline -0.003 -16"><span class='ocrx_word' id='word_1_413' title='bbox 1373 2623 1573 2706; x_wconf 84' lang='lat' dir='ltr'>CAPUT</span> <span class='ocrx_word' id='word_1_414' title='bbox 1608 2626 1716 2721; x_wconf 89' lang='lat' dir='ltr'>Vll.</span> 
     </span>
    </p>
   </div>
   <div class='ocr_carea' id='block_1_9' title="bbox 1156 2896 1947 3808">
    <p class='ocr_par' dir='ltr' id='par_1_10' title="bbox 1156 2874 1947 3808">
     <span class='ocr_line' id='line_1_65' title="bbox 1156 2896 1898 2981; baseline -0.005 -20"><span class='ocrx_word' id='word_1_415' title='bbox 1156 2897 1201 2961; x_wconf 79' lang='lat' dir='ltr'>ue</span> <span class='ocrx_word' id='word_1_416' title='bbox 1229 2916 1317 2981; x_wconf 81' lang='lat' dir='ltr'>opere</span> <span class='ocrx_word' id='word_1_417' title='bbox 1343 2898 1451 2980; x_wconf 81' lang='lat' dir='ltr'>prime</span> <span class='ocrx_word' id='word_1_418' title='bbox 1483 2896 1559 2969; x_wconf 85' lang='lat' dir='ltr'>diei,</span> <span class='ocrx_word' id='word_1_419' title='bbox 1585 2897 1681 2960; x_wconf 81' lang='lat' dir='ltr'>idest</span> <span class='ocrx_word' id='word_1_420' title='bbox 1702 2898 1778 2974; x_wconf 79' lang='lat' dir='ltr'>luce3</span> <span class='ocrx_word' id='word_1_421' title='bbox 1799 2897 1898 2977; x_wconf 79' lang='lat' dir='ltr'>deque</span> 
     </span>
     <span class='ocr_line' id='line_1_66' title="bbox 1195 2989 1903 3071; baseline -0.007 -18"><span class='ocrx_word' id='word_1_422' title='bbox 1195 2991 1289 3053; x_wconf 64' lang='lat' dir='ltr'>uene</span> <span class='ocrx_word' id='word_1_423' title='bbox 1323 2991 1472 3071; x_wconf 83' lang='lat' dir='ltr'>opiniones</span> <span class='ocrx_word' id='word_1_424' title='bbox 1503 2995 1706 3071; x_wconf 71' lang='lat' dir='ltr'>exponuntur.</span> <span class='ocrx_word' id='word_1_425' title='bbox 1757 2989 1832 3053; x_wconf 85' lang='lat' dir='ltr'>Velut</span> <span class='ocrx_word' id='word_1_426' title='bbox 1858 3005 1903 3048; x_wconf 81' lang='lat' dir='ltr'>etse</span> 
     </span>
     <span class='ocr_line' id='line_1_67' title="bbox 1195 3063 1905 3165; baseline -0.005 -22"><span class='ocrx_word' id='word_1_427' title='bbox 1195 3082 1302 3165; x_wconf 73' lang='lat' dir='ltr'>ipatus,</span> <span class='ocrx_word' id='word_1_428' title='bbox 1327 3090 1380 3143; x_wconf 85' lang='lat' dir='ltr'>eut</span> <span class='ocrx_word' id='word_1_429' title='bbox 1405 3081 1514 3144; x_wconf 84' lang='lat' dir='ltr'>Solem.</span> <span class='ocrx_word' id='word_1_430' title='bbox 1545 3082 1708 3164; x_wconf 80' lang='lat' dir='ltr'>Utriusque</span> <span class='ocrx_word' id='word_1_431' title='bbox 1734 3063 1860 3154; x_wconf 67' lang='lat' dir='ltr'>mules,</span> <span class='ocrx_word' id='word_1_432' title='bbox 1882 3085 1905 3139; x_wconf 83' lang='lat' dir='ltr'>et</span> 
     </span>
     <span class='ocr_line' id='line_1_68' title="bbox 1194 3174 1947 3257; baseline -0.003 -22"><span class='ocrx_word' id='word_1_433' title='bbox 1194 3174 1284 3257; x_wconf 73' lang='lat' dir='ltr'>tnjnr</span> <span class='ocrx_word' id='word_1_434' title='bbox 1300 3174 1471 3256; x_wconf 81' lang='lat' dir='ltr'>presertim</span> <span class='ocrx_word' id='word_1_435' title='bbox 1489 3174 1640 3255; x_wconf 77' lang='lat' dir='ltr'>refutate.</span> <span class='ocrx_word' id='word_1_436' title='bbox 1664 3175 1842 3257; x_wconf 77' lang='lat' dir='ltr'>Eupubinus</span> <span class='ocrx_word' id='word_1_437' title='bbox 1862 3190 1903 3233; x_wconf 74' lang='lat' dir='ltr'>ne</span> <span class='ocrx_word' id='word_1_438' title='bbox 1946 3198 1947 3203; x_wconf 43' lang='lat'>¹</span> 
     </span>
     <span class='ocr_line' id='line_1_69' title="bbox 1196 3261 1905 3348; baseline -0.006 -21"><span class='ocrx_word' id='word_1_439' title='bbox 1196 3274 1284 3328; x_wconf 80' lang='lat' dir='ltr'>tutte.</span> <span class='ocrx_word' id='word_1_440' title='bbox 1300 3265 1388 3328; x_wconf 84' lang='lat' dir='ltr'>Falso</span> <span class='ocrx_word' id='word_1_441' title='bbox 1401 3264 1547 3348; x_wconf 78' lang='lat' dir='ltr'>Dionysio</span> <span class='ocrx_word' id='word_1_442' title='bbox 1556 3265 1724 3347; x_wconf 83' lang='lat' dir='ltr'>opinionem</span> <span class='ocrx_word' id='word_1_443' title='bbox 1739 3261 1905 3327; x_wconf 74' lang='grc'><strong>1116666161-</strong></span> 
     </span>
     <span class='ocr_line' id='line_1_70' title="bbox 1195 3357 1905 3421; baseline -0.004 -1"><span class='ocrx_word' id='word_1_444' title='bbox 1195 3357 1256 3420; x_wconf 79' lang='lat' dir='ltr'>bui.</span> <span class='ocrx_word' id='word_1_445' title='bbox 1272 3358 1386 3421; x_wconf 84' lang='lat' dir='ltr'>Basilii</span> <span class='ocrx_word' id='word_1_446' title='bbox 1392 3363 1536 3420; x_wconf 75' lang='lat' dir='ltr'>nutantia</span> <span class='ocrx_word' id='word_1_447' title='bbox 1551 3360 1702 3421; x_wconf 82' lang='grc'><strong>66161666</strong></span> <span class='ocrx_word' id='word_1_448' title='bbox 1717 3358 1781 3421; x_wconf 85' lang='lat' dir='ltr'>luce</span> <span class='ocrx_word' id='word_1_449' title='bbox 1793 3359 1905 3419; x_wconf 68' lang='lat' dir='ltr'>nunu</span> 
     </span>
     <span class='ocr_line' id='line_1_71' title="bbox 1194 3447 1947 3532; baseline 0.001 -22"><span class='ocrx_word' id='word_1_450' title='bbox 1194 3455 1324 3532; x_wconf 73' lang='lat' dir='ltr'>experte,</span> <span class='ocrx_word' id='word_1_451' title='bbox 1347 3469 1381 3511; x_wconf 85' lang='lat' dir='ltr'>ac</span> <span class='ocrx_word' id='word_1_452' title='bbox 1398 3469 1458 3530; x_wconf 83' lang='lat' dir='ltr'>pet·</span> <span class='ocrx_word' id='word_1_453' title='bbox 1482 3469 1512 3512; x_wconf 88' lang='lat' dir='ltr'>se</span> <span class='ocrx_word' id='word_1_454' title='bbox 1534 3449 1715 3513; x_wconf 82' lang='lat' dir='ltr'>subsistente.</span> <span class='ocrx_word' id='word_1_455' title='bbox 1747 3447 1905 3526; x_wconf 74' lang='lat' dir='ltr'>Quibusdam</span> <span class='ocrx_word' id='word_1_456' title='bbox 1946 3502 1947 3511; x_wconf 73' lang='grc'><strong>,</strong></span> 
     </span>
     <span class='ocr_line' id='line_1_72' title="bbox 1196 3541 1906 3623; baseline -0.007 -20"><span class='ocrx_word' id='word_1_457' title='bbox 1196 3541 1341 3604; x_wconf 70' lang='lat' dir='ltr'>uteribus</span> <span class='ocrx_word' id='word_1_458' title='bbox 1366 3541 1522 3621; x_wconf 82' lang='lat' dir='ltr'>placuisse,</span> <span class='ocrx_word' id='word_1_459' title='bbox 1552 3541 1648 3604; x_wconf 88' lang='lat' dir='ltr'>lumen</span> <span class='ocrx_word' id='word_1_460' title='bbox 1669 3561 1729 3605; x_wconf 84' lang='lat' dir='ltr'>esse</span> <span class='ocrx_word' id='word_1_461' title='bbox 1757 3559 1864 3623; x_wconf 82' lang='lat' dir='ltr'>corpus,</span> <span class='ocrx_word' id='word_1_462' title='bbox 1883 3545 1906 3599; x_wconf 86' lang='lat' dir='ltr'>et</span> 
     </span>
     <span class='ocr_line' id='line_1_73' title="bbox 1194 3630 1947 3715; baseline -0.007 -21"><span class='ocrx_word' id='word_1_463' title='bbox 1194 3632 1399 3696; x_wconf 79' lang='lat' dir='ltr'>substantiam.</span> <span class='ocrx_word' id='word_1_464' title='bbox 1418 3633 1487 3695; x_wconf 88' lang='lat' dir='ltr'>Non</span> <span class='ocrx_word' id='word_1_465' title='bbox 1501 3633 1598 3696; x_wconf 77' lang='grc' dir='ltr'><strong>6166νί</strong></span> <span class='ocrx_word' id='word_1_466' title='bbox 1609 3633 1739 3697; x_wconf 75' lang='lat' dir='ltr'>tentius</span> <span class='ocrx_word' id='word_1_467' title='bbox 1755 3630 1905 3715; x_wconf 82' lang='lat' dir='ltr'>interpositu</span> <span class='ocrx_word' id='word_1_468' title='bbox 1946 3660 1947 3667; x_wconf 44' lang='lat'>1</span> 
     </span>
     <span class='ocr_line' id='line_1_74' title="bbox 1195 3725 1697 3808; baseline 0.004 -22"><span class='ocrx_word' id='word_1_469' title='bbox 1195 3725 1697 3808; x_wconf 74' lang='lat' dir='ltr'>coelntt&#39;umcorporumessefuetut.</span> 
     </span>
    </p>
   </div>
   <div class='ocr_carea' id='block_1_10' title="bbox 1154 3907 1909 4358">
    <p class='ocr_par' dir='ltr' id='par_1_11' title="bbox 1154 3907 1909 4358">
     <span class='ocr_line' id='line_1_75' title="bbox 1196 3907 1907 3992; baseline -0.003 -23"><span class='ocrx_word' id='word_1_470' title='bbox 1196 3910 1221 3985; x_wconf 95' lang='lat' dir='ltr'>l,</span> <span class='ocrx_word' id='word_1_471' title='bbox 1236 3909 1345 3971; x_wconf 86' lang='lat' dir='ltr'>Merito</span> <span class='ocrx_word' id='word_1_472' title='bbox 1358 3931 1371 3968; x_wconf 80' lang='lat' dir='ltr'>r</span> <span class='ocrx_word' id='word_1_473' title='bbox 1382 3910 1493 3972; x_wconf 90' lang='lat' dir='ltr'>mundi</span> <span class='ocrx_word' id='word_1_474' title='bbox 1504 3916 1642 3988; x_wconf 87' lang='lat' dir='ltr'>ornatus,</span> <span class='ocrx_word' id='word_1_475' title='bbox 1672 3911 1776 3992; x_wconf 87' lang='lat' dir='ltr'>inquit</span> <span class='ocrx_word' id='word_1_476' title='bbox 1795 3907 1907 3972; x_wconf 77' lang='lat' dir='ltr'>Ambra</span> 
     </span>
     <span class='ocr_line' id='line_1_76' title="bbox 1155 3998 1907 4081; baseline -0.005 -19"><span class='ocrx_word' id='word_1_477' title='bbox 1155 3999 1247 4071; x_wconf 82' lang='lat' dir='ltr'>sius⁸,</span> <span class='ocrx_word' id='word_1_478' title='bbox 1286 4001 1392 4063; x_wconf 89' lang='lat' dir='ltr'>aluce</span> <span class='ocrx_word' id='word_1_479' title='bbox 1417 4003 1549 4081; x_wconf 88' lang='lat' dir='ltr'>sumpsit</span> <span class='ocrx_word' id='word_1_480' title='bbox 1562 4003 1737 4065; x_wconf 80' lang='lat' dir='ltr'>exordium.</span> <span class='ocrx_word' id='word_1_481' title='bbox 1766 4001 1821 4076; x_wconf 87' lang='lat' dir='ltr'>Qui</span> <span class='ocrx_word' id='word_1_482' title='bbox 1837 3998 1907 4061; x_wconf 89' lang='lat' dir='ltr'>enin</span> 
     </span>
     <span class='ocr_line' id='line_1_77' title="bbox 1155 4090 1908 4174; baseline -0.003 -20"><span class='ocrx_word' id='word_1_483' title='bbox 1155 4092 1321 4156; x_wconf 80' lang='lat' dir='ltr'>edificium</span> <span class='ocrx_word' id='word_1_484' title='bbox 1339 4094 1465 4174; x_wconf 90' lang='lat' dir='ltr'>aliquod</span> <span class='ocrx_word' id='word_1_485' title='bbox 1484 4095 1615 4174; x_wconf 90' lang='lat' dir='ltr'>dignum</span> <span class='ocrx_word' id='word_1_486' title='bbox 1627 4095 1802 4158; x_wconf 86' lang='lat' dir='ltr'>habitaculo</span> <span class='ocrx_word' id='word_1_487' title='bbox 1816 4090 1908 4172; x_wconf 81' lang='lat' dir='ltr'>petris</span> 
     </span>
     <span class='ocr_line' id='line_1_78' title="bbox 1154 4182 1908 4267; baseline -0.004 -21"><span class='ocrx_word' id='word_1_488' title='bbox 1154 4184 1284 4246; x_wconf 73' lang='lat' dir='ltr'>familias</span> <span class='ocrx_word' id='word_1_489' title='bbox 1310 4191 1429 4248; x_wconf 88' lang='lat' dir='ltr'>struere</span> <span class='ocrx_word' id='word_1_490' title='bbox 1451 4186 1613 4265; x_wconf 87' lang='lat' dir='ltr'>desiderat,</span> <span class='ocrx_word' id='word_1_491' title='bbox 1627 4193 1795 4267; x_wconf 85' lang='lat' dir='ltr'>antequam</span> <span class='ocrx_word' id='word_1_492' title='bbox 1814 4182 1908 4246; x_wconf 83' lang='grc'><strong>16666-</strong></span> 
     </span>
     <span class='ocr_line' id='line_1_79' title="bbox 1155 4274 1909 4358; baseline 0.004 -21"><span class='ocrx_word' id='word_1_493' title='bbox 1155 4283 1261 4338; x_wconf 89' lang='lat' dir='ltr'>menta</span> <span class='ocrx_word' id='word_1_494' title='bbox 1273 4283 1382 4358; x_wconf 92' lang='lat' dir='ltr'>ponat,</span> <span class='ocrx_word' id='word_1_495' title='bbox 1398 4277 1483 4339; x_wconf 88' lang='lat' dir='ltr'>unda</span> <span class='ocrx_word' id='word_1_496' title='bbox 1503 4278 1606 4341; x_wconf 89' lang='lat' dir='ltr'>lucem</span> <span class='ocrx_word' id='word_1_497' title='bbox 1619 4279 1648 4340; x_wconf 91' lang='lat' dir='ltr'>ei</span> <span class='ocrx_word' id='word_1_498' title='bbox 1670 4274 1909 4352; x_wconf 74' lang='grc' dir='ltr'><strong>16166661,ωεί-</strong></span> 
     </span>
    </p>
   </div>
   <div class='ocr_carea' id='block_1_11' title="bbox 337 4369 1908 4454">
    <p class='ocr_par' dir='ltr' id='par_1_12' title="bbox 337 4369 1908 4454">
     <span class='ocr_line' id='line_1_80' title="bbox 337 4369 1908 4454; baseline -0.005 -21"><span class='ocrx_word' id='word_1_499' title='bbox 337 4390 411 4434; x_wconf 88' lang='lat' dir='ltr'>suos</span> <span class='ocrx_word' id='word_1_500' title='bbox 424 4374 535 4452; x_wconf 91' lang='lat' dir='ltr'>cuique</span> <span class='ocrx_word' id='word_1_501' title='bbox 546 4373 671 4443; x_wconf 89' lang='lat' dir='ltr'>limites,</span> <span class='ocrx_word' id='word_1_502' title='bbox 688 4392 724 4435; x_wconf 86' lang='lat' dir='ltr'>ac</span> <span class='ocrx_word' id='word_1_503' title='bbox 736 4379 839 4454; x_wconf 88' lang='lat' dir='ltr'>partes</span> <span class='ocrx_word' id='word_1_504' title='bbox 852 4373 1020 4452; x_wconf 86' lang='lat' dir='ltr'>assignavit</span> <span class='ocrx_word' id='word_1_505' title='bbox 1033 4373 1106 4434; x_wconf 92' lang='lat' dir='ltr'>arti-</span> <span class='ocrx_word' id='word_1_506' title='bbox 1153 4375 1218 4445; x_wconf 90' lang='lat' dir='ltr'>tat;</span> <span class='ocrx_word' id='word_1_507' title='bbox 1234 4374 1265 4430; x_wconf 90' lang='lat' dir='ltr'>et</span> <span class='ocrx_word' id='word_1_508' title='bbox 1278 4388 1316 4430; x_wconf 92' lang='lat' dir='ltr'>ea</span> <span class='ocrx_word' id='word_1_509' title='bbox 1327 4369 1430 4449; x_wconf 87' lang='lat' dir='ltr'>prima</span> <span class='ocrx_word' id='word_1_510' title='bbox 1442 4375 1488 4431; x_wconf 90' lang='lat' dir='ltr'>est</span> <span class='ocrx_word' id='word_1_511' title='bbox 1499 4372 1609 4449; x_wconf 84' lang='lat' dir='ltr'>gratia,</span> <span class='ocrx_word' id='word_1_512' title='bbox 1625 4388 1696 4451; x_wconf 81' lang='lat' dir='ltr'>quie</span> <span class='ocrx_word' id='word_1_513' title='bbox 1718 4372 1745 4432; x_wconf 91' lang='lat' dir='ltr'>si</span> <span class='ocrx_word' id='word_1_514' title='bbox 1755 4370 1839 4443; x_wconf 89' lang='lat' dir='ltr'>desit,</span> <span class='ocrx_word' id='word_1_515' title='bbox 1852 4370 1908 4427; x_wconf 86' lang='lat' dir='ltr'>tota</span> 
     </span>
    </p>
   </div>
   <div class='ocr_carea' id='block_1_12' title="bbox 336 4463 1104 4636">
    <p class='ocr_par' dir='ltr' id='par_1_13' title="bbox 336 4463 1104 4636">
     <span class='ocr_line' id='line_1_81' title="bbox 336 4463 1103 4544; baseline 0.001 -19"><span class='ocrx_word' id='word_1_516' title='bbox 336 4463 387 4525; x_wconf 82' lang='lat' dir='ltr'>lex</span> <span class='ocrx_word' id='word_1_517' title='bbox 401 4464 477 4525; x_wconf 92' lang='lat' dir='ltr'>illud</span> <span class='ocrx_word' id='word_1_518' title='bbox 490 4464 639 4541; x_wconf 89' lang='lat' dir='ltr'>Verbum,</span> <span class='ocrx_word' id='word_1_519' title='bbox 653 4471 684 4526; x_wconf 90' lang='lat' dir='ltr'>ct</span> <span class='ocrx_word' id='word_1_520' title='bbox 697 4465 887 4526; x_wconf 89' lang='lat' dir='ltr'>immutabili</span> <span class='ocrx_word' id='word_1_521' title='bbox 904 4465 972 4544; x_wconf 89' lang='lat' dir='ltr'>lege</span> <span class='ocrx_word' id='word_1_522' title='bbox 985 4464 1103 4527; x_wconf 81' lang='lat' dir='ltr'>defixit.</span> 
     </span>
     <span class='ocr_line' id='line_1_82' title="bbox 376 4555 1104 4636; baseline -0.001 -19"><span class='ocrx_word' id='word_1_523' title='bbox 376 4556 438 4617; x_wconf 91' lang='lat' dir='ltr'>Nec</span> <span class='ocrx_word' id='word_1_524' title='bbox 463 4555 568 4617; x_wconf 89' lang='lat' dir='ltr'>minus</span> <span class='ocrx_word' id='word_1_525' title='bbox 589 4556 623 4616; x_wconf 91' lang='lat' dir='ltr'>in</span> <span class='ocrx_word' id='word_1_526' title='bbox 645 4558 752 4636; x_wconf 90' lang='lat' dir='ltr'>paucis</span> <span class='ocrx_word' id='word_1_527' title='bbox 769 4556 831 4616; x_wconf 89' lang='lat' dir='ltr'>illis</span> <span class='ocrx_word' id='word_1_528' title='bbox 856 4555 959 4618; x_wconf 84' lang='lat' dir='ltr'>verbis</span> <span class='ocrx_word' id='word_1_529' title='bbox 981 4571 1104 4616; x_wconf 90' lang='lat' dir='ltr'>summa</span> 
     </span>
    </p>
   </div>
   <div class='ocr_carea' id='block_1_13' title="bbox 1154 4460 1908 4635">
    <p class='ocr_par' dir='ltr' id='par_1_14' title="bbox 1154 4460 1908 4635">
     <span class='ocr_line' id='line_1_83' title="bbox 1154 4460 1908 4526; baseline -0.008 -3"><span class='ocrx_word' id='word_1_530' title='bbox 1154 4461 1265 4524; x_wconf 89' lang='lat' dir='ltr'>domus</span> <span class='ocrx_word' id='word_1_531' title='bbox 1278 4461 1409 4523; x_wconf 84' lang='lat' dir='ltr'>deformi</span> <span class='ocrx_word' id='word_1_532' title='bbox 1426 4462 1533 4524; x_wconf 89' lang='lat' dir='ltr'>horret</span> <span class='ocrx_word' id='word_1_533' title='bbox 1549 4463 1680 4525; x_wconf 81' lang='lat' dir='ltr'>incultu</span> <span class='ocrx_word' id='word_1_534' title='bbox 1695 4485 1712 4523; x_wconf 81' lang='lat' dir='ltr'>o</span> <span class='ocrx_word' id='word_1_535' title='bbox 1726 4466 1769 4526; x_wconf 85' lang='lat' dir='ltr'>De</span> <span class='ocrx_word' id='word_1_536' title='bbox 1787 4463 1841 4524; x_wconf 90' lang='lat' dir='ltr'>hac</span> <span class='ocrx_word' id='word_1_537' title='bbox 1850 4460 1908 4520; x_wconf 88' lang='lat' dir='ltr'>luoc</span> 
     </span>
     <span class='ocr_line' id='line_1_84' title="bbox 1154 4553 1907 4635; baseline -0.007 -20"><span class='ocrx_word' id='word_1_538' title='bbox 1154 4553 1274 4615; x_wconf 83' lang='lat' dir='ltr'>dubitat</span> <span class='ocrx_word' id='word_1_539' title='bbox 1287 4554 1478 4633; x_wconf 78' lang='lat' dir='ltr'>Augustinus</span> <span class='ocrx_word' id='word_1_540' title='bbox 1488 4553 1511 4629; x_wconf 71' lang='lat'>⁸,</span> <span class='ocrx_word' id='word_1_541' title='bbox 1527 4555 1706 4635; x_wconf 89' lang='lat' dir='ltr'>spiritualis,</span> <span class='ocrx_word' id='word_1_542' title='bbox 1722 4575 1764 4618; x_wconf 89' lang='lat' dir='ltr'>an</span> <span class='ocrx_word' id='word_1_543' title='bbox 1778 4566 1907 4634; x_wconf 82' lang='lat' dir='ltr'>corpores</span> 
     </span>
    </p>
   </div>
   <div class='ocr_carea' id='block_1_14' title="bbox 338 4645 1906 4728">
    <p class='ocr_par' dir='ltr' id='par_1_15' title="bbox 338 4645 1906 4728">
     <span class='ocr_line' id='line_1_85' title="bbox 338 4645 1906 4728; baseline 0.004 -21"><span class='ocrx_word' id='word_1_544' title='bbox 338 4647 395 4708; x_wconf 88' lang='lat' dir='ltr'>Dei</span> <span class='ocrx_word' id='word_1_545' title='bbox 420 4647 573 4726; x_wconf 85' lang='lat' dir='ltr'>majestas,</span> <span class='ocrx_word' id='word_1_546' title='bbox 594 4653 626 4708; x_wconf 93' lang='grc'>61</span> <span class='ocrx_word' id='word_1_547' title='bbox 645 4647 817 4728; x_wconf 90' lang='lat' dir='ltr'>amplitudo</span> <span class='ocrx_word' id='word_1_548' title='bbox 842 4653 1045 4725; x_wconf 89' lang='lat' dir='ltr'>monstratur,</span> <span class='ocrx_word' id='word_1_549' title='bbox 1066 4645 1106 4709; x_wconf 93' lang='lat' dir='ltr'>ad</span> <span class='ocrx_word' id='word_1_550' title='bbox 1153 4646 1314 4715; x_wconf 62' lang='lat' dir='ltr'>luerit,‘Ac</span> <span class='ocrx_word' id='word_1_551' title='bbox 1340 4667 1352 4703; x_wconf 85' lang='grc'>6</span> <span class='ocrx_word' id='word_1_552' title='bbox 1370 4647 1395 4706; x_wconf 92' lang='lat' dir='ltr'>si</span> <span class='ocrx_word' id='word_1_553' title='bbox 1408 4646 1577 4726; x_wconf 89' lang='lat' dir='ltr'>spiritualis</span> <span class='ocrx_word' id='word_1_554' title='bbox 1600 4647 1670 4724; x_wconf 86' lang='lat' dir='ltr'>luit,</span> <span class='ocrx_word' id='word_1_555' title='bbox 1693 4647 1823 4710; x_wconf 87' lang='grc'><strong>6661116</strong></span> <span class='ocrx_word' id='word_1_556' title='bbox 1836 4660 1906 4713; x_wconf 72' lang='lat' dir='ltr'>vert.</span> 
     </span>
    </p>
   </div>
   <div class='ocr_carea' id='block_1_15' title="bbox 338 4738 1108 5002">
    <p class='ocr_par' dir='ltr' id='par_1_16' title="bbox 338 4738 1108 5002">
     <span class='ocr_line' id='line_1_86' title="bbox 338 4738 1107 4820; baseline -0.001 -20"><span class='ocrx_word' id='word_1_557' title='bbox 338 4757 433 4819; x_wconf 85' lang='lat' dir='ltr'>qnam</span> <span class='ocrx_word' id='word_1_558' title='bbox 452 4739 587 4820; x_wconf 90' lang='lat' dir='ltr'>pertinet</span> <span class='ocrx_word' id='word_1_559' title='bbox 606 4738 671 4798; x_wconf 91' lang='lat' dir='ltr'>solo</span> <span class='ocrx_word' id='word_1_560' title='bbox 696 4744 778 4800; x_wconf 88' lang='lat' dir='ltr'>nutu</span> <span class='ocrx_word' id='word_1_561' title='bbox 801 4744 832 4798; x_wconf 92' lang='lat' dir='ltr'>et</span> <span class='ocrx_word' id='word_1_562' title='bbox 849 4738 981 4819; x_wconf 88' lang='lat' dir='ltr'>imperio</span> <span class='ocrx_word' id='word_1_563' title='bbox 995 4744 1107 4800; x_wconf 90' lang='lat' dir='ltr'>cuncta</span> 
     </span>
     <span class='ocr_line' id='line_1_87' title="bbox 338 4830 1106 4910; baseline -0.001 -17"><span class='ocrx_word' id='word_1_564' title='bbox 338 4831 460 4910; x_wconf 82' lang='lat' dir='ltr'>exequi,</span> <span class='ocrx_word' id='word_1_565' title='bbox 489 4850 525 4892; x_wconf 89' lang='lat' dir='ltr'>ac</span> <span class='ocrx_word' id='word_1_566' title='bbox 539 4830 632 4908; x_wconf 90' lang='lat' dir='ltr'>dicto,</span> <span class='ocrx_word' id='word_1_567' title='bbox 656 4830 740 4910; x_wconf 93' lang='grc'><strong>6666</strong></span> <span class='ocrx_word' id='word_1_568' title='bbox 760 4831 859 4906; x_wconf 87' lang='grc'><strong>61661,</strong></span> <span class='ocrx_word' id='word_1_569' title='bbox 884 4831 1106 4910; x_wconf 87' lang='lat' dir='ltr'>obsequentem</span> 
     </span>
     <span class='ocr_line' id='line_1_88' title="bbox 338 4922 1108 5002; baseline 0 -17"><span class='ocrx_word' id='word_1_570' title='bbox 338 4922 454 4986; x_wconf 86' lang='lat' dir='ltr'>babere</span> <span class='ocrx_word' id='word_1_571' title='bbox 480 4928 626 4985; x_wconf 86' lang='lat' dir='ltr'>naturam</span> <span class='ocrx_word' id='word_1_572' title='bbox 655 4922 797 4986; x_wconf 86' lang='lat' dir='ltr'>omniurn</span> <span class='ocrx_word' id='word_1_573' title='bbox 825 4939 941 4984; x_wconf 88' lang='lat' dir='ltr'>rerum.</span> <span class='ocrx_word' id='word_1_574' title='bbox 973 4923 1108 5002; x_wconf 85' lang='lat' dir='ltr'>Agnovit</span> 
     </span>
    </p>
   </div>
   <div class='ocr_carea' id='block_1_16' title="bbox 338 5136 1109 5378">
    <p class='ocr_par' dir='ltr' id='par_1_17' title="bbox 338 5136 1109 5378">
     <span class='ocr_line' id='line_1_89' title="bbox 375 5136 1109 5213; baseline -0.005 -18"><span class='ocrx_word' id='word_1_575' title='bbox 375 5152 396 5195; x_wconf 83' lang='lat' dir='ltr'>ct</span> <span class='ocrx_word' id='word_1_576' title='bbox 414 5139 528 5195; x_wconf 77' lang='lat' dir='ltr'>Luserit.</span> <span class='ocrx_word' id='word_1_577' title='bbox 540 5142 609 5196; x_wconf 82' lang='lat' dir='ltr'>scel.</span> <span class='ocrx_word' id='word_1_578' title='bbox 622 5138 648 5196; x_wconf 86' lang='grc'>3.</span> <span class='ocrx_word' id='word_1_579' title='bbox 668 5137 748 5213; x_wconf 74' lang='grc' dir='ltr'><strong>Ταύτῃ</strong></span> <span class='ocrx_word' id='word_1_580' title='bbox 765 5137 807 5190; x_wconf 80' lang='grc' dir='ltr'>καὶ</span> <span class='ocrx_word' id='word_1_581' title='bbox 820 5137 834 5192; x_wconf 81' lang='grc' dir='ltr'><strong>ὁ</strong></span> <span class='ocrx_word' id='word_1_582' title='bbox 848 5142 898 5192; x_wconf 81' lang='grc' dir='ltr'>τῶν</span> <span class='ocrx_word' id='word_1_583' title='bbox 913 5136 1043 5191; x_wconf 78' lang='grc' dir='ltr'>Ἰουδαίων</span> <span class='ocrx_word' id='word_1_584' title='bbox 1055 5137 1109 5191; x_wconf 81' lang='lat' dir='ltr'>lto·</span> 
     </span>
     <span class='ocr_line' id='line_1_90' title="bbox 341 5214 1109 5295; baseline 0.001 -21"><span class='ocrx_word' id='word_1_585' title='bbox 341 5222 442 5295; x_wconf 69' lang='grc' dir='ltr'>μοθέτης</span> <span class='ocrx_word' id='word_1_586' title='bbox 456 5221 505 5295; x_wconf 71' lang='grc' dir='ltr'>οὐχ</span> <span class='ocrx_word' id='word_1_587' title='bbox 517 5221 533 5276; x_wconf 76' lang='lat' dir='ltr'>b</span> <span class='ocrx_word' id='word_1_588' title='bbox 546 5222 628 5295; x_wconf 78' lang='grc' dir='ltr'>τυχὼν</span> <span class='ocrx_word' id='word_1_589' title='bbox 638 5220 708 5294; x_wconf 68' lang='grc' dir='ltr'>ἀνήρ·</span> <span class='ocrx_word' id='word_1_590' title='bbox 720 5220 801 5289; x_wconf 72' lang='grc' dir='ltr'>ἐπειδὴ</span> <span class='ocrx_word' id='word_1_591' title='bbox 819 5220 862 5288; x_wconf 70' lang='grc' dir='ltr'>τὴν</span> <span class='ocrx_word' id='word_1_592' title='bbox 876 5214 920 5276; x_wconf 68' lang='grc' dir='ltr'>τοῦ</span> <span class='ocrx_word' id='word_1_593' title='bbox 930 5219 994 5274; x_wconf 80' lang='lat' dir='ltr'>lslou</span> <span class='ocrx_word' id='word_1_594' title='bbox 1007 5219 1109 5293; x_wconf 73' lang='grc' dir='ltr'>δύναμιν</span> 
     </span>
     <span class='ocr_line' id='line_1_91' title="bbox 338 5301 1109 5378; baseline -0.001 -20"><span class='ocrx_word' id='word_1_595' title='bbox 338 5305 402 5361; x_wconf 69' lang='grc' dir='ltr'>κατὰ</span> <span class='ocrx_word' id='word_1_596' title='bbox 414 5305 458 5375; x_wconf 73' lang='grc' dir='ltr'>τὴν</span> <span class='ocrx_word' id='word_1_597' title='bbox 471 5303 539 5367; x_wconf 78' lang='grc' dir='ltr'>ἀξίαν</span> <span class='ocrx_word' id='word_1_598' title='bbox 560 5303 685 5377; x_wconf 73' lang='grc' dir='ltr'><strong>ἐγνώρισε,</strong></span> <span class='ocrx_word' id='word_1_599' title='bbox 702 5303 830 5378; x_wconf 56' lang='lat' dir='ltr'>eglippum</span> <span class='ocrx_word' id='word_1_600' title='bbox 847 5303 914 5366; x_wconf 68' lang='lat' dir='ltr'>etet&lt;</span> <span class='ocrx_word' id='word_1_601' title='bbox 928 5301 952 5356; x_wconf 75' lang='lat' dir='ltr'>n</span> <span class='ocrx_word' id='word_1_602' title='bbox 967 5302 1109 5376; x_wconf 70' lang='grc' dir='ltr'>τῇείσὸολῇ</span> 
     </span>
    </p>
   </div>
   <div class='ocr_carea' id='block_1_17' title="bbox 1154 4737 1910 5003">
    <p class='ocr_par' dir='ltr' id='par_1_18' title="bbox 1154 4737 1910 5003">
     <span class='ocr_line' id='line_1_92' title="bbox 1154 4737 1909 4819; baseline -0.001 -20"><span class='ocrx_word' id='word_1_603' title='bbox 1154 4737 1288 4818; x_wconf 79' lang='lat' dir='ltr'>inquit&#39;,</span> <span class='ocrx_word' id='word_1_604' title='bbox 1303 4738 1384 4798; x_wconf 88' lang='lat' dir='ltr'>Patri</span> <span class='ocrx_word' id='word_1_605' title='bbox 1406 4744 1558 4800; x_wconf 78' lang='lat' dir='ltr'>coaeterna</span> <span class='ocrx_word' id='word_1_606' title='bbox 1581 4739 1783 4819; x_wconf 82' lang='lat' dir='ltr'>intelligenda</span> <span class='ocrx_word' id='word_1_607' title='bbox 1796 4742 1847 4809; x_wconf 87' lang='lat' dir='ltr'>est,</span> <span class='ocrx_word' id='word_1_608' title='bbox 1861 4749 1909 4816; x_wconf 85' lang='lat' dir='ltr'>per</span> 
     </span>
     <span class='ocr_line' id='line_1_93' title="bbox 1155 4828 1910 4912; baseline -0.013 -21"><span class='ocrx_word' id='word_1_609' title='bbox 1155 4848 1250 4910; x_wconf 91' lang='lat' dir='ltr'>quam</span> <span class='ocrx_word' id='word_1_610' title='bbox 1275 4828 1355 4890; x_wconf 88' lang='lat' dir='ltr'>iacta</span> <span class='ocrx_word' id='word_1_611' title='bbox 1380 4835 1454 4891; x_wconf 88' lang='lat' dir='ltr'>sunt</span> <span class='ocrx_word' id='word_1_612' title='bbox 1472 4831 1589 4908; x_wconf 88' lang='lat' dir='ltr'>omnia,</span> <span class='ocrx_word' id='word_1_613' title='bbox 1618 4838 1650 4893; x_wconf 92' lang='lat' dir='ltr'>et</span> <span class='ocrx_word' id='word_1_614' title='bbox 1673 4848 1745 4912; x_wconf 82' lang='lat' dir='ltr'>quae</span> <span class='ocrx_word' id='word_1_615' title='bbox 1768 4828 1910 4892; x_wconf 87' lang='lat' dir='ltr'>illuminat</span> 
     </span>
     <span class='ocr_line' id='line_1_94' title="bbox 1155 4920 1910 5003; baseline -0.008 -19"><span class='ocrx_word' id='word_1_616' title='bbox 1155 4940 1282 4984; x_wconf 90' lang='lat' dir='ltr'>omnem</span> <span class='ocrx_word' id='word_1_617' title='bbox 1304 4921 1477 4996; x_wconf 88' lang='lat' dir='ltr'>homiuem,</span> <span class='ocrx_word' id='word_1_618' title='bbox 1497 4922 1551 4984; x_wconf 88' lang='lat' dir='ltr'>sed</span> <span class='ocrx_word' id='word_1_619' title='bbox 1570 4922 1635 4998; x_wconf 87' lang='lat' dir='ltr'>illa,</span> <span class='ocrx_word' id='word_1_620' title='bbox 1657 4924 1696 4985; x_wconf 90' lang='lat' dir='ltr'>de</span> <span class='ocrx_word' id='word_1_621' title='bbox 1713 4941 1777 5003; x_wconf 91' lang='lat' dir='ltr'>qua</span> <span class='ocrx_word' id='word_1_622' title='bbox 1794 4920 1850 4984; x_wconf 91' lang='lat' dir='ltr'>dici</span> <span class='ocrx_word' id='word_1_623' title='bbox 1862 4933 1910 4997; x_wconf 87' lang='lat' dir='ltr'>pa-</span> 
     </span>
    </p>
   </div>
   <div class='ocr_carea' id='block_1_18' title="bbox 1157 5130 1909 5294">
    <p class='ocr_par' dir='ltr' id='par_1_19' title="bbox 1157 5130 1909 5294">
     <span class='ocr_line' id='line_1_95' title="bbox 1157 5130 1909 5211; baseline 0.007 -23"><span class='ocrx_word' id='word_1_624' title='bbox 1157 5135 1251 5208; x_wconf 68' lang='grc' dir='ltr'>γράψας</span> <span class='ocrx_word' id='word_1_625' title='bbox 1260 5141 1310 5191; x_wconf 76' lang='grc' dir='ltr'>τῶν</span> <span class='ocrx_word' id='word_1_626' title='bbox 1321 5137 1414 5208; x_wconf 78' lang='grc' dir='ltr'>νόμων·</span> <span class='ocrx_word' id='word_1_627' title='bbox 1430 5130 1505 5190; x_wconf 77' lang='grc' dir='ltr'>Εἶπεν</span> <span class='ocrx_word' id='word_1_628' title='bbox 1516 5135 1601 5201; x_wconf 62' lang='lat' dir='ltr'>stru,</span> <span class='ocrx_word' id='word_1_629' title='bbox 1617 5135 1684 5209; x_wconf 77' lang='grc' dir='ltr'>φησὶ.</span> <span class='ocrx_word' id='word_1_630' title='bbox 1695 5136 1735 5205; x_wconf 80' lang='grc' dir='ltr'><strong>τ1;</strong></span> <span class='ocrx_word' id='word_1_631' title='bbox 1749 5136 1846 5211; x_wconf 73' lang='grc' dir='ltr'>γινέσθω</span> <span class='ocrx_word' id='word_1_632' title='bbox 1857 5139 1909 5206; x_wconf 69' lang='lat' dir='ltr'>etit,</span> 
     </span>
     <span class='ocr_line' id='line_1_96' title="bbox 1158 5217 1660 5294; baseline 0.01 -23"><span class='ocrx_word' id='word_1_633' title='bbox 1158 5219 1199 5272; x_wconf 74' lang='lat' dir='ltr'>nel</span> <span class='ocrx_word' id='word_1_634' title='bbox 1209 5217 1313 5291; x_wconf 70' lang='grc' dir='ltr'>ἐγίνετο.</span> <span class='ocrx_word' id='word_1_635' title='bbox 1325 5218 1430 5292; x_wconf 67' lang='grc' dir='ltr'>γενέσθω</span> <span class='ocrx_word' id='word_1_636' title='bbox 1442 5222 1486 5292; x_wconf 76' lang='grc' dir='ltr'>γῆ,</span> <span class='ocrx_word' id='word_1_637' title='bbox 1499 5220 1541 5273; x_wconf 79' lang='lat' dir='ltr'>urit</span> <span class='ocrx_word' id='word_1_638' title='bbox 1554 5217 1660 5294; x_wconf 69' lang='grc' dir='ltr'>ἐγίνετο.</span> 
     </span>
    </p>
   </div>
   <div class='ocr_carea' id='block_1_19' title="bbox 369 5479 1887 5537">
    <p class='ocr_par' dir='ltr' id='par_1_20' title="bbox 369 5479 1887 5537">
     <span class='ocr_line' id='line_1_97' title="bbox 369 5479 1887 5537; baseline -0.005 -7"><span class='ocrx_word' id='word_1_639' title='bbox 369 5484 533 5533; x_wconf 69' lang='grc'><strong>11161366,</strong></span> <span class='ocrx_word' id='word_1_640' title='bbox 544 5483 656 5531; x_wconf 74' lang='lat' dir='ltr'>cin-2</span> <span class='ocrx_word' id='word_1_641' title='bbox 669 5483 735 5531; x_wconf 81' lang='grc'><strong>1166.</strong></span> <span class='ocrx_word' id='word_1_642' title='bbox 747 5484 774 5532; x_wconf 74' lang='lat' dir='ltr'>ts</span> <span class='ocrx_word' id='word_1_643' title='bbox 784 5483 907 5533; x_wconf 66' lang='lat' dir='ltr'>uate-u</span> <span class='ocrx_word' id='word_1_644' title='bbox 919 5480 1046 5532; x_wconf 61' lang='lat' dir='ltr'>blidum.</span> <span class='ocrx_word' id='word_1_645' title='bbox 1055 5492 1075 5526; x_wconf 82' lang='lat' dir='ltr'>t.</span> <span class='ocrx_word' id='word_1_646' title='bbox 1083 5491 1142 5528; x_wconf 84' lang='grc' dir='ltr'><strong>ιι.-</strong></span> <span class='ocrx_word' id='word_1_647' title='bbox 1152 5480 1167 5528; x_wconf 84' lang='lat' dir='ltr'>t</span> <span class='ocrx_word' id='word_1_648' title='bbox 1179 5479 1228 5527; x_wconf 80' lang='lat' dir='ltr'>tlt.</span> <span class='ocrx_word' id='word_1_649' title='bbox 1239 5480 1328 5530; x_wconf 73' lang='lat' dir='ltr'>udin.</span> <span class='ocrx_word' id='word_1_650' title='bbox 1338 5481 1392 5537; x_wconf 77' lang='lat' dir='ltr'>lup.</span> <span class='ocrx_word' id='word_1_651' title='bbox 1406 5493 1427 5526; x_wconf 77' lang='lat' dir='ltr'>e</span> <span class='ocrx_word' id='word_1_652' title='bbox 1439 5480 1671 5533; x_wconf 70' lang='grc' dir='ltr'><strong>ν.-11111.1661166.</strong></span> <span class='ocrx_word' id='word_1_653' title='bbox 1680 5484 1887 5533; x_wconf 61' lang='lat' dir='ltr'>amatunam.</span> 
     </span>
    </p>
   </div>
   <div class='ocr_carea' id='block_1_20' title="bbox 0 0 1972 6164">
    <p class='ocr_par' dir='ltr' id='par_1_21' title="bbox 0 0 1972 6164">
     <span class='ocr_line' id='line_1_98' title="bbox 0 0 1972 6164; baseline 0 0"><span class='ocrx_word' id='word_1_654' title='bbox 0 0 1972 6164; x_wconf 95' lang='lat' dir='ltr'> </span> 
     </span>
    </p>
   </div>
  </div>
 </body>
</html>
