3948 6172
391 454 442 517 DE
461 452 624 517 aristeto
644 450 718 515 SEX
738 449 898 525 DIERUM,
920 450 993 512 LIB.
1015 451 1067 525 lV,
1090 451 1172 513 CAP.
1196 453 1259 515 xit.
1563 455 1622 516 433

46 622 130 697 ribus,
145 637 216 700 quie
230 622 382 682 vocantur
392 619 512 700 gratim,
527 619 645 699 liquido
658 624 799 700 apparet3
894 616 948 678 IV.
972 616 1051 677 illud
1064 615 1197 679 alterum
1211 619 1413 682 recolendum
1427 628 1482 698 est,
1500 642 1572 686 cum
1585 626 1624 687 sit

46 733 103 776 non
125 713 208 774 enim
236 712 430 774 naturalibus
456 714 608 774 duntaxat
634 712 664 772 in
691 711 800 784 rebus,
852 707 1001 769 libertatis
1023 727 1139 770 nomen
1164 730 1294 792 anceps,
1316 732 1351 775 ao
1364 713 1506 777 bifariam
1529 736 1623 778 usur·

51 806 166 883 Omoim
180 822 374 887 quecumque
385 803 490 881 voluit,
508 804 655 866 Dominus
668 802 753 883 fecit,
772 803 805 864 io
853 808 955 880 petur,
968 807 1004 861 ut
1009 801 1077 880 jam
1089 802 1160 881 plus
1175 805 1270 865 semel
1284 807 1486 884 ostendimus,
1495 828 1531 871 ac
1543 829 1622 871 non-

47 896 193 973 eologius
204 896 335 973 terra,iu
346 896 436 970 mcii,
447 904 475 958 et
486 892 804 977 inmunibusobyssis¹3
853 910 1017 972 nunquam
1030 894 1206 955 naturalem
1225 895 1360 976 eligendi
1379 898 1566 975 facultatem,
1592 907 1624 962 et

48 988 190 1050 sedetiam
202 989 236 1049 in
247 988 308 1064 his,
320 1006 391 1069 quae
402 994 522 1050 naturae
531 992 607 1057 vim,
618 993 803 1069 captumque
852 984 1082 1046 indifferentem
1090 982 1252 1064 significet,
1268 995 1504 1072 opponeturque
1517 1011 1624 1055 neees-

47 1086 203 1161 mperant‚
237 1078 333 1160 Cujus
360 1080 444 1158 cult,
470 1086 633 1154 moeretur,
663 1088 691 1141 et
717 1098 803 1161 quem
852 1076 944 1149 sario,
960 1076 1043 1137 etad
1055 1097 1156 1140 unum
1169 1079 1274 1157 affixo,
1292 1082 1368 1144 alias
1381 1088 1495 1145 statum
1510 1104 1623 1165 quem-

49 1172 111 1248 cult,
126 1171 272 1233 indurat'.
288 1173 336 1246 Et,
353 1171 498 1253 Spiritus,
519 1172 570 1233 ubi
589 1171 670 1249 vuit,
692 1172 801 1253 spirat,
853 1169 926 1229 dam
938 1169 1053 1230 indicet
1072 1171 1229 1247 servituti,
1245 1172 1294 1234 vel
1308 1175 1477 1254 captivitati
1500 1183 1622 1240 eontra·

50 1273 78 1326 et
87 1270 223 1326 sexcenta
235 1264 471 1344 ejusdemmodi,
483 1284 553 1345 quse
562 1264 802 1340 indifferentem,
851 1260 947 1335 rium,
960 1261 1011 1322 cui
1023 1262 1070 1323 vis
1083 1268 1115 1323 et
1124 1264 1240 1326 coactio
1250 1268 1416 1347 respondet
1424 1286 1462 1329 ex
1471 1271 1599 1333 adverso
1613 1291 1622 1347 ;

46 1363 73 1417 et
85 1357 165 1418 nulla
178 1356 349 1436 obligatam
362 1355 542 1419 necessitate
563 1358 617 1418 Dei
634 1357 668 1417 in
682 1357 802 1435 agendo
852 1351 933 1413 hane
941 1358 1047 1414 tamen
1059 1356 1258 1432 posteriorem
1266 1360 1427 1421 notionem
1438 1360 1478 1422 ad
1487 1362 1623 1441 priorem

46 1450 204 1511 mertuum
224 1466 290 1510 esse
308 1450 513 1530 persuadent;
536 1450 620 1529 quod
642 1449 676 1509 in
695 1450 802 1527 quinto
852 1444 972 1505 referri.
999 1447 1124 1507 Etenim
1142 1450 1293 1510 naturalis
1318 1451 1371 1512 illa
1396 1452 1487 1514 liberi
1504 1455 1624 1517 arbitrii

47 1541 178 1604 illolibro
189 1540 282 1602 latius
297 1542 508 1622 exposuimus.
851 1534 979 1598 facultas
1001 1539 1062 1599 hoe
1087 1539 1241 1602 voluntati
1267 1542 1388 1621 tribuit,
1418 1549 1455 1606 ut
1479 1564 1525 1623 ea,
1552 1566 1622 1627 quae

79 1633 126 1695 lli.
149 1634 261 1712 Atque,
276 1638 312 1694 ut
325 1640 357 1694 et
369 1632 484 1695 divina
500 1632 649 1694 libertatis
667 1630 802 1695 conditio
851 1629 928 1702 vult,
945 1628 1050 1708 eligat,
1074 1637 1106 1692 et
1132 1650 1171 1693 ex
1189 1633 1331 1712 pluribus
1356 1636 1398 1710 id,
1422 1639 1506 1717 quod
1522 1639 1624 1701 visum

46 1726 144 1788 melius
158 1725 286 1804 intelligi
300 1725 415 1805 possit,
435 1731 467 1786 et
493 1725 608 1805 nuperi
634 1723 801 1786 commenti
851 1720 955 1800 fuerit,
970 1739 1006 1783 ao
1015 1725 1113 1802 magis
1123 1724 1283 1803 placuerit,
1293 1732 1544 1810 assumat3qnod
1554 1737 1623 1794 tum

48 1818 194 1898 mastigia
206 1818 376 1891 diluantur,
391 1836 489 1898 pauca
510 1818 548 1878 de
565 1817 707 1879 libertate
731 1818 801 1878 uni·
852 1814 992 1893 eripitur,
1021 1816 1048 1875 si
1072 1824 1117 1877 est
1131 1818 1208 1877 certi
1239 1836 1275 1879 ae
1308 1820 1503 1883 determinati
1530 1826 1624 1887 unius

47 1928 121 1972 verse
141 1910 190 1971 bic
212 1910 486 1973 animadvertenda
512 1915 596 1971 sunt.
627 1911 800 1989 Imprimis,
852 1906 980 1984 optandi
1000 1907 1086 1968 illata
1106 1909 1279 1971 necessitas.
1305 1912 1387 1973 Tum
1408 1916 1492 1976 enim
1511 1916 1625 1979 delibe-

47 2022 107 2065 eum
126 2003 239 2081 duplex
258 2002 352 2081 vulgo
377 2001 542 2064 constituta
567 2002 608 2062 sit
633 2000 666 2061 in
690 2003 803 2064 scholis
851 1998 943 2073 ratio,
954 2003 985 2059 et
994 1999 1177 2061 consultatio
1188 2001 1325 2078 tollitur;
1342 2004 1495 2067 minuitur
1504 2014 1621 2086 autem,
1725 2038 1733 2043 ·

47 2095 169 2167 libertas,
183 2114 259 2171 una,
274 2112 346 2173 quas
360 2093 593 2172 contrarietatis,
611 2094 719 2169 alteru,
732 2113 802 2174 ques
852 2091 1046 2169 nonpenitus
1058 2080 1465 2173 amputaturarbitriiliberi
1476 2104 1622 2176 potestas,

15 2243 16 2248 ,
47 2187 270 2249 muradicticmi
283 2187 411 2261 dicitur;
424 2185 560 2265 priorem
573 2204 638 2246 non
652 2184 694 2248 sie
708 2186 803 2247 inter-
851 2198 924 2242 eum
938 2182 978 2243 ad
992 2201 1092 2244 unum
1106 2183 1183 2245 illud
1197 2185 1448 2267 amplectendum
1462 2189 1492 2249 vi
1507 2193 1623 2253 extrin-

49 2280 214 2361 putandam
226 2298 305 2353 esse,
321 2285 471 2358 tanquam
492 2279 574 2339 inter
589 2296 626 2339 ea
646 2278 711 2339 sola
731 2297 800 2340 ver·
851 2290 939 2334 secus
952 2274 1090 2337 adhibita
1106 2277 1238 2356 cogitur,
1263 2284 1295 2339 et
1316 2298 1378 2359 quo
1401 2281 1501 2360 major
1518 2282 1565 2343 vis
1578 2290 1624 2344 est

12 2395 14 2404 ’
49 2380 133 2449 setar,
158 2389 227 2453 qum
251 2370 377 2453 proprie
400 2369 554 2431 contraria
580 2370 742 2445 dicuntur,
766 2377 803 2432 ut
851 2364 915 2438 illa,
927 2383 964 2425 eo
979 2368 1083 2428 minus
1094 2367 1244 2429 libertatis
1254 2369 1334 2431 inest
1346 2371 1380 2432 in
1394 2372 1524 2451 agendo.
1544 2375 1623 2435 Nam

48 2479 107 2527 sunt
129 2465 250 2526 bonum
273 2471 304 2525 et
330 2462 460 2538 malum,
483 2460 593 2535 virtus,
622 2467 653 2522 et
676 2462 800 2540 vitium,
851 2456 901 2517 cui
915 2456 1130 2536 impedimenti
1143 2458 1259 2539 aliquid
1274 2461 1435 2540 objicitur,
1455 2466 1623 2543 quominus

49 2564 124 2637 turpe
153 2563 183 2619 et
208 2556 393 2630 honestum
424 2553 477 2616 sed
512 2572 549 2615 ea
574 2572 802 2634 nonnunquam
850 2547 894 2624 id,
909 2549 994 2629 quod
1010 2550 1089 2626 vult,
1113 2558 1197 2628 agat,
1217 2553 1244 2613 ei
1259 2553 1384 2615 libertas
1402 2554 1494 2635 plena
1516 2557 1622 2619 detra·

49 2650 187 2711 nominari
198 2647 364 2721 contraria,
380 2664 450 2727 quae
469 2645 528 2706 sub
542 2646 650 2707 eadem
663 2646 739 2707 boni
753 2647 802 2708 vel
849 2640 955 2717 hitur3
985 2659 1021 2701 ac
1048 2646 1134 2703 tento
1156 2643 1260 2705 minus
1275 2646 1373 2707 utitur
1400 2664 1456 2708 sua
1466 2660 1476 2717 ,·
1506 2655 1623 2729 quanto

48 2743 120 2820 nai,
138 2742 171 2802 id
187 2746 235 2802 est
247 2739 370 2801 honesti
382 2739 434 2800 vel
459 2736 559 2817 turpis
580 2738 681 2817 specie
706 2738 801 2799 eollo-
851 2733 950 2814 magis
963 2752 1002 2795 ex
1020 2733 1121 2796 aliena
1134 2735 1293 2798 voluntate
1315 2739 1440 2817 pendet.
1464 2741 1560 2819 Cujus
1578 2742 1624 2803 rei

49 2841 153 2911 untur,
168 2852 205 2895 ac
218 2830 573 2906 tantummododiversa,
582 2834 638 2890 aut
649 2830 803 2909 disparata
850 2826 938 2887 nulla
946 2826 1033 2887 reddi
1047 2826 1109 2888 alia
1121 2846 1214 2889 causa
1226 2833 1339 2908 potest,
1353 2830 1413 2890 nisi
1422 2832 1506 2910 quod
1517 2832 1623 2894 minus

49 2933 117 2987 sunt.
139 2928 230 3003 Nam,
260 2942 332 2985 eum
358 2923 460 2984 omnis
488 2921 579 2982 liberi
604 2921 740 2996 arbitrii,
772 2930 803 2984 et
851 2923 897 2979 est
923 2917 1096 2997 indifferens
1129 2920 1169 2979 ad
1201 2921 1357 2981 utrumvis
1390 2922 1621 3001 asciscendum,

49 3019 196 3081 uoluntatis
224 3017 333 3079 electio
360 3034 399 3077 ex
431 3013 664 3084 consultatione,
680 3021 711 3075 et
731 3034 803 3077 oon·
850 3010 951 3089 magis
974 3015 1080 3071 autem
1106 3009 1140 3071 in
1167 3011 1301 3072 alterum
1328 3012 1514 3090 inclinatur3
1537 3016 1623 3078 velut

48 3110 96 3171 sitii
113 3110 254 3192 capiendi
274 3107 494 3169 deliberatione
512 3113 672 3181 nascatur,
689 3114 718 3168 et
732 3125 802 3168 eam
851 3106 982 3176 statera,
1017 3102 1147 3163 alteram
1182 3101 1304 3164 lancem
1334 3111 1550 3185 praegravante
1584 3127 1622 3170 ac

49 3204 202 3264 numano
222 3200 456 3263 antecedentem
474 3197 603 3273 habeat3
624 3198 752 3260 totidem
770 3199 803 3259 in
852 3194 1043 3273 deprimente
1053 3192 1202 3273 pondere,
1214 3195 1423 3275 aequilibrium
1432 3218 1497 3259 non
1509 3207 1620 3277 servet,

49 3290 392 3366 rebussitaesteleetio,
412 3289 546 3368 quoted
568 3289 802 3351 deliberandum
851 3286 905 3346 sed
932 3286 967 3345 in
992 3302 1088 3346 unam
1114 3291 1234 3365 partem
1261 3304 1387 3363 vergere
1413 3290 1533 3369 incipit.
1558 3293 1622 3354 Hoc

49 3388 195 3467 propositae
213 3404 279 3448 esse
294 3389 434 3465 possunt.
452 3381 534 3441 Sunt
546 3388 651 3441 autem
664 3381 803 3461 quinque
851 3383 955 3439 autem
981 3377 1095 3457 partim
1124 3377 1155 3437 vi
1180 3398 1216 3440 ac
1241 3386 1347 3457 metu,
1376 3388 1408 3443 et
1434 3384 1623 3445 extrinsecus

49 3493 146 3553 genera
156 3496 277 3551 rerum,
294 3475 333 3537 de
349 3474 463 3555 quibus
482 3472 647 3534 deliberari
660 3474 749 3549 solet,
766 3482 801 3536 ut
846 3469 989 3555 adhibito
1003 3469 1143 3531 cruciatu
1161 3470 1207 3544 tit,
1229 3490 1308 3533 -eum
1333 3473 1373 3533 ab
1398 3475 1499 3536 invito
1522 3494 1622 3539 unum

49 3567 404 3633 adversusPanaetiumin
411 3562 555 3645 primode
568 3563 686 3645 Officiis
692 3565 803 3644 probat
851 3568 1053 3641 extorquetur
1077 3580 1094 3622 e
1116 3562 1249 3639 duobus,
1274 3565 1359 3644 quod
1381 3564 1512 3628 minime
1534 3568 1620 3644 vult,

50 3662 150 3738 Cicero,
162 3668 241 3743 quot
254 3659 369 3722 seilicet
379 3658 412 3718 in
421 3656 649 3721 dubitationem
660 3657 800 3719 veniunt.
850 3654 966 3732 partim
974 3653 1166 3731 blandiente,
1181 3655 1260 3716 etad
1272 3674 1304 3718 se
1318 3656 1459 3719 trahente
1473 3660 1622 3739 propositi

49 3753 121 3828 dam,
141 3756 352 3816 honestumne
374 3749 456 3811 lactu
470 3749 520 3824 sit,
535 3766 577 3809 an
596 3755 698 3828 turpe,
719 3769 804 3830 quae-
850 3745 926 3807 boni
953 3746 1064 3826 specie,
1080 3747 1145 3808 siue
1158 3766 1336 3828 repugnans
1350 3749 1466 3831 alioqui
1486 3751 1567 3812 ratio
1585 3770 1621 3812 ac

49 3846 130 3923 ritnr3
152 3853 224 3908 tum
250 3844 327 3906 utile
354 3861 396 3903 an
418 3839 566 3915 noxium;
586 3841 678 3901 tertio
697 3846 802 3903 utrum
850 3838 992 3899 voluntas
1012 3837 1162 3918 paulatim
1181 3836 1362 3902 labefactata
1376 3860 1413 3902 eo
1427 3842 1619 3922 perducitur,

48 3939 98 3999 utri
109 3938 347 4019 preterendum,
362 3951 582 4013 compugnare
595 3932 719 3993 ridetur
729 3952 801 3995 cum
850 3935 886 3989 ut
899 3930 1008 4010 etipsa
1022 3935 1132 4008 sponte
1147 3931 1336 4008 consentiat,
1351 3932 1415 3993 sive
1430 3951 1495 3993 non
1511 3934 1618 4007 invita,

48 4027 158 4093 honesto
192 4031 247 4107 id,
282 4028 367 4109 quod
395 4025 518 4087 videtur
547 4025 639 4098 utile;
668 4032 800 4105 quarto,
850 4021 904 4083 sed
917 4023 1043 4094 ardens,
1065 4026 1096 4082 et
1116 4021 1310 4083 inflammata
1330 4023 1376 4084 rei
1389 4024 1514 4102 objecta
1535 4023 1622 4105 eupi-

48 4120 151 4184 duobus
163 4120 331 4204 propositis
345 4117 495 4187 honestis,
507 4123 616 4177 utrum
627 4116 799 4193 honestius;
850 4114 945 4174 ditate
958 4119 1023 4174 toto
1038 4113 1073 4173 in
1085 4129 1155 4174 eam
1168 4113 1289 4192 impetu
1301 4115 1432 4194 rapitur.
1450 4115 1620 4196 Utrobique

48 4213 179 4295 demque,
202 4213 327 4276 duobus
345 4210 508 4292 propositis
521 4208 665 4285 utilibus,
693 4217 801 4271 utrum
851 4223 924 4284 ergo
939 4204 1178 4282 determinatur,
1198 4212 1229 4266 et
1243 4206 1299 4266 uni
1317 4205 1453 4287 cuipiam
1468 4207 1621 4269 addicitur

49 4308 145 4369 uibus.
160 4310 207 4368 Em
222 4307 262 4368 iis
273 4303 413 4385 quinque
430 4301 619 4363 deliberandi
631 4302 803 4363 rationibus
849 4297 994 4358 uoluntas
1006 4296 1152 4374 hominis,
1177 4302 1213 4357 ut
1231 4315 1268 4358 eo
1295 4298 1400 4359 minus
1419 4304 1491 4378 agat
1509 4299 1618 4373 libere,

49 4396 104 4459 dne
111 4401 157 4462 vet
165 4406 231 4461 tres
240 4398 359 4478 priores
365 4413 413 4471 ea,
426 4413 496 4475 quae
506 4399 582 4454 sunt
592 4394 717 4473 proprie
730 4413 803 4455 eon·
850 4409 913 4469 quo
927 4390 1031 4449 minus
1044 4389 1078 4448 in
1087 4394 1237 4467 potestate
1250 4389 1354 4465 habet,
1364 4395 1399 4450 ut
1408 4391 1467 4452 hoe
1480 4392 1530 4453 rel
1543 4392 1620 4454 illud

50 4492 135 4567 traria,
162 4490 352 4571 respiciunt3
382 4486 550 4566 inquibus
575 4503 648 4547 eum
671 4485 801 4548 honesto
851 4482 961 4560 eligat;
985 4500 1043 4542 nec
1059 4480 1097 4541 de
1120 4499 1157 4542 eo
1171 4481 1372 4560 deliberandi,
1389 4488 1420 4544 et
1433 4484 1554 4546 consilii
1570 4504 1620 4547 ea-

49 4586 131 4663 tnrpe,
146 4590 289 4645 anteum
299 4581 393 4642 noxio
407 4579 493 4655 utile,
509 4584 564 4639 aut
585 4594 657 4639 cum
670 4577 801 4640 honesto
850 4574 956 4654 piendi
965 4573 1017 4651 jus
1030 4572 1154 4634 retinet.

49 4674 108 4736 utile
116 4671 583 4753 contenditur;postremaeduae
591 4670 803 4731 interdiversa
891 4667 926 4727 V.
951 4665 1159 4740 Quamobrem
1173 4683 1235 4744 quo
1249 4665 1431 4748 quisqueab
1446 4668 1531 4730 omni
1546 4688 1620 4732 eon-
1665 4710 1769 4762 Quanam

47 4764 508 4848 snbeademspeeieversantur,
524 4780 594 4842 quae
607 4767 712 4822 tamen
726 4779 801 4822 con·
851 4758 1049 4838 cupiscentia,
1061 4767 1092 4819 et
1100 4758 1198 4819 animi
1204 4759 1447 4838 perturbatione,
1463 4780 1499 4822 ae
1509 4762 1620 4824 morbo
1669 4766 1769 4862 pm·

48 4859 125 4920 buia
139 4861 298 4934 dieumur,
319 4856 350 4918 id
370 4863 417 4918 est
430 4856 590 4936 opposita;
606 4854 755 4933 quoniam
769 4853 802 4913 in
850 4851 981 4912 solutior
994 4855 1051 4927 est,
1066 4868 1103 4912 eo
1117 4856 1163 4911 est
1175 4850 1321 4928 liberior;
1343 4871 1408 4913 non
1421 4853 1532 4930 modo,
1548 4855 1621 4935 quia
1762 4849 1767 4859 “

47 4945 800 5033 censilioeapiendosecuminvieemquodammodo
849 4943 995 5004 servitute
1004 4942 1062 5003 ista
1070 4961 1135 5003 non
1143 4948 1268 5004 tenetur
1279 4942 1420 5006 illiberali
1432 4963 1468 5006 ac
1481 4946 1618 5023 sordida3

45 5041 217 5123 confligunt,
244 5060 304 5103 nec
329 5046 399 5102 tum
424 5057 505 5112 esse,
531 5037 565 5098 id
593 5042 639 5099 est
666 5037 798 5098 obtineri
853 5034 1052 5116 (quaestione
1062 5036 1179 5096 dietum
1194 5035 1477 5116 astaphilosophis,
1485 5039 1621 5101 maxime

44 5130 124 5194 simul
135 5135 228 5197 ambo
241 5139 383 5215 possunt.
399 5132 431 5194 Si
444 5131 530 5194 enim
542 5136 684 5209 possent,
699 5128 802 5189 omnis
852 5128 974 5204 Stoicis,
989 5126 1090 5187 solum
1104 5127 1285 5207 sapientem,
1301 5128 1334 5189 id
1346 5133 1394 5190 est
1406 5129 1540 5208 perfecta
1557 5132 1620 5193 vir-

41 5222 98 5299 ium
119 5233 198 5289 emet
223 5244 307 5289 eum·
322 5224 514 5287 dubitatione
542 5222 663 5283 sublata
686 5220 802 5284 delibe-
850 5225 917 5281 tute
928 5218 1111 5300 praeditum,
1133 5219 1268 5282 liberum
1281 5238 1358 5297 esse,
1371 5220 1445 5299 quia
1462 5222 1547 5283 «soli
1562 5223 1621 5284 hoc

43 5317 120 5381 ratio.
851 5312 1002 5392 contingit
1015 5311 1158 5392 sapienti,
1169 5311 1212 5374 ait
1219 5311 1341 5373 Tullius
1351 5310 1374 5386 ‘,
1391 5318 1427 5373 ut
1438 5313 1517 5375 nihil
1529 5313 1621 5375 facitu

67 5521 144 5571 tPsst.
158 5537 267 5571 mma·
279 5527 294 5571 2
305 5527 365 5572 Pom.
377 5537 405 5580 is,
421 5525 479 5571 t&-
496 5525 510 5569 s
522 5523 603 5571 Pcrcd.
615 5534 644 5568 u.

188 5606 270 5669 Tou.
286 5606 339 5669 tv.
1443 5598 1482 5660 28
