3932 6172
343 376 403 439 324
850 377 1174 442 nnsotooleounn
1194 374 1411 441 mentuunt

344 549 375 605 et
387 562 450 624 qua
462 543 598 620 nolente,
609 544 645 605 tit
658 544 784 625 aliquid.
800 545 877 607 Vult
890 546 992 624 enim,
1007 552 1039 609 et
1052 563 1107 609 cu·
1159 545 1244 625 quod
1266 550 1296 606 rt
1308 548 1459 623 ἀδιάφορον,
1475 539 1509 601 id
1521 543 1568 601 est
1578 537 1786 622 indifferenter
1800 545 1884 603 duur

343 636 500 715 pidissime
525 639 615 714 vult,
645 638 684 698 ad
710 639 794 717 quod
819 638 1020 700 satalisillum
1033 640 1109 700 ordo
1158 635 1326 698 voluntatis
1335 637 1507 713 extorquet.
1520 633 1591 694 Non
1604 632 1694 693 alitur
1702 632 1739 693 de
1750 631 1798 693 tati
1807 650 1885 695 neree

343 728 509 807 compellit,
535 731 656 791 tametsi
668 730 839 791 necessario
850 730 941 809 yelit3
966 731 1050 810 qnod
1064 730 1111 791 illi
1159 730 1248 790 sitate
1262 723 1516 801 Bardesanes³,et
1525 724 1671 803 Origenes
1679 724 1759 802 apud
1771 726 1885 786 eunden

343 819 440 880 libero
454 819 582 881 arbitrio
596 821 675 882 nihil
688 821 794 883 obesse
806 827 928 901 putant.
944 822 1037 902 Atqui
1050 822 1110 883 hoc
1159 820 1329 882 Eusebium
1342 814 1543 878 existimant&
1559 816 1716 878 Manifeste
1722 815 1753 877 id
1759 834 1823 877 vero
1833 818 1886 877 dre

343 911 420 972 illud
433 913 738 993 est,quodantiqucs
753 916 857 975 Patres
872 914 1017 977 dicebam
1034 933 1109 976 con·
1158 913 1264 992 gorius
1291 909 1501 971 Nazianzenus
1525 908 1657 971 ostendit
1681 908 1715 968 in
1740 907 1886 969 cumines

342 1008 391 1063 tra
403 1002 457 1063 fati
475 1004 649 1069 defensores
676 1005 889 1087 praescribere,
914 1007 1008 1068 talem
1021 1024 1059 1069 ex
1071 1026 1108 1069 eo
1157 1005 1354 1079 dresserum,
1369 1002 1453 1081 quod
1466 1000 1514 1062 est
1531 1000 1567 1062 de
1580 997 1777 1075 Prouidentia,
1797 999 1888 1061 uhisd

341 1097 556 1158 necessitatem
585 1098 672 1178 sequi
699 1116 770 1178 que
792 1098 913 1161 arbitrii
933 1100 1109 1162 libertatem
1156 1113 1266 1159 versus
1278 1094 1333 1157 lati
1344 1093 1539 1172 defensores,
1567 1099 1599 1155 et
1620 1091 1814 1171 genethliacos
1827 1092 1889 1154 unit

341 1188 569 1251 tollitemedio.
1157 1190 1222 1250 sic:

380 1280 433 1341 XI.
457 1282 581 1342 Rursus
600 1281 634 1342 in
647 1288 732 1343 sexto
747 1283 858 1364 capite,
873 1281 908 1344 in
922 1300 985 1364 quo
997 1285 1107 1346 adver·
1346 1328 1351 1333 -

339 1389 392 1432 sus
404 1372 503 1434 fatum
516 1374 638 1454 plenius
649 1382 894 1455 argumentatur,
911 1376 1109 1441 sicinterelia
1230 1359 1316 1435 Etptp
1330 1357 1417 1423 ’‘wi’‘
1429 1358 1611 1432 toorcptpu,
1624 1357 1703 1414 salvos
1712 1360 1811 1433 septopp

339 1464 480 1527 disserit:
509 1467 624 1528 frustra
636 1485 702 1529 esse
716 1468 952 1546 cohortationes,
975 1474 1006 1530 et
1019 1471 1108 1532 casti·
1227 1425 1373 1549 iptoapae
1389 1442 1418 1497 τὸ
1431 1444 1508 1546 Q
1522 1441 1549 1496 δὲ
1558 1442 1600 1496 καὶ
1610 1442 1786 1547 αὖῖὀῖἷκωος
1797 1439 1877 1495 Μαι·

339 1558 489 1636 gationes,
506 1558 618 1639 quibus
639 1576 658 1619 a
685 1560 850 1621 sceleribus
863 1579 1007 1622 revocare
1032 1562 1108 1624 alios
1228 1529 1341 1632 ⁰⁰3⁶J‘
1356 1525 1641 1600 ³⁰²²⁹3¹²⁵¹⁰WW
1653 1527 1848 1632 ”imvm

339 1650 509 1729 studemus,
523 1650 659 1712 silatum
674 1658 719 1713 est
732 1652 766 1713 in
774 1652 868 1714 rebus
881 1652 1109 1732 atquodzoeur
1228 1612 1333 1680 BQ
1346 1609 1390 1680 ἠδὲ
1400 1610 1477 1685 ⁹⁶⁰²⁰¹
1492 1611 1569 1674 πόλος
1583 1612 1611 1666 δέ
1624 1630 1655 1684 ¹²⁶
1669 1613 1725 1687 *⁶⁸⁶
1737 1609 1838 1665 ‘Ma'

339 1761 401 1819 me,
410 1743 522 1824 inquit,
537 1745 675 1823 castigas,
702 1750 733 1805 et
745 1744 911 1818 admones,
927 1744 971 1805 mi
988 1745 1108 1807 homo?
1161 1792 1177 1831 p
1198 1770 1233 1835 Si
1247 1771 1331 1834 enim
1340 1773 1473 1835 circulus
1487 1774 1592 1836 omni,
1603 1772 1677 1849 fert,
1696 1770 1773 1833 phu,
1785 1771 1891 1834 cimam.

338 1835 413 1896 Haec
425 1835 510 1898 enim
522 1854 588 1896 non
610 1843 684 1897 sunt
697 1837 731 1897 iu
744 1842 892 1916 potestate
911 1854 982 1898 mea
994 1839 1105 1917 posita,
1734 1863 1889 1944 [volutione¹

339 1928 385 1988 ilfi
409 1928 544 1989 liberum
567 1934 686 1990 mutem
711 1929 1011 2036 ffljbstlillfflffntum·
1027 1932 1108 2035 Nam
1157 1954 1276 2038 Raptor
1290 1956 1891 2039 cumirnpetu3porrovoluntatemetian

338 2024 411 2081 ante
425 2020 587 2081 metatum
600 2026 771 2100 occupant.
786 2022 866 2095 Quid
886 2028 981 2100 rgrtur
998 2027 1108 2084 attinet
1531 2050 1643 2131 [ipsam
1657 2048 1784 2111 circulus
1795 2047 1890 2109 inferet,

338 2111 378 2173 ad
391 2111 642 2217 idcontendere,
664 2128 727 2216 {1¹¹⁰
749 2131 790 2173 ¹¹⁰
809 2113 969 2218 Wlffllmfe
982 2112 1108 2220 ‘Iniqem
1156 2139 1263 2223 Neque
1277 2141 1340 2205 ulia
1354 2161 1424 2205 mea
1442 2144 1607 2223 propensio
1632 2143 1674 2204 ad
1698 2140 1801 2203 melios
1819 2139 1892 2201 addo·

337 2202 411 2264 lcrrr
424 2208 544 2283 potero,
563 2221 623 2264 rnsr
634 2204 771 2284 1d1psum
791 2203 854 2266 fato
868 2206 945 2266 m1h1
959 2212 1107 2268 constitu·
1830 2235 1892 2310 pm,

336 2300 406 2356 turn
419 2295 479 2355 sit?
492 2295 586 2356 Ferar
612 2300 718 2357 autem
744 2315 781 2357 co
807 2296 982 2375 voluntate,
1010 2298 1036 2359 si
1048 2299 1108 2362 hoc
1158 2323 1286 2388 Consilii
1329 2328 1380 2390 ,ep
1403 2326 1536 2389 mentis.
1586 2328 1657 2390 olus
1681 2323 1893 2389 ,upempupmp

337 2387 415 2447 milri
428 2387 520 2449 fatale
535 2393 591 2461 est,
617 2387 737 2450 etiamsi
759 2387 837 2448 nihil
848 2388 1025 2469 precipias,
1041 2391 1108 2471 ipsa
1293 2373 1302 2397 ’
1527 2375 1537 2406 '
1565 2347 1585 2408 p
1739 2415 1890 2496 pempp,

336 2479 393 2540 lati
406 2483 584 2542 necessitate
597 2481 749 2542 adductus
763 2490 814 2542 «Ε»
832 2482 993 2544 Iussectere
1002 2483 1107 2564 itaque

336 2572 512 2634 voluntates
529 2573 706 2643 hominum,
724 2573 808 2635 etad
822 2574 992 2637 volendum
1004 2577 1106 2637 addu-
1156 2577 1239 2657 Ergo
1253 2584 1284 2640 et
1297 2579 1440 2641 voluntas
1453 2586 1559 2641 nostra
1585 2578 1673 2641 fatali
1698 2572 1893 2640 necessitatem

337 2683 416 2741 cere,
427 2665 481 2725 fati
496 2665 661 2726 necessitas
673 2666 789 2727 credita
803 2672 848 2727 est
861 2667 899 2727 ab
909 2667 957 2745 iis,
977 2687 1056 2747 quos
1069 2688 1106 2731 eo
1155 2671 1311 2745 agendum
1324 2672 1437 2734 adduci
1451 2673 1566 2734 credite
1579 2677 1625 2732 est
1638 2671 1680 2733 ab
1699 2670 1753 2748 iis,
1779 2668 1826 2749 qni
1842 2684 1894 2728 eon

335 2756 518 2819 refellebant
531 2760 655 2833 Patres,
685 2758 769 2837 quod
783 2776 855 2819 cum
868 2758 965 2820 libero
979 2760 1106 2822 arbitrio
1155 2762 1381 2824 asseverabant.
1404 2765 1442 2824 Et
1456 2763 1604 2825 Paulinus
1618 2762 1746 2843 epistola
1765 2776 1857 2824 xnmn
1866 2759 1894 2817 dc

335 2849 445 2928 nequit
456 2850 620 2911 necessitas
634 2850 693 2910 ista
708 2850 883 2912 consistere.
1155 2854 1292 2932 quodam
1312 2854 1368 2915 fati
1390 2855 1550 2917 defensore
1563 2854 1682 2932 scribit,
1694 2855 1792 2936 ipsum
1806 2855 1894 2912 oscus

376 2941 481 3021 Capite
490 2961 564 3004 vero
577 2959 661 3003 nono
674 2937 913 3003 idcmEusebius
927 2961 965 3003 ex
976 2943 1107 3005 Alexan-
1154 2950 1285 3023 nostros,
1302 2966 1380 3026 quos
1393 2948 1508 3008 summi
1522 2947 1648 3009 Domini
1664 2951 1794 3027 potestas
1816 2941 1894 3025 regib

335 3032 384 3093 dri
398 3033 645 3113 Aphrodisiensis
660 3033 670 3066 ¹
696 3034 775 3095 libro
789 3033 823 3095 de
836 3033 912 3096 Fato
923 3035 1022 3096 multa
1035 3037 1104 3098 des·
1155 3042 1187 3097 et
1199 3057 1255 3117 pro
1270 3040 1383 3101 uostris
1393 3040 1511 3102 meritis
1533 3039 1637 3116 vertit,
1667 3044 1724 3100 aut
1736 3037 1837 3116 dirigit,
1855 3051 1894 3094 rs·

335 3124 448 3201 cribit‚
479 3125 592 3206 quibus
618 3124 669 3187 ille
693 3124 749 3186 tati
773 3126 987 3188 necessitatem
1011 3128 1106 3189 simili
1154 3129 1219 3189 cuis
1238 3129 1397 3208 fatorum,
1423 3137 1619 3211 tortunaeque
1642 3129 1825 3206 nominibus,
1838 3132 1895 3187 tan·

336 3215 501 3296 impugnat
514 3223 709 3298 argumento,
726 3219 811 3297 quod
823 3219 958 3280 libertati
981 3219 1020 3280 sit
1046 3220 1106 3280 hu·
1154 3239 1249 3300 quam
1262 3222 1456 3285 aemulisDeo
1476 3223 1679 3304 potestatibus
1702 3220 1892 3284 subdidisset
1951 3260 1952 3295 ,

335 3326 436 3370 manae
449 3310 618 3371 voluntatis
631 3310 769 3371 adversa.
789 3311 868 3371 Nam
889 3311 1025 3372 liberum
1044 3311 1105 3374 ho·
1194 3313 1261 3373 Xll.
1279 3314 1351 3391 Sed,
1367 3316 1516 3394 quoniam
1529 3333 1631 3377 unum
1652 3333 1719 3395 prae
1732 3310 1894 3389 cunctisjac-
1951 3356 1952 3393 ,

333 3401 429 3462 minis
440 3403 605 3463 arbitrium
618 3403 699 3464 circa
712 3422 750 3464 ea
761 3403 878 3464 versari
889 3403 962 3465 dicit
975 3404 1106 3465 Alexan·
1154 3410 1222 3465 tant
1235 3405 1455 3485 Augustinum,
1471 3426 1508 3469 ec
1519 3407 1576 3468 toti
1587 3426 1626 3468 cx
1638 3424 1678 3467 eo
1690 3407 1819 3487 pendent
1827 3398 1896 3464 liberi
1951 3450 1952 3465 t

335 3493 415 3570 der,
455 3511 526 3574 quae
551 3501 727 3577 ἐνδεχόμενα,
764 3495 795 3556 id
828 3499 874 3557 est
908 3497 1106 3577 cootiopeotio
1155 3497 1276 3557 arbitrii
1290 3504 1506 3579 corruptores;
1522 3500 1582 3577 his,
1597 3517 1671 3578 quae
1690 3500 1729 3560 de
1748 3494 1896 3560 necessitate
1951 3490 1952 3575 i

334 3591 501 3664 vocantur,
528 3605 598 3666 qrrce
625 3587 739 3648 scilicet
760 3586 846 3665 lieri,
874 3587 925 3648 vel
947 3607 1011 3648 non
1038 3588 1106 3650 ficri
1154 3588 1211 3650 ista
1235 3590 1385 3652 hactenus
1411 3592 1558 3671 exposui,
1586 3591 1801 3653 assentientem
1827 3587 1897 3648 illum

334 3684 477 3756 possunt3
492 3678 541 3738 bis
555 3684 659 3739 nutem
672 3678 727 3738 fati
739 3680 901 3740 necessitas
914 3684 960 3739 est
981 3685 1106 3740 contra-
1155 3682 1302 3758 audiant,
1318 3688 1349 3743 et
1360 3682 1502 3744 dubitare
1515 3682 1678 3744 desinant:
1697 3684 1838 3757 «Fatum,
1860 3675 1898 3738 in·
1951 3682 1952 3723 ἲ

333 3770 390 3831 rta.
406 3773 453 3831 Ex
467 3770 581 3851 quibus
594 3770 720 3832 evidens
733 3775 796 3845 est,
811 3766 985 3849 cujusmodi
999 3790 1105 3833 ncces·
1156 3771 1247 3851 qnid,
1258 3775 1312 3853 qui
1326 3773 1493 3844 affirmant,
1505 3775 1543 3835 de
1563 3774 1703 3836 siderum
1715 3773 1852 3855 positione
1868 3767 1898 3828 ad

333 3861 407 3923 sitas
433 3863 634 3943 intelligenda
652 3863 714 3938 sit,
744 3880 841 3942 quarn
866 3862 993 3924 arbitrio
1008 3863 1107 3926 libero
1155 3870 1288 3946 tempus,
1304 3883 1366 3945 quo
1380 3866 1551 3945 concipitur
1560 3866 1704 3946 quisque,
1717 3860 1896 3933 velnascitur,
1951 3858 1952 3945 ,

333 3974 508 4036 repugnare
525 3955 692 4030 Eusebius,
721 3954 833 4035 aliique
844 3955 997 4034 judicant.
1016 3958 1106 4023 Quod
1156 3975 1232 4037 ques
1246 3957 1492 4022 constellationes
1504 3964 1629 4036 vocant,
1637 3977 1706 4020 non
1716 3958 1896 4022 solumactus‚
1951 3950 1952 4031 l

333 4048 538 4111 multoetiam
547 4048 688 4128 magisin
703 4048 904 4126 sequentibus
931 4050 1108 4111 Alexander
1155 4055 1187 4110 et
1200 4050 1526 4127 eventa,vernmetian
1545 4050 1627 4130 ipsas
1646 4056 1767 4112 nostras
1782 4047 1900 4108 volunta·

334 4140 373 4201 ab
388 4142 520 4203 Eusebio
534 4142 677 4203 laudatus
699 4140 860 4217 affirmat¹,
892 4142 968 4201 dum
981 4142 1106 4204 fatalem
1155 4145 1202 4202 tes
1213 4143 1348 4221 pendere
1362 4142 1595 4220 contendunt.»
1612 4141 1689 4216 Quis
1708 4159 1748 4204 ex
1759 4132 1900 4219 Augustini
1951 4160 1952 4231 ,

335 4234 547 4296 necessitatem
561 4224 627 4295 non
647 4251 756 4311 cogere
770 4232 897 4313 quidem
911 4234 1106 4296 uoluntatem
1155 4233 1257 4294 verbis
1280 4234 1345 4294 istis
1356 4253 1421 4295 non
1434 4234 1466 4295 id
1479 4252 1588 4295 verum
1608 4251 1676 4296 esse
1695 4232 1795 4295 statim
1806 4225 1900 4292 intelli·
1951 4242 1952 4311 ζ

334 4325 458 4399 fatetur,
474 4327 528 4388 sed
542 4326 640 4388 solam
654 4324 847 4387 deliberandi
858 4330 889 4385 et
897 4326 1104 4399 consultandi,
1154 4331 1217 4405 gat,
1234 4326 1318 4405 quod
1331 4326 1491 4406 hucusque
1513 4326 1748 4405 contendimus,
1762 4320 1901 4385 necessita·

335 4436 372 4477 ac
385 4417 481 4478 libere
494 4419 570 4479 adeo
585 4418 750 4497 uniusproe
758 4418 855 4479 altero
869 4418 1002 4498 eligendi
1014 4418 1107 4479 lacul-
1154 4423 1219 4478 tem
1231 4417 1356 4480 fatalem
1365 4437 1430 4480 non
1440 4437 1506 4480 esse
1515 4419 1591 4495 vim,
1600 4412 1902 4481 eteoactionemillan
1951 4446 1952 4503 ]

334 4514 432 4570 tatem
455 4509 591 4589 eriperc3
620 4510 725 4589 itaque
752 4509 826 4578 hoo,
853 4510 936 4588 quod
963 4510 1106 4572 voluntas
1154 4510 1390 4590 peremptricem
1399 4510 1616 4589 voluntatis‚et
1625 4529 1699 4591 quae
1709 4503 1901 4572 omnemttius
1951 4512 1952 4555 ἐ

335 4603 466 4682 appetit,
495 4609 622 4679 ἑκουσίως,
638 4608 669 4663 et
697 4609 827 4677 ἀειάστως,
855 4602 888 4663 id
901 4607 947 4663 est
960 4610 1062 4683 sponte
1076 4609 1107 4664 et
1154 4602 1362 4683 appetitrboem
1372 4605 1542 4683 extinguat,
1560 4608 1658 4683 quam
1669 4601 1845 4680 Grsecitpplv
1856 4613 1902 4675 tp·
1951 4598 1952 4677 f

335 4713 394 4755 oon
409 4701 506 4756 coacte
528 4694 633 4771 velle,
658 4712 723 4754 non
751 4700 858 4755 tomen
884 4693 992 4756 libere.
1008 4695 1107 4769 Quem
1154 4694 1282 4773 pellant,
1311 4696 1365 4756 sed
1391 4712 1463 4756 cum
1492 4695 1546 4755 illa
1559 4711 1698 4772 manere,
1723 4688 1903 4755 libomdnm·
1951 4728 1952 4733 κ

335 4786 503 4848 Alexandri
522 4787 627 4848 locum
636 4789 744 4865 postea
751 4786 893 4847 referam.
907 4788 990 4865 Ergo
999 4805 1106 4849 neces·
1154 4791 1241 4847 taxat
1253 4784 1374 4848 sublato
1395 4786 1461 4865 ejus
1475 4786 1625 4848 arbitrio?
1651 4788 1733 4849 Nam
1753 4782 1904 4846 volunute
1951 4784 1952 4787 ’

336 4879 409 4940 sitas
422 4879 476 4939 illa
497 4879 596 4940 fatalis
621 4876 771 4940 libertatis
786 4877 882 4938 hostis
905 4897 924 4938 a
948 4879 1106 4941 coactione
1155 4877 1308 4939 humanas
1321 4877 1436 4940 exfato
1449 4879 1609 4958 pendere,
1637 4879 1717 4940 nibil
1743 4893 1806 4938 esse
1821 4873 1905 4955 peleti
1951 4934 1952 4937 ,

335 4972 451 5050 differt,
466 4977 497 5035 et
522 4990 559 5033 eo
573 4972 639 5033 solo
652 4971 787 5033 liberum
801 4971 910 5033 evertit
927 4970 1101 5047 arbitrium,
1156 4970 1259 5046 aliud,
1277 4987 1373 5049 quam
1385 4970 1516 5049 moveri,
1530 4968 1659 5051 impelli,
1670 4987 1764 5052 egere
1777 4965 1903 5044 denque,
1951 5008 1952 5059 2

370 5192 391 5232 a
408 5177 505 5233 Eusss.
525 5177 554 5230 n
582 5170 664 5248 ped
687 5172 1105 5248 ἅνθρωπε,νουθετεῗς;ταῦταγᾶρ
1154 5170 1215 5244 πρὸς
1233 5167 1320 5224 estet
1334 5169 1510 5243 προθυμεῖσθαι
1523 5170 1678 5244 ὃυνήσωμαι,
1701 5167 1724 5224 rt
1752 5165 1906 5243 notrum

332 5259 440 5329 citrinos
456 5257 521 5313 ἔστὶν
537 5257 575 5313 ἐπ’
589 5258 654 5332 ἐμοὶ,
669 5259 699 5314 τὸ
718 5259 939 5332 protrimentis
954 5258 1104 5330 προαίρεσιν.
1155 5254 1314 5326 καθεὶμαρταί
1328 5272 1385 5326 pum
1400 5254 1588 5327 προθυμήσομαι
1602 5253 1638 5326 et,
1654 5252 1676 5307 rt
1695 5244 1906 5325 sculperent

331 5344 345 5411 ἡ
361 5344 408 5417 γὰρ
423 5344 556 5416 εἱμαρμένη
574 5344 761 5416 operationeque.
785 5344 814 5397 'll
832 5337 875 5396 οὖν
890 5344 931 5397 δεῖ
948 5332 1106 5396 evastasse
1156 5338 1214 5425 dtus-o
1228 5341 1272 5406 τῆς
1281 5341 1325 5406 σῆς
1335 5338 1502 5401 διδασκαλίας,
1516 5336 1565 5393 ὑπὸ
1579 5342 1622 5406 τῆς
1634 5336 1780 5410 εἱμαρμένης
1793 5334 1903 5406 dydpttm·

358 5538 368 5582 t
402 5538 544 5584 coluber
558 5531 1127 5593 ura-eeru.n.··snuset.n.cap.x.-t
1141 5533 1208 5580 tbc.
1223 5528 1774 5591 n.-5due.l.lloon.sp.nt²ctsa.utmtt.
1789 5532 1872 5583 crpu-
1951 5566 1952 5569 ,
