3934 6172
455 389 504 449 DE
524 388 688 451 orlatele
710 389 784 450 SEX
806 389 967 465 DIERUM,
990 391 1063 451 LlB.
1087 392 1125 470 ll,
1148 391 1232 453 CAP.
1255 394 1282 452 Ι.
1604 393 1658 453 til

117 551 168 612 IV.
184 550 269 613 Hauc
283 552 435 631 postremi
444 554 491 614 sui
504 555 605 635 operis
616 555 841 633 excellentiam,
892 574 949 636 per
963 561 1154 619 coeternum
1172 557 1257 617 Patri
1279 556 1415 618 Verbum
1439 561 1549 617 cauata
1563 563 1666 617 creata

84 660 145 721 qne
160 648 321 723 prestaret
345 646 462 706 ‹aetcris
479 647 636 723 omnihus,
652 648 845 710 demonstrat
894 648 966 723 siut,
983 648 1018 709 in
1031 650 1099 730 ipsa
1111 654 1218 710 tamen
1229 650 1379 710 relatione
1389 649 1552 710 creationis
1561 654 1666 709 osteu-

85 735 255 815 procreaudi
282 736 364 797 ratio
391 737 459 818 ipsa
484 737 583 815 aliter,
608 745 700 819 atque
724 740 757 802 in
778 741 845 802 aliis
894 740 1285 820 ditur‚quantumcuuctis
1299 741 1496 813 animalibus,
1512 746 1665 821 quantum

86 826 223 887 instituta.
243 828 327 889 Nam
347 830 387 890 ad
411 831 542 892 aliorum
562 832 759 894 molitionem
779 833 844 895 solo
894 833 987 893 rebus
1002 832 1052 894 vel
1069 833 1254 908 caelestibus,
1281 834 1334 894 scd
1354 839 1460 894 mareu
1479 833 1666 894 insensibili·

87 938 150 981 usus
168 919 312 1000 imperio,
335 921 422 982 hire
434 930 461 983 rt
478 922 652 1003 factasunt,
678 924 843 1001 mandauit,
895 924 965 1000 hus,
986 925 1082 986 homo
1105 925 1296 1005 preferatur.
1317 926 1435 986 (limata
1447 925 1561 1005 quippe
1576 926 1664 1002 dixit,

14 1044 52 1091 ff,
86 1019 111 1071 et
128 1020 219 1073 ercam
245 1011 347 1089 sunt¹,
370 1013 425 1075 ubi
440 1015 479 1075 ad
503 1016 689 1079 creationem
711 1018 845 1078 hominis
896 1023 926 1078 et
950 1016 1029 1078 iacta
1055 1024 1138 1078 suut.
1167 1019 1245 1079 Cum
1269 1036 1343 1079 vero
1376 1018 1475 1078 facere
1506 1018 1667 1078 hominem

14 1096 63 1143 Μ·
87 1108 126 1165 θεῖ
143 1110 281 1183 ventum,
301 1060 500 1187 tahquamiu
514 1109 677 1188 exquisito,
696 1115 727 1170 et
740 1110 846 1171 indus·
897 1108 1045 1185 deceruit
1067 1110 1137 1184 hoc,
1168 1110 1251 1190 qrrod
1278 1115 1458 1171 reverenter
1471 1110 1667 1189 pensandum

14 1152 70 1301 Ξῖ·
88 1198 144 1257 trie
174 1196 302 1275 majoris
330 1217 436 1280 apere,
475 1200 730 1262 consultationem
759 1203 846 1282 prius
896 1207 952 1279 θεῖ,
969 1202 1139 1281 praemittit,
1154 1203 1280 1263 diceus:
1297 1201 1455 1265 Faciamus
1469 1201 1612 1270 homiuem
1629 1201 1669 1263 ad

14 1317 70 1357 mc
88 1287 207 1366 adhibet,
235 1307 272 1350 ac
293 1289 334 1352 de
353 1309 391 1352 eo
410 1291 548 1353 iaciendo
563 1293 732 1355 deliberat:
758 1296 846 1355 aTu-
897 1294 1071 1375 imaqaffnem
1096 1300 1125 1355 et
1145 1293 1368 1355 similitudinem
1395 1302 1468 1355 nostr
1460 1313 1536 1368 r,am
1553 1299 1610 1354 cta.
1626 1294 1667 1355 Ut

88 1380 215 1442 mulmis
228 1382 475 1461 quodammodo,
491 1385 535 1445 ait
555 1386 723 1465 Gregorius
736 1386 846 1466 Nyssa·
894 1386 1036 1447 videlicet
1039 1387 1136 1466 ,qrria
1158 1386 1316 1448 rationalis
1333 1393 1446 1447 natura
1463 1386 1664 1464 condebatur,

88 1491 147 1550 aas,
167 1479 306 1536 creatura
330 1476 451 1555 reliqua
470 1477 576 1538 diviua
594 1478 708 1539 virtrite
727 1480 844 1558 produ·
896 1479 985 1559 quasi
1000 1497 1072 1540 cum
1085 1480 1212 1540 consilio
1231 1480 1309 1541 iacta
1321 1479 1488 1540 videretur.
1505 1478 1597 1552 Quasi
1611 1497 1667 1559 per

88 1567 164 1642 dtur,
176 1566 239 1627 salo
260 1567 398 1647 imperio
411 1567 588 1630 subsistens
614 1570 758 1630 Hominis
770 1589 844 1632 vero
895 1572 1032 1633 studium
1055 1572 1094 1633 de
1115 1577 1198 1633 terra
1211 1571 1392 1652 plasmatur,
1413 1577 1444 1632 et
1465 1571 1666 1650 inspiratione

89 1662 259 1721 structuram
277 1660 446 1722 consilium
457 1662 622 1739 antecedit,
633 1668 664 1723 et
676 1663 716 1723 ab
729 1663 845 1726 artifice
895 1664 1063 1725 conditoris
1084 1665 1118 1725 iu
1137 1665 1250 1726 virtute
1273 1664 1398 1745 spiritus
1411 1664 1512 1725 vitalis
1525 1664 1664 1742 erigitur,

89 1750 145 1830 ipsa
154 1752 285 1830 quadam
298 1753 453 1814 sermonis
465 1755 598 1834 pictura,
609 1755 693 1834 quod
704 1754 846 1817 trituram
895 1761 931 1817 ut
942 1757 1067 1834 scilicet,
1085 1774 1150 1817 uon
1166 1775 1223 1836 per
1240 1756 1387 1836 jussionis
1399 1774 1518 1831 vocem,
1544 1757 1598 1817 sed
1610 1773 1666 1836 per

90 1847 153 1916 crat,
166 1843 374 1905 adumbratur
383 1844 407 1907 ἃ.
427 1869 439 1904 s
457 1838 545 1907 idem
559 1853 590 1908 et
604 1848 845 1926 chrysostomus
895 1849 1077 1924 dignitatem
1091 1849 1277 1929 operationis
1291 1851 1460 1925 exsisteret,
1469 1847 1523 1927 qui
1537 1848 1577 1909 ad
1588 1866 1665 1909 cau-

91 1935 286 1998 aaimadvertit
316 1937 449 1999 homilia
464 1956 486 1998 x
511 1938 542 1999 in
568 1937 722 2014 Genesim,
744 1941 844 2002 Theo·
898 1940 1007 2002 ditaris
1020 1941 1190 2021 imaginem
1202 1941 1304 2002 fiebat.
1322 1962 1337 1999 u

91 2025 176 2107 philus
193 2029 412 2091 Antiocheuus
431 2030 465 2091 iu
500 2031 636 2093 secunda
656 2030 696 2093 ad
715 2034 843 2118 Autoly-
937 2035 975 2094 V.
1000 2034 1126 2096 Addidit
1148 2034 1333 2096 Severianus
1352 2034 1446 2095 etiam
1463 2033 1551 2094 verbi
1573 2037 1665 2095 uota·

91 2136 153 2196 aaa,
166 2120 296 2199 cyrillus
310 2120 336 2197 ',
350 2121 465 2202 aliique
478 2124 602 2203 passim.
896 2125 1027 2202 tionem,
1058 2144 1120 2205 quo
1147 2126 1279 2188 humani
1309 2126 1445 2207 corporis
1479 2127 1667 2189 creationem

122 2211 368 2274 Tertullianusin
381 2215 514 2277 meando
528 2224 628 2277 contra
647 2216 842 2293 Marcionem,
897 2217 1055 2298 expressit.
1087 2218 1156 2280 Non
1191 2220 1275 2280 euim
1309 2219 1409 2298 lecisse
1442 2224 1575 2294 tautum,
1612 2225 1668 2281 aut

90 2321 192 2383 captu
213 2306 318 2380 aQuis
335 2307 469 2387 denique
488 2308 612 2387 diguus,
634 2308 745 2389 inquit,
762 2311 846 2372 iuco-
897 2329 1007 2371 creasse
1033 2310 1121 2388 dixit,
1136 2311 1290 2373 sedetiam
1316 2310 1467 2389 formasse.
1496 2310 1664 2386 Formauit,

90 2393 141 2457 lere
158 2397 207 2461 bei
225 2415 335 2478 opera,
356 2417 450 2479 quam
463 2400 559 2479 ipsius
572 2402 675 2481 imago
687 2408 718 2465 et
736 2403 843 2463 simili-
898 2401 992 2482 rpr'tur
1003 2402 1145 2464 Dominus
1159 2402 1237 2464 Deus
1249 2403 1397 2464 dominam
1411 2402 1447 2463 de
1462 2402 1664 2464 lirnoterrcei.

90 2488 173 2548 mdo'l
194 2491 267 2550 liam
285 2509 415 2571 quoque
432 2492 567 2571 bonitas,
585 2494 757 2573 etquidem
771 2514 845 2575 ope·
897 2494 940 2554 De
967 2513 1030 2574 quo
1056 2495 1099 2556 ita
1119 2495 1316 2572 Severianus,
1338 2515 1351 2553 a
1369 2496 1439 2555 Nou
1455 2495 1531 2556 dinit
1550 2495 1666 2575 simpli-

90 2580 333 2662 rautioroperata
342 2590 399 2660 est,
419 2603 484 2646 nou
499 2585 656 2665 imperiali
668 2587 774 2661 verbo,
791 2586 844 2649 sed
897 2585 982 2662 citer,
999 2586 1100 2651 Fecit:
1125 2588 1180 2649 sed
1201 2586 1306 2664 firmic,
1330 2587 1381 2649 vel
1391 2588 1548 2668 sonnacii.
1568 2589 1667 2649 Porro

91 2670 339 2750 hussiutmanu,
356 2676 449 2737 etiam
469 2678 563 2738 verbo
578 2677 755 2740 blandiente
768 2698 845 2759 proe·
895 2677 1039 2740 harmatio
1067 2679 1262 2759 elegantiam,
1292 2698 1327 2741 ae
1360 2685 1554 2741 venustatem
1582 2679 1666 2741 iudi-

91 2764 190 2826 missa:
217 2766 382 2830 Faciamus
401 2769 546 2831 hominem
568 2768 609 2832 ad
626 2770 797 2852 inopinam,
818 2780 845 2832 et
896 2777 945 2833 cat
956 2781 977 2832 ⁰.
991 2792 1007 2829 u
1022 2773 1123 2851 Atque
1136 2772 1196 2833 hoc
1209 2773 1247 2833 de
1257 2772 1393 2851 corporis
1405 2772 1500 2851 ipsias
1513 2771 1666 2833 affictione

91 2856 291 2920 amdaiadenem
317 2868 458 2923 nostram.
482 2863 605 2923 Bonitas
619 2862 707 2939 dixit,
723 2862 846 2925 bonitas
897 2864 1056 2944 Scriptura
1089 2864 1235 2944 prodidit,
1276 2865 1364 2943 cujus
1402 2864 1599 2942 elegantiam,
1636 2869 1667 2924 et

91 2948 165 3009 aaut
178 2950 339 3014 homiuem
348 2954 387 3015 de
398 2954 485 3028 limo,
500 2976 515 3014 u
531 2961 590 3016 etc.
605 2954 755 3021 Quisnam
771 2975 845 3017 vero
895 2955 1110 3017 admirabilem
1127 2961 1314 3017 structuram
1330 2962 1399 3016 tum
1426 2955 1544 3016 ibidem
1572 2956 1667 3017 Seve-

93 3040 142 3102 illic
156 3043 281 3123 laqueus
308 3046 524 3108 introducatur
549 3066 566 3107 a
590 3048 685 3124 Mose,
715 3049 775 3109 hoc
799 3054 845 3109 est
896 3048 1003 3109 cianus
1017 3046 1172 3127 praedicnt,
1195 3053 1263 3108 tum
1280 3053 1400 3108 veteres
1414 3047 1467 3108 alii
1481 3053 1546 3108 tam
1563 3047 1666 3108 Chris-

93 3151 217 3213 quaenam
238 3138 419 3201 divinarum
429 3139 528 3199 trium
540 3141 844 3219 personarum,etsd
895 3140 983 3209 tiaui,
1011 3156 1105 3218 mam
1132 3139 1262 3215 ethnici;
1292 3144 1327 3199 ut
1351 3139 1400 3200 vel
1436 3158 1475 3201 ex
1499 3158 1535 3200 eo
1564 3140 1666 3219 operis

93 3244 170 3304 mam
181 3247 281 3291 serrum
294 3230 457 3311 dirigatur,
473 3231 554 3292 nihil
571 3232 632 3293 hoe
644 3233 713 3294 loco
725 3233 840 3309 dicam;
895 3231 979 3292 illius
1000 3231 1144 3310 dignitas,
1154 3236 1185 3293 et
1218 3231 1395 3311 praestantia
1418 3232 1664 3311 commendetur,

93 3320 240 3382 amonim
256 3323 447 3403 explicatum
460 3324 538 3385 illud
555 3324 646 3385 estin
663 3324 845 3387 secuudode
896 3323 983 3402 cujus
1000 3324 1033 3383 in
1063 3322 1157 3384 vilem
1187 3322 1447 3403 deterrimamque
1480 3324 1666 3403 particulam

96 3409 221 3476 inuicte
234 3415 318 3476 lihro
332 3414 354 3477 ⁸.
383 3416 480 3478 Porro
509 3417 549 3479 ad
581 3418 724 3479 camdem
744 3418 846 3498 aperis
895 3421 1019 3476 tantum
1038 3415 1224 3494 dignationis
1248 3422 1278 3477 et
1298 3421 1425 3477 ornatus
1449 3417 1555 3477 diviua
1572 3416 1665 3478 honi-

94 3507 353 3569 commendaudam
378 3509 589 3588 prestantium
621 3510 755 3590 pertinet
785 3510 844 3571 hoc
895 3512 953 3585 tas,
968 3512 1000 3569 θῖ
1013 3507 1163 3587 sapientia
1177 3508 1316 3569 contulit.

94 3593 208 3677 insuper,
233 3600 320 3681 quod
345 3600 380 3661 iu
413 3602 550 3662 carmine
582 3601 618 3663 de
647 3600 843 3664 Prouidentia
936 3600 1111 3674 Quinetiam
1145 3600 1186 3662 ad
1210 3600 1294 3661 idem
1322 3600 1542 3663 illustrandam
1571 3602 1663 3677 valet

95 3685 207 3769 Prosper
219 3692 262 3754 ita
278 3691 402 3755 reduit.
894 3693 978 3772 quod
1000 3692 1127 3773 pulchre
1152 3693 1337 3754 Severianus
1364 3693 1482 3755 ibidem
1510 3694 1664 3774 observat,

894 3785 1059 3846 durium
1072 3785 1161 3862 illud,
1178 3786 1262 3864 quod
1286 3787 1319 3847 in
1331 3786 1460 3847 homine
1472 3787 1665 3866 procreando

200 3878 369 3957 aliumque
380 3879 484 3939 omnia
494 3878 589 3941 verbo
894 3895 930 3939 aa
944 3878 1060 3939 caeteris
1067 3877 1279 3939 animantibus
1288 3877 1529 3939 adlrihuitDeus.
1548 3878 1662 3956 «vide,

96 3961 235 4040 tonderet,
249 3970 336 4032 huuc
352 3971 509 4048 manibus,
530 3990 593 4052 quc
606 3972 677 4052 plus
689 3971 844 4052 genitoris
893 3969 1006 4050 iuquit,
1031 3970 1237 4032 differentiam
1257 3969 1423 4030 hominum
1442 3975 1473 4030 et
1484 3970 1662 4036 brutorum.

691 4065 843 4145 [haberat²
894 4063 932 4122 ln
957 4062 1162 4143 producendis
1182 4061 1310 4142 reliquis
1333 4062 1430 4122 simul
1454 4062 1560 4122 omnia
1582 4063 1665 4124 Deus

97 4148 483 4231 leuatusormarasurs.»
892 4155 1025 4232 induxit,
1045 4156 1104 4217 hoc
1132 4160 1178 4216 est
1203 4156 1342 4215 animam
1369 4155 1469 4234 ipsam
1497 4171 1563 4215 una
1592 4173 1664 4216 cum

893 4266 1031 4328 corpore.
1045 4247 1263 4309 Animadverte
1280 4264 1401 4325 quaeso:
1415 4246 1500 4307 Fecit
1509 4247 1661 4323 natatilia3

129 4339 207 4401 «Per
228 4360 341 4404 manus
372 4341 439 4421 ejus
464 4343 635 4423 plasmatus
661 4346 718 4417 est,
742 4341 845 4423 inquit
892 4359 1004 4418 corpus
1030 4339 1123 4400 simul
1150 4344 1182 4400 et
1213 4338 1352 4399 animam
1379 4341 1504 4400 creavit.
1532 4340 1661 4414 Educet,

98 4427 237 4511 heaeus‘,
255 4434 317 4496 hae
332 4439 389 4511 est,
411 4453 466 4515 per
486 4434 610 4512 Filium,
625 4440 656 4495 et
672 4434 841 4514 Spiritum3
891 4432 1005 4512 inquit,
1020 4436 1103 4492 terra
1117 4430 1277 4505 auimalia;
1296 4429 1412 4509 prodiit
1424 4448 1489 4492 una
1501 4448 1574 4492 cum
1593 4451 1663 4493 cor·

98 4522 189 4600 mitras
213 4532 243 4587 et
262 4525 365 4588 dixit:
389 4526 547 4588 Faciamus
577 4526 738 4588 bominem.
767 4549 778 4585 u
807 4528 845 4587 Et
892 4524 1072 4605 peucetiam
1086 4522 1200 4583 anima.
1217 4522 1344 4582 Homini
1362 4541 1436 4585 vero
1449 4524 1536 4604 prius
1549 4542 1662 4606 corpus

98 4612 239 4694 Gregorius
253 4620 337 4700 Papa
349 4625 414 4681 tam
427 4618 638 4699 hane⁸,quam
651 4619 844 4699 superiorem
891 4618 973 4686 fecit,
989 4616 1101 4677 deiude
1113 4615 1250 4676 animam
1259 4613 1283 4676 ‘l
1301 4637 1316 4673 u

98 4711 252 4772 anania
262 4711 442 4792 complexus
454 4717 519 4774 est:
535 4712 716 4789 «Quamvis,
728 4712 841 4792 iuquit,
932 4705 1152 4771 Tertullianus⁶
1163 4726 1236 4770 vero
1249 4707 1333 4769 illam
1345 4708 1445 4789 ipsam
1452 4707 1663 4791 productionis

125 4937 238 4993 adare.
266 4939 350 4998 Nrss.
378 4937 428 4994 lib.
453 4937 491 4995 de
512 4944 598 4995 Hom.
615 4938 695 5012 opis.
718 4954 780 5010 cap.
803 4952 843 4994 m.
932 4936 1039 4993 bGen.
1062 4951 1099 5008 n,
1124 4936 1151 4991 7.
1172 4934 1436 4999 delictissimi<
1460 4936 1502 4990 ata
1516 4936 1661 5011 ἄνθρωπον,

100 5012 292 5092 &enuchizaret
308 5040 360 5084 πως
374 5019 391 5089 ἡ
412 5021 489 5083 κτίσις
508 5021 556 5076 hnh
577 5026 621 5089 τῆς
633 5021 697 5084 θείας
718 5022 844 5095 δυνάμεως
893 5012 956 5093 gaiu
969 5017 1052 5072 λαὸὼν
1066 5017 1116 5072 tat
1131 5022 1174 5086 τῆς
1187 5021 1240 5091 γῆς.

99 5096 148 5168 itini
158 5108 191 5174 τῷ
201 5105 368 5177 manippum
381 5103 543 5177 ῖπισταμέῖη·
559 5107 603 5171 τῆς
614 5104 640 5159 δὲ
654 5109 698 5159 τοῦ
713 5104 841 5177 ἀνθρώπου
929 5118 944 5158 c
965 5105 1066 5160 Saeua.
1082 5102 1158 5158 hom.
1173 5118 1200 5156 v.
1216 5100 1267 5156 aar.
1276 5095 1344 5155 εἶπεν
1359 5101 1456 5167 ἁπλῶς,
1470 5101 1594 5173 ἐποίησεν,
1603 5102 1662 5158 ἀλλ’

99 5191 222 5254 Meis
230 5186 306 5259 βουλὴ
321 5188 477 5260 προηγεῖται,
491 5189 533 5241 nal
546 5191 711 5260 προτυποῦται
721 5185 787 5259 παρὰ
795 5193 839 5242 τοῦ
890 5184 991 5241 ἔπλασε·
1003 5186 1092 5248 κλάσις
1104 5185 1203 5257 λέγεται
1218 5183 1257 5239 ἐπὶ
1270 5188 1314 5252 τῆς
1327 5183 1482 5258 adaptaretur.

101 5268 253 5336 munuae
265 5269 364 5338 διὰτῆς
377 5270 508 5342 τοῦλόγου
521 5270 653 5343 γραφῆςτδ
668 5269 794 5343 ἐσόμενον,
924 5269 946 5325 d
964 5269 1065 5327 Savus.
1080 5268 1147 5325 ibid.
1168 5267 1247 5322 Βλέπε
1261 5269 1379 5341 διαφορὰν
1394 5269 1527 5342 ἀνθρώπων
1542 5270 1585 5324 καὶ
1599 5270 1661 5325 ἀλό-

14 5436 15 5477 i
122 5451 457 5517 tanumeros
469 5460 546 5516 ama
559 5459 627 5506 isar.
640 5458 806 5515 rari-acu.
818 5469 857 5513 vn,
872 5457 1001 5506 sunau
1012 5454 1296 5513 sarracenerum
1305 5456 1378 5503 acra.
1391 5457 1483 5503 axau.
1494 5468 1544 5515 up.
1556 5469 1660 5510 mus...

102 5514 444 5571 luniensem-recrearer
