3934 6172
303 378 361 440 lat
816 378 1141 441 resomaieoaun
1162 378 1379 441 manarunt

303 544 403 606 multa
416 545 522 606 minua
537 562 706 626 vesperam,
723 562 792 625 quae
813 545 989 608 communis
1004 563 1069 608 esse
1119 553 1229 626 ὴᾰργία,
1240 545 1273 606 id
1280 551 1427 626 estcpcrca
1434 545 1707 624 mneob,procedit
1717 545 1876 625 abrmpna

303 637 395 700 debet
407 638 615 699 antecedentis
626 638 715 715 lucia,
726 645 758 698 et
771 638 963 699 succedentis
971 638 1070 699 noctis
1120 638 1392 718 postParaseeven,
1405 637 1438 697 id
1446 655 1484 699 eo
1497 636 1575 715 fieri,
1598 660 1612 695 ο
1628 638 1712 717 quod
1725 643 1795 699 ante
1803 655 1877 700 sanc-

302 730 1070 811 terminusltaqne,siprovesperannetembloses
1119 736 1178 806 tos,
1200 730 1355 809 festosque
1379 730 1444 791 dies
1465 748 1575 810 parare
1597 748 1640 807 seq
1660 735 1753 810 atque
1767 731 1878 810 expiare

303 822 455 903 posuisset
465 822 568 884 minus
580 822 620 882 ab
635 822 761 883 illorum
781 821 981 883 abhorrerem
999 841 1069 884 sen·
1117 823 1268 903 jubentur
1281 832 1307 898 ⁶,
1323 844 1339 881 a
1355 828 1506 902 tanquam
1523 834 1666 904 apocopatus
1681 830 1778 903 ἑορτὴν,
1797 823 1880 884 idest

303 914 409 977 tentia.
435 916 524 976 Nune
543 927 586 991 τῆς
599 923 700 995 ἑσπέρας
727 932 843 975 ιιοιιιοιι
869 915 979 975 merito
1013 933 1070 975 nos
1119 924 1187 979 ante
1200 916 1459 997 scoticumfeatnm
1474 915 1573 991 daret,
1587 915 1768 995 utloquitur
1781 917 1880 976 Proca

304 1007 463 1084 absterret,
477 1008 630 1087 quodnec
649 1008 683 1067 in
705 1011 856 1086 perpetua
874 1006 927 1067 illa
940 1006 1071 1086 caligine
1120 1009 1201 1089 pins,
1230 1008 1285 1087 qui
1302 1015 1333 1069 et
1346 1013 1419 1068 ante
1439 1007 1649 1087 Philoponum
1670 1008 1754 1069 idem
1771 1008 1877 1085 docuit,

303 1100 407 1161 locum
434 1101 563 1176 invenit,
587 1118 658 1176 nec,
685 1104 722 1158 ut
751 1099 949 1179 interpretari
971 1098 1073 1161 solent
1119 1101 1242 1162 umetsi
1256 1102 1596 1179 inutramquepartem
1609 1101 1755 1179 disputat.

304 1192 359 1269 illi,
374 1192 515 1252 assentiri
525 1191 574 1253 his
587 1197 813 1271 possumus;et
824 1196 992 1271 utrumqne
1004 1209 1071 1252 ves-
1161 1195 1217 1255 III.
1242 1194 1360 1254 Verum
1379 1193 1507 1254 ludaeos
1529 1210 1594 1253 non
1611 1193 1713 1255 solum
1732 1194 1831 1270 hodie,
1847 1214 1881 1256 ac
1951 1255 1952 1259 ,

304 1285 417 1365 pertini
429 1302 464 1344 ac
478 1284 623 1344 matutini
634 1284 784 1363 temporis
796 1284 976 1344 limitemad
990 1290 1074 1345 ante·
1123 1285 1310 1366 postChristi
1319 1285 1761 1366 tempora,sedetiamvivente
1767 1288 1881 1350 Christo
1915 1293 1926 1324 ¹
1949 1309 1961 1367 ,J

305 1378 420 1439 riorem
442 1385 650 1457 τοονοχθημέρου
668 1380 790 1455 partem
810 1376 925 1438 reterre
958 1378 1070 1456 potius,
1124 1385 1155 1440 et
1168 1378 1263 1439 Mosis
1277 1383 1375 1452 aetam,
1399 1383 1493 1458 atque
1515 1396 1553 1439 ex
1574 1377 1668 1457 hujus
1685 1379 1881 1457 institutione,

306 1486 400 1549 quam
414 1468 453 1529 ad
467 1472 658 1546 sequentem.
675 1469 810 1528 Recusat
828 1468 912 1529 enim
925 1469 957 1529 id
971 1472 1073 1530 nescio
1124 1471 1190 1531 dies
1201 1470 1241 1531 ab
1255 1475 1346 1531 noete
1355 1471 1458 1532 lucem
1471 1470 1670 1532 antecedente
1688 1472 1825 1550 coepisse,
1838 1492 1885 1535 res

188 1613 191 1621 ,
306 1561 463 1641 quomodo
477 1561 779 1631 communissensus,
796 1567 1003 1639 utvespcram
1016 1581 1073 1642 pro
1124 1567 1170 1623 est
1182 1562 1363 1624 certissima.
1387 1565 1432 1623 Aa
1452 1563 1491 1623 de
1503 1561 1655 1623 hodierno
1672 1563 1797 1641 quidem
1817 1564 1884 1625 illo-

306 1653 594 1727 die,acluce,mane
608 1670 665 1732 pro
678 1658 767 1713 nocte
782 1670 943 1713 sumamus
955 1673 963 1728 ;
979 1653 1073 1733 idque
1123 1672 1196 1715 rum
1222 1672 1282 1716 usu
1306 1654 1384 1716 nihil
1408 1655 1468 1715 hoc
1492 1654 1560 1715 loco
1588 1654 1765 1716 dicendum.
1793 1656 1885 1717 Nemo

306 1751 531 1827 praeposterum
541 1745 792 1824 videtur,neque,
802 1745 906 1805 aurita
915 1744 1072 1824 iaciamus,
1124 1747 1209 1808 enim
1230 1747 1371 1808 dubitare
1395 1751 1507 1826 potest,
1532 1747 1608 1825 quin
1634 1747 1678 1807 ita
1698 1747 1765 1809 dies
1779 1766 1885 1809 nume-

217 1877 223 1885 ·
305 1840 352 1899 vis
364 1857 421 1899 nos
434 1839 498 1898 ulla
511 1837 704 1916 constringit.
1124 1845 1211 1915 rent3
1228 1840 1312 1919 quod
1326 1845 1479 1901 eteorum
1492 1840 1589 1900 civilis
1607 1845 1770 1919 computus
1787 1840 1887 1902 docia-

347 1932 386 1991 Il.
401 1933 444 1991 De
457 1937 597 2010 tempore
607 1930 715 2010 primae
730 1929 868 2008 caliginis
881 1929 974 2005 illius,
991 1932 1074 2009 quod
1125 1938 1183 2004 rat,
1196 1950 1290 2011 quam
1304 1932 1377 1993 alibi
1396 1932 1615 2012 proposuimus
1628 1930 1652 1992 ².
1675 1933 1715 1992 Et
1735 1933 1770 1993 in
1783 1952 1888 1994 eorum

306 2023 424 2083 divinat
438 2022 632 2101 Philoponus
644 2021 736 2082 fuisse
751 2029 891 2102 ἀκαριαιαν,
905 2023 939 2083 id
953 2030 999 2083 est
1013 2044 1075 2084 mc·
1125 2020 1213 2082 libris
1222 2023 1365 2101 exempla
1373 2027 1447 2082 sunt
1459 2022 1643 2097 innumera3
1659 2040 1677 2082 e
1690 2022 1889 2100 quibuscum

305 2114 398 2176 menti
410 2114 510 2191 caica,
526 2132 613 2175 mern
627 2119 674 2174 est
685 2113 824 2175 adelade
836 2135 844 2191 ;
861 2133 962 2195 neque
981 2116 1075 2177 fidem
1124 2114 1193 2175 haec
1204 2113 1423 2189 scribebamus,
1437 2114 1624 2175 unumforte
1633 2114 1714 2175 inter
1726 2114 1890 2193 legendum

306 2207 370 2268 ullo
398 2211 582 2286 argumento
605 2205 689 2266 facit.
719 2206 783 2284 Ego
810 2224 884 2267 vero
916 2207 1074 2285 aliquanto
1125 2205 1215 2266 nobis
1229 2207 1457 2286 occurritapud
1479 2207 1598 2267 Mosam
1612 2206 1891 2269 Maiemonidemin

305 2299 468 2361 intervallo
486 2305 594 2377 putem
618 2299 744 2358 diuasse
762 2299 878 2378 primas
897 2300 971 2359 istas
984 2306 1074 2361 tene·
1125 2302 1258 2359 tractatu
1277 2297 1313 2358 de
1325 2296 1481 2374 Sodbcto³,
1497 2298 1597 2377 capite
1608 2299 1763 2374 secundc;
1788 2300 1892 2362 ubido

306 2392 388 2468 bras,
416 2398 447 2453 et
468 2390 595 2451 sortasse
612 2389 683 2470 plus
706 2407 782 2466 uno,
804 2390 940 2451 alterove
951 2391 1011 2464 die,
1022 2398 1077 2453 aut
1125 2389 1242 2450 sabbati
1260 2390 1426 2451 violatione
1444 2390 1605 2468 disputans
1624 2390 1692 2450 ait:
1715 2391 1893 2453 simedicus

308 2486 401 2545 etiam
422 2483 562 2562 longius3
586 2483 672 2561 cujus
688 2482 840 2562 temporis
857 2483 968 2543 modus
986 2484 1076 2545 nobis
1127 2490 1243 2560 aegroto
1257 2483 1427 2562 periculose
1434 2481 1770 2561 laborantipraascribat
1778 2484 1894 2564 aliquid

308 2578 511 2638 estincertus.
529 2575 680 2636 Paulatim
694 2575 936 2636 eniminrerum
950 2577 1076 2637 conditu
1126 2573 1265 2650 sabbato,
1290 2575 1323 2636 in
1350 2574 1512 2635 octiduum
1535 2575 1679 2655 deinceps
1701 2594 1842 2654 operam,
1865 2582 1895 2639 et

306 2668 452 2748 progredi
465 2668 569 2728 divina
582 2668 732 2746 sapientia
749 2668 858 2742 voluit,
877 2674 908 2728 et
923 2669 1000 2729 rude
1013 2671 1077 2749 pri·
1126 2666 1266 2728 laborem
1289 2667 1461 2746 requirens,
1486 2686 1544 2728 nec
1566 2668 1648 2729 dicat
1674 2670 1894 2747 expectandam

306 2766 500 2840 memetque
514 2759 729 2839 imperfectum
744 2777 822 2839 opus
842 2761 944 2837 edere,
969 2767 1004 2822 ut
1021 2762 1076 2841 qui
1127 2776 1299 2839 vesperam,
1320 2766 1354 2821 ut
1367 2779 1407 2820 ne
1420 2760 1482 2820 duc
1498 2759 1625 2821 sabbata
1646 2760 1814 2830 violentur,
1829 2763 1894 2823 sine

305 2861 375 2915 tum
401 2859 586 2935 spectatores
612 2859 702 2913 erant
735 2852 856 2931 Angeli,
890 2853 1075 2932 qmbusdam
1126 2850 1192 2912 ulla
1215 2852 1410 2913 cunctatione
1436 2851 1620 2931 parendum,
1651 2871 1709 2914 nec
1741 2853 1896 2915 rationem

304 2946 555 3027 velutigradibus
565 2946 604 3006 ad
614 2944 757 3025 perfectae
769 2945 883 3006 summi
893 2945 1014 3025 Opificis
1027 2965 1075 3008 sa-
1126 2942 1301 3006 babendam
1325 2943 1525 3017 sabbatorum
1544 2944 1688 3006 duorum.
1713 2946 1801 3007 Unde
1822 2964 1895 3008 con·

305 3037 1076 3118 pientiaeiutelligentiamerudirenturacpedeten-
1126 3040 1197 3109 stat,
1219 3035 1338 3096 sabbati
1361 3035 1532 3097 clausulam
1555 3054 1621 3097 esse
1645 3036 1716 3098 solis
1739 3056 1893 3101 occasum

304 3132 362 3191 tim
371 3149 427 3209 per
436 3148 541 3190 rerum
548 3135 720 3190 creatarum
726 3129 855 3208 vestigia
863 3129 1072 3209 pervenirent.
1126 3128 1214 3188 Hanc
1226 3146 1301 3188 vero
1314 3128 1569 3189 consuetudinem
1578 3129 1595 3189 J
1597 3128 1703 3190 udaeos
1707 3128 1897 3207 jamdudum

345 3222 486 3282 Alterum
509 3222 662 3282 Theodori
678 3222 886 3300 Mopsuesteni
908 3238 1074 3297 argumen-
1126 3224 1244 3296 tenere,
1271 3238 1309 3281 en
1337 3220 1556 3300 Chrysostcmo
1591 3226 1728 3297 censuat3
1762 3223 1829 3302 qui,
1862 3228 1897 3284 ut

287 3318 374 3375 -tum
398 3312 437 3374 ab
471 3313 655 3373 ludaeorum
686 3313 907 3374 consuetudine
942 3319 1075 3395 petitum
1125 3330 1229 3392 supra,
1244 3313 1343 3392 capite
1356 3318 1463 3374 octavo
1478 3313 1622 3387 diximus,
1638 3333 1675 3375 eo
1689 3315 1897 3378 nomineilloa

304 3406 422 3467 diluere
432 3404 622 3483 Philoponus
636 3405 747 3466 studet.
765 3404 826 3466 Sed
835 3405 1072 3468 multumerrat.
1124 3405 1292 3485 redarguit.
1308 3406 1389 3465 Tum
1402 3406 1462 3467 hoc
1475 3405 1588 3467 diserte
1603 3407 1753 3486 synesius
1765 3408 1800 3467 in
1814 3410 1896 3488 epis·

304 3497 433 3559 Noctem
444 3497 505 3557 diei
515 3502 603 3575 parte
615 3497 678 3572 illa,
695 3514 791 3575 quam
803 3496 859 3557 lux
872 3497 1002 3575 obtinet,
1016 3518 1072 3559 an·
1122 3497 1187 3558 tola
1213 3503 1324 3576 quarta
1343 3498 1546 3573 demonstret,
1582 3498 1637 3558 ubi
1664 3499 1896 3579 navigationem

303 3590 450 3650 teriorem
460 3605 526 3649 esse
539 3588 640 3648 iniste
654 3588 777 3649 dierum
791 3607 845 3650 sex
856 3590 1070 3670 descriptione,
1123 3606 1213 3650 suam
1238 3589 1411 3651 describit:
1438 3612 1453 3648 u
1476 3592 1550 3651 Erat
1576 3597 1645 3652 tum
1671 3590 1747 3667 dies,
1777 3592 1895 3672 inquit,

303 3681 455 3760 probabat
467 3680 540 3741 inde
562 3680 752 3757 Theodorus,
768 3682 965 3760 quodJndaei
989 3683 1073 3744 idem
1124 3699 1218 3760 quam
1243 3681 1345 3743 Judaei
1365 3681 1492 3742 nomine
1511 3684 1702 3743 Parasceven
1724 3689 1840 3762 agrmt,
1859 3704 1897 3747 ac

304 3772 447 3854 deinceps
459 3772 659 3848 instituerint,
671 3791 706 3833 ac
719 3774 818 3834 Moses
832 3791 957 3853 quoque
969 3791 1073 3835 serva·
1123 3779 1246 3835 noctem
1265 3774 1441 3853 insequenti
1460 3773 1521 3834 diei
1540 3775 1707 3854 imputant,
1727 3793 1784 3854 per
1797 3794 1896 3855 quam

302 3865 620 3946 verit,quifestorum
633 3865 756 3926 dianam
768 3866 960 3946 temporaab
974 3868 1072 3928 noctis
1122 3883 1252 3927 manum
1275 3866 1440 3927 admovere
1460 3867 1546 3946 operi
1565 3866 1726 3940 nonlicet,
1748 3867 1802 3927 sed
1822 3885 1895 3930 eam

302 3957 392 4019 initio
406 3958 483 4020 solet
496 3957 746 4037 incipereNegat
758 3958 818 4019 hoa
837 3976 910 4019 vero
920 3959 1070 4039 Philopo-
1123 3958 1313 4019 sanctissime
1327 3964 1518 4024 venerantes.
1544 3958 1584 4018 ab
1604 3959 1691 4019 omni
1703 3958 1811 4020 labore
1825 3978 1894 4021 cas-

302 4068 363 4110 nus
377 4067 569 4130 consequens
583 4067 659 4124 esse,
680 4049 707 4109 si
719 4049 758 4109 ab
776 4068 914 4130 vespera,
928 4051 962 4110 in
976 4069 1071 4129 quam
1122 4055 1202 4111 sant.
1226 4051 1334 4129 Itaque
1358 4051 1480 4111 clevum
1498 4068 1516 4111 e
1534 4050 1679 4112 manibus
1700 4051 1896 4131 gubernator

303 4143 467 4204 Parasceve
493 4142 614 4217 desinit,
652 4142 785 4222 exempli
812 4144 922 4221 gratia,
951 4143 1070 4204 sabbati
1122 4141 1243 4220 abjecit,
1258 4149 1421 4222 postquam
1435 4143 1531 4204 solem
1544 4144 1688 4204 amidisse
1702 4144 1896 4237 cpnjectatus

302 4233 422 4295 feriatio
436 4234 561 4314 incipit;
578 4234 647 4295 ideo
661 4241 795 4309 noctem,
818 4253 887 4313 quae
901 4234 940 4295 sit
953 4235 1072 4296 sabbatl
1124 4240 1172 4295 est
1192 4233 1214 4296 ⁶.
1239 4256 1254 4293 a
1276 4235 1446 4296 Sabbatum
1470 4236 1575 4314 itaque
1597 4237 1700 4297 ludaei
1721 4235 1761 4299 ab
1785 4256 1896 4301 occaso

302 4344 385 4405 pars,
398 4328 534 4405 priorem
545 4344 609 4387 csse
618 4326 697 4401 luce,
712 4345 781 4406 quae
794 4332 919 4406 estpars
932 4326 1071 4404 ejusdem
1122 4328 1196 4394 sole.
1212 4328 1267 4406 qui
1279 4347 1464 4408 parasceven
1482 4329 1640 4405 terminat,
1662 4336 1694 4390 et
1711 4347 1816 4408 operae
1830 4350 1897 4394 ces-

303 4417 364 4478 diei
381 4416 488 4477 altera.
509 4419 616 4496 Itaque
634 4423 756 4479 noctem
775 4418 872 4495 illem,
900 4436 969 4497 quae
990 4419 1071 4479 inter
1121 4420 1272 4481 sationem
1279 4421 1409 4481 inibant.
1418 4421 1739 4500 Augustinusquuque
1747 4440 1896 4486 sermone

304 4511 502 4585 Parasceven,
517 4515 547 4569 at
563 4510 682 4570 sabbati
700 4510 802 4570 lucem
816 4509 999 4590 interposita
1013 4515 1068 4585 cst,
1120 4528 1214 4572 anxur
1227 4511 1262 4573 de
1282 4511 1415 4573 Diversis
1428 4513 1585 4573 luculento
1595 4514 1627 4573 id
1639 4514 1818 4575 testimonia
1838 4517 1895 4578 fir·

133 4588 281 4686 anaphoram
305 4619 370 4661 non
383 4606 503 4681 partem
526 4619 591 4661 osse
612 4604 829 4682 τοῦνυχθημέρου,
847 4602 1013 4683 velpotius
1026 4615 1070 4665 τοο
1121 4610 1209 4664 mat:
1230 4625 1245 4661 u
1260 4603 1329 4664 Dies
1346 4606 1441 4683 igitur
1458 4605 1628 4665 Dominicoe
1650 4606 1813 4684 passionis,
1829 4627 1897 4687 quo

147 4696 182 4738 ”⁰¹
207 4696 267 4760 ‘'ll''
304 4698 490 4774 ἡμερονοκτιου,
513 4693 597 4771 quod
612 4690 776 4752 sabbatum
794 4700 932 4770 vocatur,
951 4694 1067 4763 asserit,
1120 4695 1283 4756 crucifixus
1304 4702 1361 4772 est,
1381 4696 1448 4774 jam
1467 4702 1655 4757 transactam
1677 4704 1802 4759 noctem
1825 4716 1899 4778 pro

141 4806 273 4849 umnec.
305 4785 359 4846 sed
385 4785 539 4845 accenseri
562 4784 622 4844 diei
643 4802 830 4864 parasceves.
856 4786 945 4860 Quod
967 4794 1069 4849 autem
1120 4787 1221 4868 priam
1234 4788 1435 4866 sequebatur,
1449 4788 1580 4868 ideoque
1602 4789 1724 4851 clausus
1743 4795 1900 4855 attermi-

339 4989 360 5027 (ι
379 4971 488 5027 Pallor.
508 4972 586 5025 Τοῦτο
609 4970 657 5042 γὰρ
677 4972 756 5024 ποιεῖν
769 4972 969 5045 προοιτάχθησαν
985 4974 1026 5027 διὰ
1043 4974 1072 5028 rb
1121 4976 1188 5028 boici
1197 4975 1359 5047 παρασκευὴν·
1371 4974 1566 5048 τὴνδὲνΰκτατῇ
1581 4976 1635 5048 μετ’
1646 4975 1720 5044 ababa
1731 4977 1814 5049 ἡμέρᾳ
1825 4978 1902 5053 λογι-

302 5061 353 5109 τῶν
366 5054 521 5128 ἡγιασμένον
533 5054 734 5126 προκαθαίρεοθαι
748 5055 857 5127 ἡμερῶν.
1121 5060 1221 5122 ζονται,
1243 5057 1296 5111 καθ’
1318 5060 1348 5126 ἣν
1362 5057 1442 5111 οὐδενὶ
1463 5059 1530 5130 θέμις
1550 5058 1614 5112 ἐστὶν
1636 5057 1733 5131 ἐνεργὸν
1754 5059 1822 5133 ἔχειν
1851 5063 1900 5133 τὴν

338 5139 371 5196 Et
386 5154 450 5193 mox
468 5158 474 5193 :
494 5136 547 5208 Πρὸ
571 5142 614 5190 τοῦ
640 5137 763 5191 σαὸὅάτοο
783 5138 828 5207 τὴν
851 5138 913 5211 μετὰ
931 5139 975 5206 τὴν
993 5159 1073 5212 παροι-
1120 5144 1199 5214 χεῖρα·
1215 5140 1279 5194 ἀλλὰ
1293 5148 1412 5214 τιμῶντες
1425 5144 1586 5215 διαφερόντως
1599 5142 1684 5210 ababa,
1700 5142 1801 5214 ἄγουσιν
1816 5143 1900 5217 ἂκρα-

300 5220 386 5290 σιιευὴν
402 5220 556 5293 ἁγνιζόμενοι
569 5221 659 5287 νύκτα,
675 5219 713 5275 ἐπ’
730 5220 802 5275 αὐτὸν
817 5222 940 5293 προῆλθον
955 5227 998 5275 τοῦ
1013 5222 1072 5276 σαο-
1121 5222 1182 5285 Elea·
1197 5225 1296 5297 μεθῆκεν
1311 5220 1352 5278 οὖν
1368 5224 1393 5279 ἐκ
1408 5231 1457 5279 τῶν
1474 5232 1564 5298 χειρῶν
1581 5226 1596 5279 ὁ
1611 5226 1757 5297 κυὸερνήτης
1772 5226 1803 5280 τὸ
1815 5231 1899 5296 πηδά-

299 5305 375 5359 idaco
384 5304 426 5359 τὸν
442 5303 569 5376 ἁγνισμὸν,
584 5305 686 5376 καθαροὶ
699 5304 798 5377 καθαρῷ
812 5306 1017 5377 προσερχόμενοι.
1120 5307 1184 5372 λιον,
1200 5306 1280 5376 ἐπειδὴ
1297 5308 1338 5362 τον
1351 5308 1422 5375 ἥλιον
1438 5307 1532 5362 εἴκασεν
1542 5309 1729 5363 ἀπολελοιπέναι
1743 5309 1787 5378 τὴν
1797 5316 1859 5382 γῆν.

337 5389 354 5444 ὁ
372 5389 437 5444 Sin.
462 5384 562 5459 Ἥμέρα
580 5385 624 5458 μὲν
635 5380 677 5440 οὗν
687 5383 727 5456 ἦν,
738 5390 768 5455 ῆν
782 5405 836 5441 τινα
845 5387 945 5459 ἄγουσιν
960 5385 985 5441 ol
1002 5386 1071 5440 ’loc-

324 5517 335 5559 ¹
352 5516 399 5560 Lib.
412 5515 440 5565 ll.
450 5527 499 5571 oap.
511 5514 603 5560 xit-2
617 5514 665 5560 bib.
676 5513 796 5562 naboar.
811 5517 882 5569 Pomp.
894 5523 915 5559 cl
926 5515 967 5561 lib.
980 5515 1080 5560 lib-5
1094 5515 1156 5561 Tem.
1168 5517 1177 5560 l
1190 5516 1236 5561 tad.
