3934 6172
85 5415 132 5476 epod
142 5416 314 5474 reversiones,
330 5417 353 5466 in
370 5416 520 5468 monumentis
534 5415 657 5466 litterariis
670 5431 683 5466 u
697 5426 831 5467 reuertit.

432 412 483 473 DE
502 406 663 472 demicte
684 408 758 471 SEX
779 406 939 486 DIERUM,
962 410 1035 471 nin.
1060 411 1082 487 l,
1104 410 1186 473 CAP.
1211 408 1260 469 lll.

86 588 139 645 en.
152 576 352 655 Quamobrem
364 577 449 641 nubo
469 577 523 639 ille
534 575 705 656 splendido,
721 576 757 637 iu
769 593 831 656 qus

87 674 148 736 tuat
155 673 217 734 ione
228 670 341 749 mersi,
354 672 412 732 sub
430 670 586 733 fimorum
597 669 719 730 labente
732 667 830 730 obeu-

87 768 152 843 lun,
164 772 192 827 ct
201 764 369 841 occidente,
381 764 483 844 pdmo
495 780 567 823 oum
580 761 648 823 luoe
662 760 728 822 dias
740 760 832 840 eoepit

86 876 232 938 summm
246 875 267 917 o
280 876 357 937 que,
380 863 412 919 et
430 857 613 934 insequente
636 858 738 927 noem,
760 858 829 913 tum

87 953 177 1032 pins,
189 949 234 1009 uti
245 948 396 1025 diximus,
409 948 484 1024 dies,
498 951 568 1007 tum
582 946 725 1024 deinceps
738 949 829 1006 oeste-

87 1058 286 1123 ruprogreesse
301 1047 386 1102 erunt.

116 1136 283 1211 Quanquam
308 1133 375 1194 hee
398 1132 503 1213 opinio
523 1129 647 1191 Perario
672 1128 828 1208 displicet,

86 1228 129 1307 qru'
148 1225 206 1304 ejus
222 1226 383 1285 ancwrem
405 1222 607 1304 reprehendit
632 1220 830 1281 Ambrosium

86 1318 276 1392 tabanum,
302 1318 387 1396 quod
413 1317 510 1378 solem
528 1316 562 1375 in
580 1313 676 1374 altero
693 1317 830 1378 creatum

85 1409 277 1490 hemisphaerio
290 1408 416 1470 dixerit.
437 1410 500 1469 Nos
520 1412 624 1469 sutem
640 1422 705 1465 non
719 1403 827 1479 solem,

85 1505 127 1583 qui
144 1508 248 1582 quarto
271 1503 322 1563 die
344 1501 472 1562 demum
499 1499 623 1572 exstitit,
647 1496 700 1558 sed
725 1495 829 1556 lucem

84 1596 163 1675 pnmo
174 1594 220 1655 die
236 1595 423 1675 produetam
442 1592 598 1667 volumus,
613 1590 690 1651 etin
704 1606 830 1667 vesper-

84 1689 134 1749 tino
155 1693 266 1767 peneto
293 1687 446 1766 ooepisse:
470 1685 537 1759 Quo
564 1683 740 1753 constituto,
770 1680 830 1741 tuti

84 1781 176 1841 snmus
187 1779 335 1840 aduersos
347 1782 541 1853 argrrments,
557 1774 671 1854 quibus
686 1772 828 1833 Catberi-

84 1891 144 1933 uum
166 1874 330 1951 impugnat
356 1871 515 1944 Perarius3
542 1873 635 1946 etque
661 1866 715 1931 ita.
744 1865 828 1944 quod

84 1966 235 2044 querimus,
252 1962 475 2030 obtinebimus,
490 1962 537 2021 uti
550 1958 652 2039 prima
663 1957 729 2017 dies
741 1957 825 2032 inde,

83 2058 149 2119 uude
158 2059 251 2119 lloses
267 2073 337 2117 eam
347 2056 538 2135 suspiootur3
549 2052 675 2113 initium
683 2049 828 2110 babuerit

83 2166 227 2230 arespm
257 2156 290 2210 et
316 2153 426 2222 noete3
455 2145 539 2226 quod
558 2145 642 2206 idem
664 2142 827 2204 exordium

81 2243 400 2320 Judaiournospostea
413 2239 507 2300 secuti
519 2244 603 2312 sunt,
624 2253 682 2297 neo
700 2234 826 2295 aliunde

81 2335 106 2394 id
115 2337 252 2415 decepisse
264 2333 422 2404 ridentur,
438 2347 532 2411 quem
546 2348 564 2390 a
578 2327 748 2407 majoribus
762 2327 827 2387 suis

81 2427 246 2506 puidambis,
264 2426 320 2505 qui
332 2426 373 2484 eb
388 2424 505 2486 ddamo
515 2422 555 2483 sd
566 2421 756 2482 lhreamum
763 2420 826 2480 Mo

79 2536 182 2598 nmque
188 2518 352 2598 propagati
360 2521 434 2576 sont
444 2515 497 2590 ;de
504 2530 566 2593 quo
580 2514 678 2592 capite
686 2512 825 2591 sequenti

79 2612 224 2671 anundus
242 2611 357 2670 diuum.
383 2609 474 2679 Nem,
497 2606 581 2685 quod
602 2604 826 2666 tenebrosillas

78 2703 278 2781 primordiales.
289 2702 339 2761 rel
352 2698 564 2780 primigeniae,
591 2703 628 2757 ut
645 2699 687 2757 sio
709 2696 823 2771 dicem,

78 2796 197 2873 muno
206 2794 311 2856 noetis
320 2794 417 2853 instar
429 2791 523 2851 fuisse
535 2790 673 2869 plerique
687 2794 822 2855 censent,

78 2887 161 2948 minus
171 2888 202 2947 id
220 2885 404 2966 expeditum
425 2883 523 2943 videri
545 2883 622 2942 milri
645 2881 732 2942 solet.
756 2881 825 2940 Non

78 2980 143 3039 enim
162 2985 228 3041 sote
255 2979 360 3039 luerem
378 2993 442 3037 nox
461 2974 530 3050 init,
549 2975 736 3054 sequidem,
753 2988 824 3051 quea

9 3122 10 3125 ,
79 3072 195 3149 paradiei
207 3070 338 3132 dimidie
352 3073 562 3146 computetur,
572 3068 632 3127 hoe
646 3072 692 3127 est
703 3078 747 3130 τοῦ
762 3094 825 3148 νυχ-

77 3172 169 3243 tqttpa¹
179 3182 248 3244 quse
256 3162 322 3223 luci
328 3161 490 3222 dimidium
497 3166 590 3220 terrae
598 3165 719 3239 portem
732 3178 823 3223 oecu-

79 3254 146 3334 peuti
156 3274 193 3317 ex
203 3257 335 3319 adverso
347 3255 416 3331 sita,
431 3252 592 3313 dimidium
605 3252 735 3313 alteram
749 3253 822 3314 obs-

78 3366 164 3410 ourare
174 3349 264 3410 debet
278 3349 303 3408 ⁸.

106 4907 251 4964 nPntwr.
286 4909 332 4962 Καὶ
350 4928 417 4980 sequ
440 4907 527 4961 oteres
548 4907 634 4970 νυκτὸς
654 4904 734 4979 ἐπεῖχε
762 4904 828 4968 τάξιν

81 4982 140 5043 brito
148 4991 176 5045 rb
186 4995 286 5055 πότος.
300 4991 403 5064 οὸὸεμία
416 4991 463 5063 γὰρ
476 4988 517 5051 νὺξ
530 4991 589 5047 ὅλον
602 4991 714 5052 ποτάζει
724 4990 765 5045 slus
777 4991 831 5043 κόσ-

82 5088 124 5137 βῦν,
136 5076 202 5146 μέρος
215 5075 242 5129 ὃὸ
250 5074 350 5139 τούτου,
362 5074 402 5127 uel
418 5074 504 5145 μόνον,
517 5077 563 5127 ’τοῦ
579 5072 694 5129 πλείστου
709 5090 830 5145 uuum-qa·

81 5151 163 5225 {apim
174 5159 247 5228 port.

1116 732 1302 814 CAPUT
1330 732 1408 813 lX.

881 1015 923 1079 lle
935 1017 1034 1099 pre'mo
1047 1016 1097 1081 die
1109 1035 1213 1078 correus
1225 1015 1338 1096 opiter,
1356 1031 1391 1079 cc
1403 1009 1548 1073 Theodori
1561 1008 1645 1088 Mop-

919 1109 1206 1185 recensuerimus,
1222 1116 1250 1171 et
1262 1106 1386 1167 decenis
1401 1100 1563 1182 Pulloponr'
1579 1118 1648 1161 coe-

920 1209 969 1261 tca
982 1200 1058 1263 hauc
1071 1200 1281 1280 disputatione.
1301 1197 1327 1260 T
1325 1196 1442 1258 medrus
1452 1190 1647 1275 principemus

919 1293 1009 1354 noetis
1032 1299 1148 1355 nomine
1168 1312 1226 1354 eon
1246 1290 1358 1352 censeri
1368 1286 1449 1369 opud
1462 1284 1582 1346 Meroen.
1601 1281 1646 1345 Do

919 1384 1006 1445 initio
1031 1384 1094 1446 diei
1113 1383 1243 1465 putendi
1263 1381 1346 1463 opud
1368 1379 1486 1443 ludaeos
1511 1382 1646 1436 uccucotc

918 1477 1085 1556 quesitum.
1115 1477 1202 1538 Recte
1232 1473 1411 1537 Theodorum
1445 1468 1583 1540 docuisse,
1611 1465 1647 1525 od

919 1572 1036 1629 ineunte
1061 1586 1179 1649 cepero
1197 1567 1262 1629 illos
1288 1565 1441 1628 inchoasse.
1465 1559 1647 1639 Pdr'lopoeus

919 1666 1020 1721 contro
1032 1661 1157 1723 sentices
1167 1659 1320 1740 refellitur
1326 1680 1338 1728 ;
1348 1661 1465 1736 ejusque
1472 1657 1647 1731 orporeeoee

918 1754 1016 1813 omniu
1030 1751 1406 1832 solonetrcr.Euple'contuc·
1419 1746 1535 1826 aliquot
1544 1742 1646 1823 Serip-

919 1852 995 1906 turcc
1019 1844 1092 1907 lecu.
1120 1844 1202 1920 Ouid
1222 1845 1259 1909 st't
1282 1843 1454 1911 Persaeus,
1479 1844 1506 1897 et
1524 1834 1560 1896 de
1578 1841 1647 1895 tere-

916 1957 987 2018 poce
1006 1938 1078 2018 oqui
1097 1935 1252 2001 Poselrolio
1272 1930 1458 1997 termoleedr'.
1481 1930 1525 1991 De
1548 1926 1645 1988 triduo

916 2028 1074 2111 sepulture
1087 2028 1265 2105 Domu'oicce,
1281 2027 1316 2091 dc
1332 2045 1389 2107 quo
1403 2032 1530 2104 tempore
1548 2038 1645 2081 resor-

917 2121 1067 2183 rectioer's.
1081 2128 1125 2201 ὀψὲ
1138 2129 1278 2197 settene,
1293 2127 1322 2181 et
1334 2125 1477 2198 terqdamo
1492 2112 1641 2195 quidsiet.

916 2282 942 2343 Ι.
963 2282 1032 2343 Non
1045 2281 1199 2358 inutilem,
1223 2298 1281 2343 neo
1297 2276 1431 2341 alienum
1444 2275 1484 2337 ub
1501 2275 1642 2335 instituto

876 2390 983 2435 nostro
999 2393 1121 2437 morsm
1144 2375 1290 2435 faciemus
1309 2372 1343 2432 in
1366 2369 1419 2430 ille
1440 2364 1643 2447 expendendo

876 2466 1082 2547 disputatione
1096 2485 1189 2546 quern
1208 2471 1315 2526 conus
1336 2460 1534 2523 Theodorum
1551 2457 1643 2519 latius

877 2560 1009 2639 explicet
1021 2561 1039 2621 J
1043 2578 1160 2621 oannes
1177 2558 1375 2641 Philopouus.
1391 2557 1436 2615 Ao
1451 2556 1560 2613 oaetere
1572 2550 1641 2629 qui-

876 2652 947 2713 dem
960 2651 1053 2731 hujus
1070 2656 1254 2731 argumento
1270 2645 1506 2731 perstrinximus
1520 2648 1641 2705 eumoo-

875 2744 960 2805 donti
974 2746 1088 2826 ospite;
1105 2745 1257 2807 nonenim
1271 2741 1404 2819 longiori
1413 2756 1554 2801 sermone
1564 2754 1641 2816 opus

875 2836 1001 2899 habent.
1018 2840 1096 2913 Dauo,
1108 2839 1205 2899 trisse
1219 2840 1331 2897 sunta
1344 2831 1514 2911 Philopono
1537 2828 1639 2905 allate,

875 2947 944 3008 quoe
959 2949 1061 3009 operta
1075 2929 1218 2991 nonnihil
1237 2926 1407 2988 merentur.
1430 2923 1509 2983 Nam
1524 2919 1545 2988 ¹,
1569 2937 1642 2983 eum

875 3022 1065 3095 Theodorus,
1082 3028 1220 3100 utsupra
1231 3019 1306 3095 dixi,
1323 3015 1464 3078 tenebras
1477 3009 1639 3091 illes,qui-

874 3112 1006 3177 buseum
1019 3121 1112 3188 terra,
1136 3118 1303 3191 ceteraque
1322 3107 1446 3171 condita
1464 3109 1546 3180 sunt,
1568 3110 1641 3165 ante

874 3204 952 3267 lueis
966 3212 1120 3282 exertum,
1135 3205 1233 3267 nouus
1246 3204 1343 3265 instar
1356 3202 1448 3262 inisse
1461 3197 1640 3278 scripsisset,

875 3317 911 3360 sc
925 3298 1088 3360 duedecim
1099 3297 1248 3361 horarum
1259 3310 1467 3376 perseuerasse
1481 3290 1590 3370 spatio,
1607 3294 1642 3363 nt

875 3410 914 3452 ex
927 3408 1016 3470 eoquo
1029 3399 1059 3454 τὸ
1071 3399 1221 3473 νυχθήμερον
1246 3406 1309 3449 nox
1332 3403 1404 3448 cum
1423 3384 1492 3445 luce
1514 3380 1642 3462 pertire-

873 3488 945 3558 tur;
961 3483 1099 3562 primum
1111 3483 1168 3543 hoa
1183 3482 1371 3563 Philoponus
1388 3476 1545 3556 redarguit
1557 3476 1641 3555 quod

878 3596 893 3632 o
906 3574 971 3635 istae
999 3574 1135 3636 tenebree
1159 3573 1256 3634 noetis
1284 3570 1488 3652 appellatione
1523 3564 1642 3631 censeri

874 3671 1038 3746 nequeant,
1069 3667 1148 3728 Nem
1173 3666 1260 3726 nrrlls
1284 3683 1348 3726 nox
1370 3669 1473 3725 totum
1500 3658 1651 3723 obsaturat-

874 3759 993 3836 orbem,
1022 3760 1076 3820 sed
1099 3760 1165 3837 ejus
1187 3758 1324 3837 eliquem
1350 3762 1482 3836 partem,
1512 3770 1642 3833 eamque

873 3851 981 3924 solum,
997 3850 1109 3931 mojori
1123 3856 1210 3930 parte
1222 3850 1291 3911 lrroe
1308 3846 1503 3909 collustrasse
1517 3865 1525 3921 ;
1541 3867 1556 3901 e
1574 3850 1642 3905 tum

875 3943 959 4023 quod
972 3943 1115 4023 perbrevi
1122 3942 1284 4002 interuallo
1296 3939 1431 4001 tenebrae
1440 3937 1504 3999 iste
1513 3934 1641 4012 fuerint,

874 4053 910 4095 sc
924 4040 1083 4095 momento
1103 4034 1329 4114 propemodum
1349 4049 1424 4104 uno,
1449 4028 1552 4091 statim
1574 4027 1643 4091 luce

876 4132 1040 4189 consecuta
1057 4124 1080 4187 l.

917 4217 978 4278 Sed
991 4218 1106 4278 horum
1120 4219 1253 4279 alterum
1269 4217 1307 4277 de
1321 4215 1414 4276 noetis
1438 4212 1645 4294 appellatione

876 4308 972 4371 solius
993 4308 1087 4369 habet
1109 4309 1245 4371 nominis
1268 4304 1528 4381 controuersiam
1551 4322 1646 4384 quem

876 4406 1084 4463 contemnunt
1108 4402 1141 4478 ii,
1162 4402 1215 4480 qui
1238 4401 1436 4463 Theodorum
1453 4399 1556 4459 etheo
1569 4396 1646 4458 snti-

878 4494 1001 4572 quiores
1014 4492 1089 4553 elios
1103 4494 1210 4569 secuti,
1230 4493 1313 4554 idem
1332 4493 1370 4554 de
1394 4493 1488 4572 primi
1501 4490 1563 4551 diei
1575 4507 1645 4550 res-

879 4603 953 4664 pera
964 4585 1112 4646 sentiunt.
1125 4586 1241 4659 Quibus
1255 4591 1360 4646 tamen
1373 4604 1438 4645 non
1451 4583 1624 4649 secedimus
1637 4600 1645 4655 ς

879 4695 980 4756 noque
999 4681 1135 4755 noctem,
1160 4682 1305 4757 putemus
1323 4677 1390 4738 illes
1410 4676 1470 4737 dici
1494 4675 1645 4745 tenebras,

917 4908 1021 4965 blbid.
1042 4908 1123 4965 ’Ὥστε
1143 4912 1231 4985 σχεδὸν
1258 4911 1282 4964 ἐν
1313 4914 1381 4984 μόνῳ
1406 4917 1443 4983 τῷ
1464 4910 1583 4983 despicies
1606 4912 1647 4960 etv

880 4997 1063 5063 προϋποστῆναι
1076 4999 1121 5047 τοῦ
1134 4996 1215 5066 φωτὸς
1225 4994 1254 5049 rb
1267 4997 1363 5056 σκότος.

106 5336 196 5398 'Uultu
222 5352 276 5404 que
304 5336 357 5388 lunio
378 5336 498 5402 questioni
516 5337 591 5391 terere
604 5336 706 5388 adferent
731 5336 831 5389 insontes
880 5328 963 5379 Mense
989 5328 1078 5394 Apuli,
1107 5336 1252 5381 ludcxtttt.
1289 5327 1371 5379 reue
1401 5325 1475 5389 noto,
1504 5330 1648 5376 bucciuli.

9 5532 10 5573 Ξ
104 5559 112 5601 t
126 5560 202 5617 merop.
214 5564 254 5607 ltb.
266 5563 295 5609 ll,
306 5574 353 5618 cup.
365 5575 417 5606 urin

9 5668 11 5723 l

881 5403 963 5456 dicen
976 5405 1051 5457 tutio.
1571 5398 1596 5449 Z.
