3934 6172
343 345 403 406 θόθ
848 346 1173 410 THEOLOGICORUM
1194 344 1412 409 DOGMATUM

344 512 511 588 mundum,
527 516 558 573 et
571 512 732 575 hominem
744 512 928 574 essedocuit
945 514 979 575 in
991 512 1110 576 Cosmo·
1159 513 1221 594 gie,
1244 519 1310 575 tota
1324 513 1404 575 iacta
1424 517 1471 575 est
1492 517 1669 575 creatura.»
1699 511 1889 579 Ambrosiusin

342 603 433 683 poia.
450 606 516 679 Qua
528 623 567 666 cx
580 607 699 667 ratione
721 606 878 667 conciliari
901 612 1011 686 potest,
1028 608 1111 687 qnod
1159 605 1212 667 Ps.
1228 624 1325 668 uxvru
1333 607 1416 668 idem
1426 606 1590 668 dbcrimen
1597 605 1751 679 observat;
1763 613 1791 667 et
1800 607 1888 669 libroV

344 697 489 757 nonnulli
510 703 625 778 negem
651 697 813 760 homiuem
839 698 1008 778 imaginem
1031 717 1108 776 esse,
1160 697 1195 759 de
1208 697 1291 775 Fue,
1322 715 1410 760 c.1u.
1435 700 1526 761 cl‘er
1544 698 1720 778 imaginem,
1746 699 1842 779 inquit,
1861 704 1889 763 ad

344 789 398 848 sed
411 788 450 850 ad
463 789 642 869 imaginem.
654 791 720 851 Hoc
731 791 816 852 euim
829 791 885 870 qui
899 792 1017 869 dieunt,
1033 792 1112 853 nihil
1159 791 1328 871 imaginem
1342 789 1510 869 sumum
1538 793 1719 853 Severianus
1727 791 1890 856 Gabalitanis
1943 750 1944 841 ό

344 879 427 941 aliud
439 880 559 958 volunt,
576 881 635 942 uisi
647 882 839 962 primariam,
855 889 885 944 et
894 883 1111 963 primigeniam
1160 880 1299 946 oratione
1312 884 1404 946 tertia
1416 883 1451 945 de
1462 883 1487 947 C
1487 882 1671 965 osmopoeia⁸.
1685 883 1734 945 Sic
1746 885 1890 946 Eustathius

344 971 510 1033 divinitatis
535 973 702 1053 imaginem
723 992 788 1035 esse
801 975 925 1051 Filium,
948 975 1011 1036 sive
1034 977 1111 1036 Ver·
1161 975 1373 1037 Antiochensis
1396 976 1480 1056 apud
1505 977 1732 1038 Theodorctnm
1760 974 1890 1056 θίοόοροιι
1943 954 1944 1031 ό

343 1061 431 1141 bum,
445 1065 540 1126 Verbi
552 1071 657 1128 autem
668 1067 849 1145 imaginem,
863 1066 1041 1141 hominem;
1058 1067 1112 1146 qui
1160 1076 1262 1129 contre
1284 1067 1417 1144 dereses,
1441 1067 1499 1129 ubi
1514 1068 1675 1129 hominem
1690 1068 1724 1128 in
1742 1068 1847 1129 Christo
1860 1071 1891 1131 ait
1943 1080 1944 1153 i

341 1156 471 1235 proinde
497 1158 536 1219 ad
557 1158 727 1237 imaginem
744 1159 841 1220 Patris
862 1159 993 1233 sitnon
1006 1159 1111 1238 imago
1160 1155 1327 1232 imaginem
1360 1174 1425 1218 esse
1456 1156 1536 1235 Filii,
1563 1174 1697 1236 quocum
1723 1157 1756 1217 in
1779 1159 1891 1218 eamden
1943 1158 1944 1225 l

341 1246 434 1322 illius,
451 1250 505 1311 sed
518 1250 620 1330 imago
635 1251 741 1314 Verbi,
1160 1249 1365 1311 conueniebat
1377 1249 1569 1329 hypostasim
1584 1269 1591 1309 ε
1611 1249 1794 1311 «Nouenim
1804 1248 1892 1312 Paulus
1943 1252 1944 1323 l

381 1339 432 1402 Sic
441 1343 588 1422 Origenes
607 1349 694 1404 tomo
715 1344 829 1423 primo,
862 1349 893 1405 et
916 1343 1051 1405 mcundo
1077 1344 1112 1405 αό
1160 1338 1267 1418 dixitt,
1281 1339 1452 1403 Contormes
1467 1340 1526 1419 fitis
1540 1340 1608 1414 Dei,
1624 1339 1674 1401 sed
1688 1342 1892 1422 contumatiae

338 1431 492 1510 loannem,
515 1441 546 1495 et
554 1435 634 1495 libro
647 1437 690 1496 VI
704 1442 808 1498 contro
824 1434 950 1498 Celsum.
967 1436 1111 1498 Clemens
1158 1432 1239 1512 ginis
1252 1432 1333 1494 Filii
1343 1432 1417 1514 ejus
1433 1433 1598 1494 osteudens
1620 1432 1704 1494 aliud
1721 1451 1782 1494 esse
1794 1432 1890 1511 Filium,
1943 1424 1944 1519 l

339 1524 576 1605 Alexandriana,
607 1528 709 1597 «Dei,
725 1528 838 1607 iuquit,
852 1528 956 1606 imago
970 1528 1110 1590 Verbum
1159 1524 1245 1586 aliud
1259 1525 1429 1604 imaginem
1444 1527 1548 1605 ipsius.
1561 1526 1687 1586 Etenim
1700 1525 1789 1586 Filius
1800 1525 1892 1586 dininas

339 1618 405 1697 ejus
418 1624 473 1692 est,
499 1627 530 1681 et
543 1621 656 1681 mentis
672 1638 839 1700 germanus
852 1620 946 1695 filius,
969 1620 1110 1682 divinum
1159 1622 1295 1696 paternae
1308 1618 1432 1679 virtutis
1443 1624 1533 1679 notas
1545 1619 1580 1679 in
1601 1636 1634 1680 se
1647 1618 1746 1680 tereus
1760 1619 1848 1698 imago
1859 1625 1892 1680 est
1943 1614 1944 1669 l

339 1710 489 1789 Verbum,
518 1712 646 1773 luminis
677 1713 891 1793 Archetypum
921 1714 1046 1789 lumen;
1080 1719 1112 1775 at
1158 1708 1267 1771 Patris.
1283 1711 1539 1791 Quandoquidem
1553 1711 1893 1773 etsimilesabsiruilihus

339 1802 442 1883 unago
456 1804 554 1866 Verbi
577 1811 622 1867 est
641 1805 747 1866 homo.
761 1806 843 1866 Vera
857 1822 957 1876 meus,
979 1823 1050 1884 quae
1063 1812 1110 1867 est
1157 1803 1254 1879 geniti
1267 1805 1445 1883 genitorum
1458 1822 1540 1866 verm
1555 1810 1629 1866 sunt
1642 1804 1787 1884 imagines
1800 1803 1892 1865 filiilt
1943 1808 1944 1871 l

337 1895 372 1955 in
398 1897 535 1974 homine,
560 1898 614 1977 qui
631 1903 797 1977 propterea
821 1898 861 1959 ad
874 1897 1047 1976 imaginem
1077 1902 1110 1960 et
1156 1894 1251 1956 homo
1275 1897 1338 1975 ille,
1363 1897 1620 1977 quemchristus
1648 1897 1788 1977 porterit,
1812 1896 1891 1975 imago

337 1986 574 2051 similitudinem
596 1989 652 2051 Dei
671 1989 768 2050 hena
785 1990 909 2067 dieitur,
928 1994 1035 2070 utpote
1054 1991 1108 2070 qui
1157 1994 1203 2049 est
1223 1989 1300 2050 Filii.
1321 1991 1400 2051 Nam
1427 1995 1458 2052 et
1478 2008 1521 2051 ex
1546 1989 1743 2050 dissimilibus
1768 1988 1891 2050 coloribus
1943 1996 1944 2053 t

337 2080 437 2141 cordis
445 2081 609 2159 prudentia
619 2081 724 2142 divino
735 2081 919 2142 assimilatus
932 2089 979 2143 est
988 2082 1105 2160 Verbo,
1155 2082 1412 2162 oerapinguntur
1431 2083 1622 2162 imagineae
1646 2082 1756 2162 quibus
1767 2080 1891 2142 ahesani

337 2175 368 2231 et
376 2177 502 2233 eatenus
513 2173 703 2235 rationalist.
720 2194 736 2232 ο
754 2175 819 2248 Quo
833 2174 867 2235 in
875 2174 942 2236 loeo
957 2174 1101 2237 Clemens
1155 2191 1253 2235 manu
1265 2175 1441 2248 homiuum,
1467 2179 1499 2235 et
1517 2173 1649 2235 artifieio
1664 2173 1826 2250 elaborate,
1838 2171 1889 2233 alia
1943 2156 1944 2235 ό

335 2264 489 2326 rationem
503 2266 617 2346 attigit,
633 2284 688 2327 our
700 2265 815 2344 imago,
827 2265 877 2327 vel
885 2267 924 2327 ad
937 2266 1106 2345 imaginem
1154 2272 1278 2344 natura,
1303 2267 1540 2329 atsimilitadine
1561 2273 1691 2329 sunm.»
1715 2268 1777 2340 Quo
1791 2266 1890 2345 insuper
1943 2268 1944 2345 t

335 2357 428 2418 Verbi
442 2358 596 2438 praecipue
604 2358 724 2419 dicatur
737 2358 832 2418 homo
847 2376 912 2419 esse
924 2359 1032 2419 taetris.
1041 2360 1106 2422 Hoe
1153 2375 1192 2419 ex
1206 2359 1356 2420 Fmtathii
1372 2359 1439 2420 loco
1457 2358 1543 2421 velut
1553 2369 1664 2440 πόρισμα
1676 2358 1820 2439 quoddam
1832 2375 1889 2418 oon·
1905 2348 1944 2457 ml

334 2448 419 2510 enim
433 2469 472 2511 cx
482 2450 638 2531 personali
649 2450 837 2530 proprietate
855 2450 950 2512 Verbi
972 2451 1101 2531 petitur,
1152 2450 1266 2528 ficitur,
1292 2469 1403 2513 verum
1425 2451 1457 2512 id
1477 2469 1553 2527 esse,
1567 2451 1653 2530 quod
1676 2450 1709 2510 in
1726 2450 1798 2510 libro
1814 2447 1890 2509 Vide
1943 2462 1944 2529 ᾖ

335 2541 566 2624 οθοιιοωλόγος
579 2542 728 2622 appellari
746 2542 868 2603 meruit.
886 2542 1104 2609 Quodnomeu
1157 2542 1306 2605 Trina'tate
1328 2543 1539 2624 probavimus,
1561 2542 1707 2622 imaginis
1723 2540 1890 2604 rationemin
1943 2554 1944 2607 t

334 2635 506 2713 expressius
531 2641 587 2709 est,
605 2640 751 2714 patetque
770 2634 875 2712 letius,
905 2653 1001 2715 quam
1021 2637 1104 2716 apud
1152 2634 1229 2698 Filio
1239 2637 1279 2697 ad
1292 2636 1497 2697 substantiam
1504 2635 1602 2697 Patris
1613 2640 1646 2696 et
1654 2639 1792 2695 naturam
1798 2633 1889 2714 potius,

334 2725 460 2788 Latinos
482 2725 624 2802 Verbum;
639 2743 714 2787 nam
736 2731 934 2801 strationem,
951 2731 1101 2791 etse-mo·
1152 2745 1248 2806 quam
1268 2729 1308 2789 ad
1322 2728 1514 2808 hypostasim
1536 2727 1657 2788 referri.
1681 2727 1796 2789 Etenim
1816 2725 1889 2787 hono
1943 2716 1944 2755 ἶ

334 2835 400 2878 aen
423 2817 583 2898 significat.
605 2820 663 2879 Per
675 2816 815 2878 Verbum
834 2824 939 2880 autem
953 2838 1025 2880 cum
1038 2838 1104 2883 om·
1151 2815 1203 2878 ille
1236 2830 1411 2898 assumptus
1438 2837 1456 2879 a
1482 2816 1584 2878 Verbo
1611 2816 1777 2878 similitudo
1802 2816 1890 2876 dicitm

334 2911 387 2971 nia
399 2911 523 2972 eondita
537 2917 611 2972 sunt
630 2930 649 2971 a
664 2912 768 2985 Patre,
784 2916 852 2972 tum
877 2911 972 2972 homo
992 2912 1058 2992 ipsa
1073 2918 1104 2975 et
1153 2909 1231 2986 Filii,
1243 2928 1308 2971 non
1320 2909 1491 2970 secundum
1499 2926 1677 2988 personam,
1689 2907 1889 2970 sedsecundun
1943 2884 1944 2967 ό

333 3003 528 3079 exstantiam,
539 3009 570 3065 et
582 3003 746 3080 rationem,
762 3008 854 3083 atque
866 3003 1102 3083 intelligentiam
1151 3008 1306 3080 astruam,
1319 3021 1390 3082 quaa
1398 3002 1496 3062 instar
1507 3007 1658 3063 estmanu
1672 3002 1891 3076 elaborate,non

333 3097 449 3176 accepit
465 3117 472 3156 :
488 3096 601 3157 idcireo
614 3097 654 3158 ad
677 3095 853 3177 exemplum
871 3097 983 3176 primae
1007 3098 1099 3175 illius,
1150 3094 1617 3174 nativae,genitaequeimaginis.
1629 3094 1888 3156 Proelusinoratn.

333 3186 508 3267 divinaque
526 3189 654 3250 rationis
677 3189 797 3250 effictus
821 3194 876 3250 est.
897 3190 985 3251 Idem
1007 3192 1101 3253 etiam
1155 3188 1248 3262 «Ille,
1275 3188 1386 3267 inquit,
1415 3187 1512 3248 factus
1525 3193 1571 3247 est
1592 3187 1631 3247 ad
1661 3186 1828 3272 imaginem,
1853 3183 1890 3243 hit
1943 3206 1944 3241 ι

332 3278 403 3339 inV
419 3279 616 3359 Stromuteon,
644 3302 659 3338 a
678 3282 786 3360 Imago
804 3280 961 3360 imaginis,
987 3283 1100 3363 inquit,
1150 3282 1253 3360 imago
1281 3285 1327 3341 est
1350 3277 1551 3340 inerant.»
1589 3280 1767 3341 Bernardua
1790 3292 1889 3357 quoque

330 3370 467 3433 humana
482 3371 630 3434 mensi.»
653 3374 731 3435 Vide
749 3374 931 3435 Anselmnm
945 3374 977 3434 in
995 3375 1102 3437 Μοκο-
1149 3391 1243 3434 serm.
1259 3388 1333 3433 cxxx
1351 3378 1382 3432 et
1395 3370 1447 3432 alii
1470 3370 1646 3450 complures
1663 3376 1785 3451 negant,
1802 3367 1889 3445 imagi·

331 3461 423 3544 όορνό,
443 3483 510 3544 cap.
539 3481 633 3526 xxxix
646 3470 677 3526 ct
702 3484 772 3545 quie
799 3466 838 3527 de
857 3466 952 3527 Verbi
972 3469 1100 3531 notione
1148 3483 1222 3527 uem
1245 3465 1300 3526 Dei
1324 3464 1484 3525 homiuem
1504 3480 1581 3539 esse,
1609 3464 1665 3525 sed
1680 3464 1719 3524 ad
1736 3461 1887 3540 imaginem.
1943 3470 1944 3533 ᾗ

330 3555 389 3616 alio
403 3556 438 3616 in
450 3556 530 3617 libro
545 3557 773 3619 disseruimus¹.
1148 3556 1279 3618 Basilius
1306 3557 1340 3616 iu
1355 3557 1384 3617 V
1403 3563 1506 3616 contro
1533 3555 1666 3616 Eanum.
1692 3555 1796 3617 eodem
1814 3550 1890 3630 respi-

369 3648 422 3708 ΧΙ.
439 3648 555 3708 Murius
574 3649 650 3710 item
662 3650 840 3710 Victorinus
858 3650 891 3710 in
905 3651 1005 3731 primo
1018 3652 1098 3714 libro
1148 3651 1271 3726 ciens,u
1301 3648 1452 3728 Spiritum
1474 3652 1616 3708 sanetum
1646 3665 1751 3709 veram
1777 3646 1889 3707 Deiesse
1943 3670 1944 3721 ρ

328 3738 364 3802 de
378 3740 539 3813 Trinitatis,
559 3741 701 3802 «Filium
714 3742 883 3821 imaginem
898 3746 1095 3822 esseasserit3
1147 3743 1190 3803 ait
1209 3740 1391 3820 imaginem,
1417 3757 1483 3800 non
1512 3757 1550 3800 ex
1568 3739 1677 3801 dimna
1697 3739 1834 3818 imagine,
1854 3731 1889 3794 uti
1943 3734 1944 3819 J

327 3832 489 3895 homiuem
513 3851 586 3894 vero
613 3834 653 3893 ad
680 3833 879 3913 imaginem¹.
896 3856 911 3892 ο
943 3837 1097 3898 Antonius
1146 3843 1265 3896 nost.»

327 3944 451 4005 qnoque
478 3925 702 3987 Monaehorum
728 3928 861 4006 paterio
884 3927 1012 4007 epistola
1029 3927 1091 3991 v1³.
1186 3927 1257 3987 XII.
1272 3924 1480 3986 Nihilominus
1492 3923 1639 3985 eumdem
1659 3921 1888 4006 possehominen
1906 3922 1944 3999 „A

330 4018 574 4100 «Unigenitum,
604 4018 658 4093 ait,
680 4019 735 4097 qui
748 4036 855 4079 sensus
875 4025 920 4080 cst
940 4020 1046 4095 Patris,
1063 4028 1094 4083 et
1147 4020 1202 4082 Dei
1227 4018 1396 4098 imaginem
1418 4017 1533 4090 vocari,
1562 4035 1601 4078 ex
1628 4017 1762 4079 aliorum
1784 4002 1944 4087 raumtt

325 4107 429 4191 imago
448 4110 515 4189 ejus
530 4110 643 4188 existit,
661 4110 751 4190 cujus
765 4111 859 4173 etiam
872 4111 1016 4191 imaginis
1030 4113 1094 4174 effi·
1147 4108 1329 4172 auctoritate
1351 4112 1482 4182 constat,
1498 4111 1529 4167 et
1539 4106 1625 4186 qnod
1639 4113 1733 4188 eaput
1742 4111 1794 4181 est,
1808 4106 1888 4184 Apos-
1943 4112 1944 4129 ³

361 4334 383 4375 ο
400 4320 485 4376 Cursu.
505 4324 538 4377 tu
552 4325 700 4394 Protrept.
725 4318 761 4375 ‘ll
777 4322 882 4396 μὲνγὰρ
898 4331 942 4377 τοῦ
956 4318 1010 4378 θεοῦ
1025 4324 1095 4379 εἰκὼν
1144 4320 1249 4388 tristi<
1262 4319 1377 4391 πατρώοις
1391 4318 1478 4391 ἀρετῆς
1488 4318 1648 4392 papium
1659 4320 1752 4393 piper,
1771 4316 1833 4372 ‘³²4⁸
1848 4311 1888 4367 ἐπ*

324 4401 427 4476 όλόγος
446 4403 531 4469 αθτοῦ,
545 4404 587 4458 καὶ
600 4405 652 4467 υἱός
665 4398 708 4459 zoi
722 4409 765 4458 νοῦ
780 4407 889 4478 γνήσιος,
904 4407 919 4461 ό
933 4408 996 4469 θεῖος
1009 4408 1093 4479 λόγος,
1144 4409 1188 4457 τοῦ
1202 4403 1302 4474 πατρός·
1326 4399 1405 4469 ἐπειδὴ
1428 4403 1468 4455 καὶ
1494 4402 1575 4475 όμοιον
1601 4403 1625 4466 ἐξ
1653 4405 1746 4476 όμοόων
1765 4401 1888 4474 γνννόνρῑθι

324 4486 405 4557 φωτός
416 4485 552 4559 ἀρχέτυπον
566 4493 626 4559 φῶς.
644 4489 714 4542 εἰκὼν
731 4488 758 4542 δὲ
771 4494 815 4543 soti
828 4491 915 4561 λόγον,
931 4490 1092 4563 όᾶνθρωπος.
1144 4485 1233 4548 εἰκόνες
1247 4485 1270 4539 όῖ
1284 4486 1421 4557 τικτόμενον
1434 4484 1561 4556 φαίνονται
1575 4493 1625 4541 τῶν
1638 4488 1787 4561 γεννητόρνθ
1801 4481 1887 4550 Miri

324 4569 436 4638 ἀληθινός
448 4570 462 4624 ό
476 4571 555 4634 νοόςό
568 4569 592 4624 ἔν
607 4571 737 4643 ἀνθρώπῳ,
748 4572 762 4625 ό
772 4571 827 4626 κατ’
836 4573 917 4627 εἰκόνα
930 4578 973 4627 τοῦ
985 4574 1040 4627 θεοῦ
1054 4575 1094 4628 καὶ
1144 4568 1195 4624 όόό
1207 4569 1341 4641 ἅνθρωπός,
1356 4570 1384 4622 ὃν
1396 4567 1518 4641 όθόρῑῦόθ,
1534 4569 1604 4624 ‘Mil
1620 4569 1672 4626 3⁶1¹
1686 4576 1729 4625 τοῦ
1743 4563 1800 4641 θόΰῦι
1814 4561 1888 4637 ‘W

214 4646 219 4655 ⁹
323 4655 376 4707 καθ’
391 4653 510 4726 ὁμοίωσιν
531 4654 571 4707 διὰ
592 4660 666 4708 τοῦτο
676 4657 817 4728 γεγενῆσθαι
830 4656 1016 4732 λεγόμενοςτῇ
1032 4656 1094 4712 κατὰ
1144 4649 1168 4715 ἐξ
1177 4651 1301 4724 ἀνομοίων
1319 4653 1521 4724 κηρογραρεῖσθαι
1535 4654 1677 4727 χρωμάτων
1691 4653 1789 4713 εἰκόνας·
1805 4650 1841 4702 καὶ
1854 4644 1888 4705 τόν

323 4737 423 4810 καρόόαν
442 4738 557 4810 φρονήσει
577 4743 614 4809 τῷ
633 4733 690 4809 islep
712 4740 917 4812 παρεικαζόμενος
938 4740 1025 4814 λόγῳ,
1054 4744 1093 4799 καὶ
1145 4734 1188 4807 istit
1203 4729 1265 4787 Εἷθαῑ
1281 4735 1344 4787 θέῦῑῑ
1362 4734 1553 4807 χῑφθτὲὗόῖῦθνν
1571 4737 1616 4799 τὰς
1629 4736 1656 4791 δὲ
1672 4737 1750 4809 W»
1763 4735 1801 4787 καὶ
1818 4728 1887 4804 Μ’

323 4820 398 4893 ταότρ
408 4821 517 4893 λογικός.
1142 4834 1197 4887 V1³¹
1210 4818 1380 4890 Υῑῖῑθημόθᾰό·

358 4903 375 4960 θ
394 4904 478 4960 Canu.
495 4905 578 4960 lens.
592 4902 673 4958 Εῐκὼν
689 4902 781 4968 εἰκόνος
795 4903 945 4979 ἀνθρώπινος
955 4913 1020 4973 νοός.
1179 4899 1314 4957 dPuocn.
1339 4899 1451 4963 Ἐκεῖνος
1468 4901 1553 4974 γέγονε
1566 4901 1621 4958 κατ’
1635 4900 1726 4958 εἰκόνα·
1748 4894 1812 4963 νότον
1831 4892 1888 4951 θ’θ’

359 5002 374 5042 ο
392 4988 523 5044 Eusrirn.
540 4988 616 5060 apud
630 4988 768 5046 Theodor.
788 4989 823 5044 ot
834 4990 881 5064 γὰρ
893 4985 959 5047 εἶπεν
970 4992 984 5046 ό
995 4994 1093 5057 Παῦλος
1143 4982 1265 5048 tarinae.

322 5071 479 5143 συμμόρφους
500 5075 543 5127 τοό
564 5071 617 5127 aiot
639 5080 682 5126 τοῦ
701 5073 771 5137 θεοῦ,
792 5072 857 5127 ἀλλὰ
877 5077 1035 5149 συμμόρφους
1049 5085 1093 5146 τῆς
1178 5082 1193 5123 c
1210 5067 1297 5122 Bistn.
1320 5063 1389 5119 Ἀλλ’
1396 5065 1486 5129 ἱκανῶς
1507 5071 1692 5141 προσειρήσεται
1707 5068 1747 5125 καὶ
1762 5066 1827 5123 suta
1839 5060 1889 5127 όόό·

320 5153 413 5217 εἰκόνος
430 5148 474 5208 τοῖν
492 5154 545 5209 aiot
559 5150 643 5210 αότοῦ·
659 5156 722 5210 ἄλλο
736 5157 779 5228 μέν
802 5175 826 5210 τι
840 5159 954 5213 θενκνόων
979 5159 1020 5215 τόν
1040 5160 1091 5215 υἱόν
1141 5148 1192 5217 θός,
1206 5148 1250 5204 Οὗό
1259 5147 1282 5211 ἕξ
1297 5146 1388 5213 ‘Mitt
1399 5149 1472 5216 θεόθεν
1486 5151 1593 5225 καθάπερ
1606 5152 1687 5226 ipsa.

320 5231 394 5304 εἶναι,
409 5238 473 5292 ἄλλο
495 5237 522 5292 tt
543 5238 588 5307 τὴν
603 5238 686 5294 εἰκόνα
704 5240 789 5295 αὐτοῦ.
813 5241 827 5294 ό
848 5242 891 5313 μὲν
912 5242 960 5317 γὰρ
980 5242 1046 5312 σόος,
1061 5243 1093 5299 τόν

320 5485 336 5529 ⁰
346 5419 576 5530 ρωῖιονοηρόῐέθιίθθό,
589 5431 609 5466 ο.
622 5430 630 5465 1
643 5428 751 5477 stoan-
762 5422 777 5466 ό
787 5421 834 5467 Col.
847 5420 886 5469 tut
895 5428 917 5467 st
926 5432 1001 5479 sap-
1011 5425 1025 5469 a
1034 5424 1096 5471 Tam.
1109 5424 1141 5472 ill
1152 5429 1208 5474 aut·
1217 5428 1279 5476 Patr.
1289 5429 1334 5479 eut.
1345 5429 1406 5478 θλ-
1417 5428 1488 5476 icor.
1499 5428 1540 5477 θόθ
1550 5431 1573 5477 tt
1585 5431 1682 5477 θωμό
1693 5428 1790 5481 'rendli
1799 5428 1885 5482 Vim·

399 5517 405 5530 .
418 5498 429 5528 θ
459 5514 465 5536 ς
503 5515 509 5528 ι
