3932 6172
399 419 451 479 DE
470 418 637 482 OPll'lClO
659 419 732 482 SEX
753 416 917 497 DIERUM,
939 420 1010 481 LlB.
1033 418 1095 497 Ill,
1117 418 1201 482 che.
1223 419 1293 482 v11.
1578 425 1637 488 321

67 587 187 666 Optatus
228 584 421 647 llilevitanus
462 587 544 666 apud
579 586 776 666 Fulgentium
790 581 822 645 ¹:
873 583 983 665 inquit,
1000 605 1070 649 curn
1085 587 1187 649 bonus
1200 587 1249 664 sit,
1260 586 1309 648 vel
1320 585 1422 667 potius
1430 586 1552 650 bonitas
1560 587 1638 669 ipsa,

70 700 85 737 ο
102 678 267 757 Virginitas
286 679 453 740 voluntatis
474 697 524 741 res
542 685 597 753 est,
618 698 684 740 non
696 676 824 741 necessi-
871 695 927 757 per
940 696 1033 759 seque
1045 680 1176 757 bonurn,
1192 698 1257 740 non
1265 679 1332 740 vult
1344 685 1490 741 naturam
1501 686 1640 742 nostram

68 771 141 846 tatis,
168 774 226 832 etc.
250 772 312 832 Nec
334 771 558 852 impedimento
585 779 631 834 est
650 772 824 834 volentibus
871 771 1043 832 necessitati
1061 771 1194 846 subesse,
1220 778 1256 832 ut
1273 772 1313 832 ad
1332 772 1462 833 modum
1473 772 1640 834 brutorum

69 861 244 945 (Apostolus)
258 883 318 927 nec
329 865 471 927 nolentes
480 865 620 946 impellit,
636 871 691 926 aut
699 865 791 945 cogit.
803 886 819 924 ο
872 862 1091 934 animantium,
1112 882 1309 943 quocumque
1330 863 1423 925 luerit
1435 863 1582 944 impulsa,
1596 883 1642 926 se·

68 958 267 1037 Hieronymus
291 975 416 1037 quoque
438 958 472 1019 in
497 958 627 1038 epistola
653 955 693 1020 od
717 956 822 1019 Deme·
872 960 996 1033 quatur.
1019 957 1170 1018 Praeterea
1192 956 1312 1017 bonum
1326 956 1393 1018 vult
1406 975 1471 1019 esse
1483 962 1639 1019 nostrum.

66 1048 181 1110 enodem
199 1048 268 1110 haec
289 1049 383 1112 verba
406 1049 520 1110 Christi
542 1049 708 1129 explicans,
729 1047 768 1110 Si
780 1054 824 1111 vis
871 1048 941 1108 Non
955 1048 1092 1109 animab
1106 1050 1243 1129 quodam
1257 1049 1642 1123 naturaressevinculo,ut

63 1140 201 1222 perfectus
231 1160 300 1220 esse,
334 1140 415 1215 code,
452 1149 480 1202 et
507 1141 593 1203 vende
618 1141 728 1219 omnio,
755 1161 823 1223 quoe
871 1139 1019 1202 virtutem
1045 1147 1154 1221 sponte
1177 1147 1353 1204 exercentes
1378 1148 1410 1204 et
1432 1160 1501 1222 quar
1511 1143 1643 1203 honesta

65 1232 202 1311 deluto
228 1240 290 1297 etc.
305 1233 372 1296 hec
389 1232 513 1295 scribit:
544 1254 560 1293 ο
584 1234 616 1295 Si
636 1234 692 1308 vis,
708 1233 820 1313 inquit,
872 1238 956 1309 sunt,
970 1233 1124 1311 laudibus,
1147 1234 1345 1315 premiisqne
1357 1235 1444 1314 digni
1457 1234 1640 1296 habeamur.

67 1345 122 1388 em
141 1326 306 1407 perlectus.
336 1327 405 1388 Non
428 1344 515 1405 cogo,
540 1344 606 1386 non
621 1325 754 1406 impero,
769 1325 822 1387 sed
871 1324 942 1385 Non
963 1326 1050 1389 enim
1070 1334 1196 1405 gratum
1217 1326 1262 1387 illi
1282 1333 1338 1405 est,
1359 1327 1443 1406 quod
1463 1327 1641 1389 necessitate

66 1437 192 1498 propono
218 1419 369 1499 palmmn,
395 1419 523 1480 ostendo
549 1417 690 1498 premia.
720 1419 823 1478 Tuum
872 1424 917 1478 est
937 1435 1127 1497 expressum,
1152 1419 1206 1479 sed
1228 1419 1312 1498 quod
1335 1437 1374 1480 ex
1396 1418 1544 1481 electione
1566 1437 1641 1498 pro-

66 1516 104 1572 cat
114 1511 235 1591 eligere,
251 1511 277 1572 si
290 1511 426 1573 volueris
445 1511 486 1571 im
492 1529 603 1591 agone,
617 1517 710 1589 atque
724 1516 822 1571 certa·
870 1510 965 1571 venit.
981 1512 1031 1572 lin
1043 1529 1117 1572 vero
1135 1529 1260 1572 servum
1274 1517 1367 1572 tuum
1381 1510 1596 1589 verberonem,
1611 1518 1643 1574 et

67 1604 138 1665 mine
158 1604 313 1665 coronari.
335 1625 352 1662 υ
376 1604 454 1678 Quid
473 1605 610 1684 apertius
632 1603 692 1664 dici
709 1608 820 1683 potest,
871 1601 1012 1664 vinctum
1025 1602 1192 1681 collaudas,
1214 1603 1327 1683 siquid
1344 1600 1434 1678 forte,
1451 1604 1643 1684 quodjuasus

67 1696 268 1776 utintelligas,
287 1696 355 1757 aim
377 1715 447 1758 eam
462 1701 494 1757 et
515 1696 707 1758 coactionem
720 1714 823 1776 quasa
871 1701 927 1765 est,
949 1695 1114 1775 exequitur
1126 1714 1135 1771 ;
1160 1715 1201 1757 an
1224 1713 1290 1755 non
1317 1696 1421 1776 potius
1446 1713 1531 1770 cum,
1555 1697 1644 1759 nulla

68 1788 194 1850 Patribus
207 1789 380 1869 opponitur
393 1790 491 1851 libero
504 1789 642 1863 arbitrio,
662 1808 726 1850 non
736 1788 823 1849 illam
871 1788 1051 1849 necessitate
1074 1788 1243 1868 proposita,
1270 1808 1374 1867 neque
1396 1789 1519 1867 flagello
1543 1790 1644 1851 inten-

67 1899 123 1942 esse
136 1882 234 1943 stricte
248 1887 406 1962 sumptam
423 1901 459 1943 ac
473 1882 618 1961 rigidam,
632 1880 823 1943 etlihertatis
870 1884 946 1957 tato,
970 1881 1091 1941 nullam
1110 1886 1233 1961 partem
1257 1880 1376 1942 servilis
1400 1881 1494 1941 officii
1517 1889 1644 1961 praeter·

66 1974 123 2034 imo
138 1974 305 2036 voluntatis
328 1975 435 2054 ipsius,
449 1981 487 2035 ut
509 1979 621 2054 putant
641 1973 750 2048 nostri,
772 1991 823 2052 pe·
872 1971 979 2050 mittit,
995 1991 1097 2051 neque
1111 1972 1263 2053 imperata
1277 1979 1331 2034 tua
1340 1973 1479 2052 negligit,
1488 1975 1542 2035 sed
1549 1974 1643 2037 alacri

67 2067 249 2148 remptricem
269 2066 475 2129 violentiam?
499 2068 575 2127 Ecce
597 2066 721 2141 iterum,
739 2063 823 2147 (nam
871 2064 988 2142 animo,
1013 2071 1044 2127 et
1056 2083 1129 2126 curn
1150 2067 1308 2146 voluptate
1318 2063 1458 2127 servitii
1477 2086 1493 2124 υ
1518 2066 1576 2140 Qui
1589 2069 1644 2128 Za·

68 2161 159 2222 ποτοῖο
169 2161 326 2240 quomodo
337 2166 457 2222 tantam
466 2158 659 2220 oscitantiam
672 2158 707 2218 in
718 2157 823 2237 magui
872 2155 984 2217 charite
1012 2156 1098 2219 locus
1125 2158 1280 2236 quantivis
1303 2156 1395 2238 pretii
1420 2162 1483 2233 est;
1510 2176 1585 2218 nam
1602 2160 1643 2221 ad

66 2256 201 2316 momenti
214 2272 261 2325 re,
277 2258 310 2316 et
336 2252 481 2315 insolenti
503 2252 639 2312 notivate
663 2250 820 2323 struenda,
871 2248 1050 2310 institutum
1068 2255 1212 2310 nostrum
1238 2249 1427 2312 adamussim
1450 2250 1591 2329 quadrat,
1612 2258 1643 2312 et

1 2384 4 2387 ·
66 2348 185 2428 pondere
198 2346 392 2409 auctoritatis
410 2345 563 2424 frangere,
586 2349 678 2423 atque
692 2343 824 2419 obruere
873 2341 913 2402 ad
935 2341 1147 2420 castigandam
1168 2340 1241 2402 novi
1269 2340 1463 2421 dogmatista
1486 2341 1642 2405 licentiam

67 2436 820 2521 delectatleece,inquam,GyrillusAlexandrinus,
872 2432 1047 2512 aptissimus
1070 2440 1126 2495 est.
1150 2433 1208 2506 Qui
1232 2432 1421 2514 ubicumque
1441 2435 1640 2513 necessitatis,
1692 2438 1697 2445 ’

66 2534 281 2613 rimcamdem,
297 2539 330 2595 et
344 2536 506 2612 cogentem
521 2530 733 2591 necessitatem
745 2527 822 2608 legi·
871 2530 926 2586 aut
944 2524 1109 2587 coactionis
1125 2543 1187 2585 vox
1207 2526 1291 2606 apud
1313 2530 1454 2588 auctores
1473 2525 1638 2609 increpuit,

67 2627 115 2688 bns
126 2626 275 2703 attribuit,
293 2633 325 2688 et
339 2644 414 2688 cum
433 2624 599 2685 voluntatis
618 2620 770 2696 libertate,
787 2640 823 2683 ao
871 2617 975 2679 statim
990 2619 1030 2680 ad
1043 2635 1199 2680 summam
1216 2618 1314 2695 illam,
1328 2624 1360 2678 et
1371 2618 1565 2699 prefractam
1577 2621 1641 2683 vio

66 2719 317 2782 determinationis
351 2718 475 2779 inimica
509 2721 658 2797 potestate
681 2713 820 2775 confert:
871 2710 1012 2788 lentiam,
1040 2710 1364 2791 interemptricemque
1397 2711 1547 2774 libertatis
1573 2713 1642 2775 ani·

69 2814 190 2893 «Leges,
206 2813 254 2875 ait
268 2812 321 2873 ille
334 2811 369 2872 in
383 2810 518 2873 secundo
544 2818 643 2870 contro
665 2805 822 2868 tutionem
871 2821 961 2864 mum
981 2802 1085 2864 refert.
1106 2803 1169 2863 Nec
1192 2803 1423 2880 animadvertit,
1450 2822 1532 2884 saepe
1551 2823 1641 2868 coac·

66 2903 142 2981 bbro,
165 2904 398 2968 contumaciam
426 2906 578 2978 coercent,
607 2905 648 2972 ct,
677 2899 760 2978 quod
783 2898 823 2959 ad
870 2895 965 2956 tionis
987 2914 1023 2957 ac
1045 2894 1200 2956 violentiae
1224 2896 1353 2957 nomina
1374 2912 1432 2975 pro
1451 2895 1593 2976 simplici,
1609 2900 1643 2959 et

67 2999 264 3061 defensionem
290 2996 431 3073 inclinat,
459 2993 560 3074 poenis
577 2991 763 3072 reprimunt,
783 2990 823 3050 ad
871 2987 1018 3063 naturali,
1033 2992 1126 3066 atque
1144 2988 1185 3048 ad
1204 3006 1305 3048 arnum
1319 2987 1437 3066 aliquid
1450 2998 1640 3068 persequen-

66 3093 101 3169 id,
114 3094 191 3173 quod
208 3092 333 3152 bonum
351 3093 408 3165 est,
429 3087 638 3152 adhortantes,
663 3089 694 3145 et
707 3083 746 3143 ab
759 3087 824 3142 tur·
871 3079 948 3141 dum
961 3079 1164 3139 determinata
1186 3078 1365 3139 necessitate
1379 3078 1494 3157 arcipi3
1510 3080 1543 3141 id
1557 3082 1641 3163 quod

65 3184 142 3263 pibus
161 3184 310 3246 recedere
333 3185 477 3259 cogentes
506 3195 570 3251 eos,
600 3174 653 3256 qui
681 3175 720 3235 ab
740 3180 823 3235 recta
870 3170 904 3232 in
918 3172 971 3232 illo
988 3171 1143 3232 Zacharia
1166 3170 1233 3231 loco
1257 3170 1380 3249 egregie
1398 3171 1564 3246 cernimus,
1585 3172 1641 3234 ubi

66 3276 167 3337 ratione
188 3276 361 3337 abhorrere
384 3276 493 3351 sponte
515 3288 572 3329 sua
598 3268 776 3346 religante.
802 3287 818 3323 υ
871 3264 1044 3325 naturalem
1068 3263 1155 3324 illam
1176 3263 1411 3343 simplicemque
1427 3264 1641 3326 necessitatem

66 3369 181 3447 tyrillus
194 3366 331 3429 idemin
345 3363 425 3425 calce
439 3362 511 3423 libri
521 3359 598 3423 sexti
611 3365 712 3420 contra
726 3356 824 3419 Julia-
870 3357 1026 3418 violentiae
1054 3355 1191 3432 nomine,
1221 3374 1256 3416 ac
1276 3353 1480 3417 similitudine
1499 3357 1643 3418 describit

68 3480 135 3534 ram,
159 3461 269 3533 ἀνάγκην
294 3458 328 3519 id
354 3462 399 3518 est
426 3454 497 3531 vim,
526 3459 557 3515 et
577 3450 764 3529 coactionem,
785 3468 824 3512 ex
872 3449 966 3510 vincti
984 3447 1178 3527 catenatique
1201 3446 1357 3527 mancipii.
1384 3451 1485 3526 Atque
1506 3447 1568 3509 hoc
1590 3451 1645 3511 Za-

67 3552 207 3627 mandatc,
224 3558 259 3613 et
274 3548 415 3630 imperio,
432 3545 562 3628 opponit
571 3545 611 3621 ei,
622 3546 705 3624 quod
714 3548 824 3624 sponte
871 3542 990 3603 charius
1003 3559 1042 3601 ex
1055 3539 1165 3600 Basilio
1187 3540 1336 3600 imitando
1355 3540 1524 3620 transtulit,
1545 3560 1642 3622 eaque

68 3645 105 3723 fit,
125 3664 159 3707 ae
177 3645 292 3705 libere.
319 3640 368 3703 Sic
390 3646 421 3701 ct
443 3639 529 3701 Philo
550 3637 585 3699 in
603 3637 683 3698 libro
705 3637 743 3697 de
766 3655 820 3715 eo,
872 3634 955 3695 illius
976 3631 1115 3708 homilia,
1142 3651 1205 3711 qua
1228 3632 1365 3712 disputat
1391 3651 1455 3693 non
1478 3651 1543 3695 esse
1568 3634 1643 3696 mali

68 3736 132 3817 quod
152 3736 289 3799 deterior
306 3731 425 3814 potiori
447 3729 617 3802 insidiatur,
632 3736 739 3809 ἀνάγκην
753 3746 824 3789 cum
873 3727 1031 3805 auctorem
1044 3726 1162 3800 ileum3
1179 3724 1641 3805 cujusverbaposteareferam.

69 3848 98 3890 eo
117 3833 290 3911 comparat,
315 3826 400 3905 quod
420 3830 567 3903 ἑοελοοργος,
582 3831 622 3883 τοι
636 3827 825 3891 αὐτοκέλευστος
913 3819 1073 3899 Siquidem
1094 3817 1224 3879 basilius
1246 3817 1279 3877 in
1299 3817 1378 3877 libro
1394 3815 1437 3877 De
1449 3834 1519 3877 cero
1537 3816 1656 3898 Vir-po·

67 3923 147 3984 homo
166 3923 252 3999 iacit,
278 3919 311 3980 id
326 3924 372 3979 est
386 3925 494 3999 sponte,
518 3933 553 3976 uc
571 3919 674 3996 suopte
695 3917 782 3990 outa,
797 3918 826 3972 et
875 3911 974 3985 nitate,
990 3909 1152 3972 hominem
1166 3910 1205 3971 ab
1218 3907 1403 3970 innocentiae
1417 3913 1643 3988 ειπὶιιβιοοοῆυοι,

68 4014 212 4078 moene.
874 4004 908 4065 id
922 4009 968 4065 est
981 4002 1126 4065 violenter
1140 4000 1290 4083 obreptum
1305 4018 1369 4063 esse
1383 3999 1458 4060 dicit
1471 4000 1506 4060 in
1520 4018 1645 4080 corrup-

7 4106 51 4157 i*
99 4110 163 4170 Vll.
175 4112 338 4170 Praeterea
345 4120 410 4164 non
419 4120 490 4163 raro
498 4100 574 4177 vim,
591 4104 622 4160 et
636 4097 827 4160 coactionem
874 4096 987 4173 telam;
1008 4116 1024 4155 c
1037 4114 1073 4157 ac
1085 4094 1220 4156 vicissim
1247 4092 1378 4154 «libera
1392 4091 1550 4169 electione,
1565 4090 1643 4153 vali·

0 4205 13 4236 *
68 4200 208 4281 appellant
221 4197 401 4261 naturalem
414 4193 655 4275 propensionem
674 4191 713 4251 ad
727 4206 827 4250 unum
875 4189 971 4263 dicre,
1006 4206 1101 4268 quam
1133 4192 1246 4247 natura
1277 4185 1327 4261 sit,
1363 4184 1403 4245 ad
1429 4184 1645 4264 incorruptum

10 4337 30 4368 ,τ
69 4292 220 4373 quodpiam
235 4287 488 4354 determinatam.
503 4287 549 4346 lta
562 4283 724 4345 Zacharias
737 4281 829 4361 Mity-
875 4286 991 4343 statum
1015 4281 1047 4340 vi
1074 4279 1210 4358 quadam
1239 4276 1406 4338 revocarit
1433 4297 1449 4335 r
1475 4277 1525 4336 Sic
1538 4282 1644 4357 ἀνάγκην

68 4379 168 4447 leneus
181 4385 317 4466 scriptor
330 4378 485 4459 imprimis
498 4368 640 4452 disertus,
657 4397 672 4435 α
688 4375 826 4453 Creator,
877 4381 991 4453 ροοικὴι,
1007 4371 1039 4432 id
1053 4377 1099 4433 est
1112 4367 1276 4431 naturalem
1287 4367 1494 4445 necesotatem,
1510 4368 1646 4448 cyrillus

97 4543 223 4600 actare.
250 4539 277 4596 ll
306 4542 412 4595 contra
429 4533 489 4591 Jtti.
513 4530 707 4604 ’λναοειράζουσι
728 4528 771 4601 μέν
797 4527 826 4582 rb
876 4527 950 4592 καλὰ,
965 4523 1070 4579 irrisor
1085 4543 1122 4589 τε,
1134 4524 1174 4577 καλ
1192 4523 1272 4577 ἄθλων
1282 4520 1412 4594 ἀξιώμεδα.
1431 4520 1460 4576 οδ
1474 4521 1521 4596 γὰρ
1534 4523 1564 4577 rb
1578 4522 1669 4596 Ιιλναγ-·

70 4626 207 4702 δυσάγωγον,
222 4626 268 4680 καὶ
285 4624 315 4678 rb
333 4618 441 4680 νενευκδς
455 4616 488 4679 εἰς
509 4615 642 4670 ἀπόστασιν
664 4612 827 4666 ἀνακόπτουσι
877 4609 997 4683 καομένου
1013 4607 1081 4680 αὐτῷ
1095 4608 1176 4679 pilos,
1190 4606 1254 4659 ἀλλά
1264 4605 1294 4660 td
1309 4603 1335 4659 ἐκ
1348 4606 1512 4679 προαιρέσεως
1527 4609 1649 4680 γεωργού-

72 4699 114 4772 ττῖς
122 4713 214 4777 δίκαις,
233 4707 415 4780 προτρέποντες
428 4699 461 4763 εἰς
474 4700 504 4754 rb
521 4693 560 4763 sir,
575 4698 617 4752 καλ
631 4702 680 4751 τῶν
695 4692 827 4767 αἰσχιόνων
879 4710 963 4767 μενον.
978 4693 1032 4761 hob
1048 4692 1089 4745 τδν
1101 4690 1196 4759 οἰκέτην
1207 4689 1248 4743 τδν
1264 4695 1367 4744 σεαυτοῦ
1382 4690 1512 4763 μαστιγίαν
1527 4691 1598 4758 ὄντα,
1607 4692 1649 4745 καὶ

72 4790 233 4866 έναγτάζοντες
257 4790 380 4861 ἀποριτᾷν
403 4784 459 4847 τοὺς
482 4783 603 4855 λογισμοῦ
626 4785 670 4835 τοῦ
694 4778 829 4850 πρέποντος
878 4777 1007 4848 δεσμώτην
1018 4773 1130 4839 ἐπαινεῖς,
1142 4768 1164 4826 εἴ
1179 4790 1226 4828 που
1238 4793 1262 4828 τι
1274 4767 1309 4827 ὧν
1320 4773 1443 4827 κελεύεται
1457 4774 1647 4846 διαπράττεταις

72 4872 165 4949 ἀμοιρεῖν
178 4875 330 4950 ἠρτημένους.
877 4860 968 4927 librar
993 4859 1112 4932 μηδεμιᾶς
1135 4855 1240 4929 ἀνάγκης
1263 4852 1421 4928 ἐπικειμένης,
1449 4857 1490 4910 καλ
1515 4858 1647 4930 μάστιγος,

99 4961 247 5017 ἀΖΔοιιιιι.
264 4956 313 5013 lib.
337 4953 374 5010 de
388 4949 475 5026 Opis.
499 4948 533 5004 ⁸0
547 4944 709 5021 δημιουργδς,
727 4937 830 5014 datto·
879 4942 980 5015 μηδενὸς
993 4941 1190 5014 ἀπολιμπάνοιτο
1210 4945 1260 4995 τῶν
1281 4942 1325 5007 τῆς
1343 4939 1454 5002 δουλείας
1471 4939 1564 5014 ἔργων,
1588 4938 1649 5014 μηδὲ

72 5061 114 5111 της,
127 5044 274 5118 ἁγοδδςῶν,
291 5037 386 5110 μᾶλλον
400 5033 427 5089 at
442 5032 459 5100 ἦ
473 5031 649 5104 αδτσγατότης,
661 5027 702 5082 καλ
713 5025 829 5099 τάγαδδν,
878 5026 980 5080 κατόπιν
1005 5022 1041 5079 ἴοι
1066 5030 1116 5078 τῶν
1132 5029 1183 5078 σῶν
1206 5021 1412 5096 προσταγμάτων·
1431 5020 1497 5075 ἀλλά
1515 5024 1651 5097 προθυμίας

73 5124 215 5199 βσάλεταιρὴ
230 5122 349 5194 ἀνάγκαις
359 5116 500 5173 tratactu
517 5114 562 5183 τὴν
573 5110 643 5187 ράσιν
657 5109 701 5180 τὴν
710 5109 830 5182 ἡμετέραν
879 5106 1038 5164 δποδουλιάυι
1047 5107 1090 5161 cbo
1099 5106 1175 5180 ἡδονῇ
1183 5124 1192 5175 3

72 5201 330 5281 δέτηιάλογωνῆπερ
345 5200 471 5272 δνάγοιτο
488 5196 661 5269 συνεπομένην.
676 5192 736 5266 πρὸς
749 5191 776 5246 δέ
790 5190 832 5244 καὶ
916 5192 1036 5248 οΒισιι.
1057 5195 1124 5246 tom.
1151 5190 1172 5245 l.
1193 5189 1277 5251 otto,
1295 5187 1344 5242 ἀπδ
1363 5188 1453 5261 φθορᾶς
1468 5187 1502 5253 εἰς
1516 5189 1650 5263 ἀφθαρσίαν

72 5290 179 5347 τδαελδν
204 5263 328 5363 ἡμέτερον
352 5279 425 5339 εἶναι.
450 5281 479 5336 οὗ
503 5280 551 5354 γὰρ
569 5279 599 5347 δὴ
622 5280 666 5332 τοῦ
685 5279 775 5349 δεσμοῦ
789 5278 833 5342 τῆς
873 5273 925 5343 ’την
940 5274 1027 5330 ἑαυτοῦ
1048 5273 1119 5345 φύσιν
1140 5268 1259 5343 κρείττονι
1282 5274 1325 5339 τῆς
1345 5270 1439 5342 φύσεως
1451 5273 1589 5347 προαιρέσει
1603 5272 1653 5341 βιά-

72 5373 164 5444 ράοιως,
188 5375 235 5429 ἵνα
257 5371 302 5439 τὴν
323 5366 411 5441 ἀρετὴν
432 5366 527 5427 έκάντες
551 5362 719 5436 ἐργαζόμενοι,
738 5360 780 5414 καὶ
802 5356 833 5412 τά
881 5377 963 5428 σηται.

97 5514 108 5555 1
120 5510 164 5557 m.
173 5512 192 5557 ll
206 5511 236 5556 ed
246 5508 335 5555 Ισιυισι
346 5518 395 5563 ουρ.
408 5515 487 5551 rur·
496 5501 511 5546 t
521 5501 596 5547 uottt.
609 5509 652 5543 ru.

221 5589 304 5652 Tou.
324 5585 377 5647 tv.
1479 5567 1519 5633 οη
