3932 6172
425 482 476 544 DE
495 481 654 544 cristato
675 482 750 544 SEX
769 484 935 563 DIERUM,
950 484 1022 546 uta.
1037 483 1089 561 lli,
1112 483 1195 545 CAP.
1217 485 1256 548 V.
1572 481 1632 542 309

96 643 174 710 Quod
196 645 323 725 quidem
341 648 422 709 eirca
443 666 480 710 ea
502 647 567 708 sola
587 648 704 709 versari
725 648 808 719 dicit,
864 650 1079 710 nistrationem
1103 650 1249 729 explieat3
1267 668 1337 730 quae
1351 655 1423 711 ante
1441 648 1545 710 oculos
1558 664 1630 707 nos-

63 752 120 816 que
136 743 208 798 sunt
219 737 363 801 innubis
387 746 418 802 et
438 745 546 801 nostra
568 746 718 818 potestate
741 742 809 816 sita,
861 746 926 802 tros
945 740 1112 819 proposita,
1128 741 1268 821 beneque
1277 747 1436 821 perspecta
1448 756 1513 801 esse
1528 737 1629 812 debet,

64 827 194 888 nimirum
204 848 275 908 quae
289 830 420 892 minime
430 830 612 906 necesaria,
628 836 660 892 et
668 832 813 893 adunam
862 838 898 893 ut
924 831 1075 893 libertatis
1097 836 1253 910 rabaam,
1287 840 1318 894 et
1350 851 1421 893 cum
1452 830 1632 892 necessitate
1669 865 1673 870 -

64 919 205 998 quippiam
229 922 435 983 determinata
461 928 546 999 sunt,
578 926 609 982 et
635 922 813 1002 dequibus
862 924 1104 1002 repugnantiam
1124 923 1246 1002 plenius
1260 942 1443 1004 cognoscere
1463 921 1628 1003 possimus.

64 1010 213 1071 amauri
225 1017 336 1092 potest.
351 1013 403 1075 Sic
417 1014 450 1074 in
464 1012 609 1093 capitem
621 1013 734 1092 probat
747 1033 812 1076 esse
861 1014 934 1093 Agit
947 1020 978 1075 et
992 1014 1029 1075 de
1042 1015 1080 1074 iis
1096 1060 1104 1088 ,
1130 1032 1201 1092 quaa
1222 1021 1381 1096 ἐνδεχόμενα,
1403 1015 1492 1075 idest
1512 1011 1630 1073 contio·

64 1101 189 1180 quedam
214 1103 250 1163 in
267 1109 372 1165 nostra
392 1110 543 1184 potestate
569 1105 681 1183 posita,
702 1105 736 1165 in
746 1106 813 1184 qui·
861 1106 1145 1186 qartr'ovocantur3
1162 1105 1327 1186 dequibus
1346 1104 1629 1167 soliseonsultatio-

66 1192 112 1251 bus
132 1193 202 1254 solis
229 1194 355 1256 libertas
381 1201 541 1257 exercetur
567 1195 699 1256 arbitrii.
725 1197 814 1258 Talia
865 1213 939 1256 nem
953 1201 984 1257 et
998 1196 1179 1258 electionem
1193 1214 1280 1277 posse
1295 1196 1630 1277 esse‚iisdem,quibus

66 1289 125 1344 utut
134 1303 218 1359 vero,
241 1286 281 1347 de
303 1286 416 1366 quibus
438 1287 601 1349 consilium
615 1292 670 1363 est,
687 1306 723 1348 ac
735 1288 812 1349 deli·
862 1287 1032 1361 Nemesius,
1045 1287 1147 1348 verbis
1162 1289 1296 1349 ostendit
1308 1288 1328 1350 ¹.

66 1373 173 1461 beratio,
189 1382 224 1437 et
240 1394 311 1456 quae
323 1377 357 1438 in
370 1383 670 1457 utramquepartem
685 1379 812 1458 aequali·
902 1379 1040 1440 Primam
1062 1379 1166 1458 itaque
1190 1381 1333 1442 omnium
1351 1381 1423 1442 dicit
1442 1398 1518 1454 essa,
1534 1398 1629 1460 quam

66 1472 104 1527 ter
124 1468 244 1528 evenire
267 1469 395 1547 possint,
423 1469 486 1530 sive
512 1470 597 1550 quod
621 1478 685 1532 tam
710 1470 813 1551 ipsum
863 1476 978 1548 βούλησιν
992 1475 1090 1544 vocat,
1104 1470 1137 1530 id
1148 1476 1194 1530 est
1203 1470 1392 1541 volantatem,
1410 1490 1482 1533 cum
1496 1472 1630 1533 naturali

67 1557 156 1634 boae,
181 1564 215 1621 et
242 1560 388 1621 asciscere
415 1579 592 1641 possumus,
624 1579 719 1641 quam
748 1563 815 1641 ejus
862 1562 1014 1639 appetitu,
1029 1569 1060 1622 et
1074 1562 1280 1642 propensione
1293 1564 1453 1644 quippiam
1463 1564 1627 1639 volumus3

67 1651 265 1727 aunarium
300 1652 385 1713 uelut
416 1652 598 1729 ambulare,
629 1653 680 1714 vel
712 1659 810 1727 stare,
862 1667 957 1729 quam
984 1651 1093 1713 definit
1123 1655 1361 1738 «appetitum,
1378 1660 1409 1715 et
1441 1654 1629 1716 desiderium

71 1747 232 1821 ιιμμενοεο,
247 1760 318 1821 quae
331 1761 395 1803 non
407 1746 577 1805 necessaria
592 1751 675 1820 sunt,
692 1744 814 1805 veluon
861 1742 1011 1804 rationale
1028 1744 1074 1805 rei
1087 1744 1259 1823 cujuspiam
1271 1744 1297 1805 ί.
1325 1768 1337 1804 ι
1361 1747 1509 1807 Eamdem
1535 1765 1629 1826 porro

67 1839 259 1914 appetem.»
277 1836 357 1896 Item
366 1833 500 1896 liberum
513 1836 678 1897 arbitrium
702 1836 814 1897 nonin
861 1850 926 1894 non
940 1835 1042 1895 solum
1068 1853 1177 1895 eorum
1204 1853 1269 1896 esse
1287 1837 1364 1912 vult,
1388 1856 1457 1918 quae
1482 1839 1516 1898 in
1538 1839 1629 1899 nobis

69 1926 190 1985 omnibus
205 1927 334 2000 versari,
355 1925 434 1986 «sed
447 1926 527 1987 circa
540 1927 671 1988 virtutes
685 1933 715 1988 et
726 1927 811 2005 vitia,
862 1923 931 1999 sita,
946 1930 977 1985 et
989 1925 1145 2004 possibilia
1158 1926 1314 2004 dicuutur,
1329 1929 1491 1990 sedetiam
1505 1948 1625 2006 eorum,

68 2016 192 2089 acdona,
207 2017 375 2078 electiones
391 2024 422 2078 et
438 2018 590 2080 motiones
609 2019 718 2093 animi,
733 2024 764 2079 et
777 2037 814 2081 ea
862 2032 932 2093 qua
945 2016 1074 2096 adipisci
1088 2034 1152 2078 nou
1166 2036 1340 2097 possumus,
1355 2019 1470 2080 aufinis
1479 2039 1544 2081 esse
1556 2027 1627 2082 tan·

71 2110 813 2189 quorunexaequ0,accontrariorumagendorum
861 2111 941 2181 tum,
967 2125 1031 2168 non
1044 2113 1150 2170 autem
1168 2128 1289 2185 eorum,
1311 2130 1381 2191 quae
1401 2112 1504 2173 media
1516 2131 1631 2174 vocan-

69 2206 229 2278 potestatem
239 2201 403 2261 babemus.
419 2201 582 2277 Quoniam,
594 2201 706 2280 inquit,
722 2203 814 2264 aetio
862 2202 925 2258 tur.
939 2199 1010 2259 Post
1023 2207 1138 2278 βοθηαιι
1152 2202 1286 2264 succedit
1299 2211 1410 2279 ζήτησις,
1427 2203 1458 2263 id
1472 2209 1517 2264 est
1527 2205 1629 2286 ioqui-

68 2308 128 2352 nen
139 2309 262 2353 omnem
272 2292 429 2353 antecedit
445 2293 553 2354 electio
567 2292 589 2353 θ.
604 2314 620 2351 ν
637 2292 814 2354 Videndum
863 2289 944 2364 sitio,
969 2298 997 2350 et
1022 2290 1219 2353 consideratio
1240 2293 1298 2369 rei,
1316 2311 1413 2372 quam
1433 2296 1627 2374 appetimus3

69 2389 94 2443 et
103 2389 183 2463 ceput
194 2400 245 2444 ιιι
254 2382 312 2444 ubi
321 2385 457 2445 rationes
465 2384 567 2461 affert,
582 2383 622 2444 ob
632 2401 709 2463 quas
716 2383 815 2446 libero
868 2386 961 2441 utum
974 2381 1000 2442 si
1013 2383 1046 2442 in
1060 2387 1163 2443 nostra
1170 2389 1320 2462 potestate
1332 2386 1455 2461 estsim
1466 2388 1630 2449 eonsilium

69 2474 176 2535 arbitrio
190 2476 316 2556 prediti
340 2480 414 2535 sunt
436 2475 598 2551 bomines3
622 2481 714 2555 atque
734 2476 815 2538 inter
863 2474 1012 2552 sequitur,
1036 2474 1101 2534 sire
1122 2476 1314 2548 consultatio,
1334 2494 1370 2536 ac
1383 2477 1561 2539 deliberatio
1574 2490 1625 2554 ’,ν

69 2572 170 2644 cetera,
191 2585 334 2643 summ,
351 2573 383 2629 et
396 2568 538 2629 eamdem
559 2567 736 2628 facultatem
750 2586 816 2629 esse
864 2566 951 2644 cujus
964 2570 1010 2626 est
1022 2566 1165 2633 rationes,
1182 2584 1217 2626 ac
1231 2567 1631 2650 modosindagare,quibus

69 2657 130 2718 dirit
139 2659 320 2734 mentiendi,
335 2663 367 2720 et
377 2676 448 2722 vera
458 2660 591 2736 dicendi,
608 2663 816 2738 temperanter
863 2657 959 2732 adid,
975 2656 1226 2735 quodvolumus,
1249 2659 1405 2738 perveniri
1424 2662 1530 2749 possi-t.
1550 2663 1630 2724 Deti-

69 2748 184 2824 rirendi,
197 2756 231 2812 et
240 2752 541 2831 intemperantem.»
864 2748 911 2808 nit
936 2753 1041 2808 autem
1067 2748 1225 2809 cooe'lium
1248 2750 1312 2810 sic:
1342 2771 1358 2808 ι(
1386 2751 1558 2813 Consilium
1586 2759 1632 2814 est

22 2901 31 2912 ..
100 2842 132 2903 V.
147 2843 217 2904 Post
229 2844 410 2905 Nemesium
428 2843 636 2904 recensendus
651 2847 697 2902 est
720 2843 815 2903 toan·
865 2839 1011 2918 appetitio
1024 2838 1199 2917 indagatrix
1207 2841 1292 2901 deiis
1305 2841 1485 2922 rebusque
1499 2844 1533 2904 in
1543 2845 1632 2905 nobis

70 2950 114 2994 nes
135 2935 353 3011 Damascenus,
374 2935 428 3014 qui
452 2935 599 3014 pleraque
618 2951 656 2993 ex
674 2934 816 2994 Nemesio
864 2930 931 2991 sitae
949 2935 1031 2991 sunt.
1057 2931 1217 2991 Consudtat
1238 2932 1334 3006 enim,
1359 2951 1401 2993 an
1421 2934 1548 3014 aggredi
1561 2953 1630 2995 rem

70 3026 217 3088 bamtulit.
235 3026 338 3094 Quare
350 3043 416 3087 nou
430 3043 554 3087 necesse
569 3023 723 3086 habemus
735 3025 817 3086 illius
865 3022 985 3094 debeat,
1001 3039 1058 3082 nec
1070 3039 1129 3097 ne;
1145 3022 1256 3084 deinde
1266 3023 1395 3102 judicat,
1414 3026 1490 3104 quid
1509 3025 1549 3086 sit
1565 3044 1631 3088 me·

70 3116 146 3178 raba
157 3118 342 3191 describere,
358 3124 470 3197 proeter
480 3136 527 3192 ea,
541 3117 575 3177 in
596 3114 710 3196 quibus
723 3116 816 3197 paulo
864 3113 939 3186 lius;
955 3119 986 3172 et
998 3113 1057 3174 hoe
1067 3113 1222 3191 judicium
1235 3115 1421 3194 appellatur.
1438 3118 1547 3178 Postea
1557 3136 1631 3179 vero

69 3207 152 3281 aliter,
165 3229 200 3271 aa
223 3210 411 3279 distinctim,
431 3208 516 3290 quod
534 3209 574 3270 ad
587 3226 654 3268 rem
666 3208 748 3283 facit,
764 3224 815 3269 ax·
865 3204 1008 3280 afficitur,
1018 3209 1050 3265 et
1061 3208 1146 3265 amat
1158 3204 1201 3282 id,
1217 3206 1299 3285 qaod
1320 3225 1359 3267 ex
1372 3208 1499 3269 consilio
1510 3209 1630 3288 judiea-

69 3303 170 3380 pesdt.
192 3303 254 3363 llic
275 3302 373 3381 igitur
388 3302 423 3361 in
446 3301 581 3362 meando
606 3300 698 3378 libro,
719 3300 816 3379 capite
865 3302 934 3358 tum
954 3302 1010 3374 est,
1045 3297 1139 3376 idque
1164 3299 1317 3360 sententia
1334 3305 1473 3362 vocatur.
1499 3301 1580 3363 Nam
1605 3303 1632 3362 si

68 3392 336 3471 ugesimosecundo
349 3398 418 3454 tum
429 3410 466 3453 ea
479 3393 564 3469 dicit,
580 3410 650 3471 quae
660 3410 699 3452 ex
709 3391 818 3453 Nema
863 3388 991 3468 judicet,
1006 3393 1037 3449 et
1049 3387 1090 3449 ad
1102 3388 1145 3463 id,
1161 3390 1244 3468 quod
1253 3389 1426 3468 judicatum
1435 3397 1491 3468 est,
1502 3392 1632 3454 minime

69 3485 105 3545 sio
115 3485 194 3546 initio
208 3485 319 3565 capitis
332 3485 425 3564 hujus
433 3484 629 3560 adduximus,
637 3491 680 3560 rto
693 3491 815 3564 tattaeus,
866 3481 1027 3555 officiatur,
1043 3481 1103 3542 hoc
1116 3487 1162 3542 est
1175 3482 1236 3542 nisi
1251 3489 1335 3544 amet
1343 3484 1458 3564 ipsum,
1468 3502 1532 3545 non
1545 3503 1633 3546 voca-

69 3576 347 3654 idcstcotantotem,
363 3578 426 3638 sive
444 3576 623 3651 vetitionem,
646 3593 711 3636 esse
733 3575 815 3648 finis,
866 3574 951 3635 bitur
968 3572 1131 3634 sententia.
1154 3573 1275 3635 Exinde
1294 3580 1364 3655 post
1384 3575 1578 3637 affectionem
1597 3576 1634 3637 fit

68 3684 121 3729 uon
131 3686 238 3731 eorum
250 3687 321 3749 quc
331 3674 552 3749 comparantur
565 3666 729 3744 adfinem;
743 3667 819 3728 item
866 3665 984 3733 electio,
1000 3665 1063 3725 sive
1083 3664 1238 3740 delectum,
1255 3670 1301 3726 est
1324 3667 1408 3727 anim
1423 3667 1543 3744 electio,
1559 3685 1633 3728 cum

69 3758 243 3837 duodenem,
268 3766 300 3822 et
316 3759 408 3821 liberi
428 3759 549 3821 arbitrii
567 3758 719 3820 actionem
734 3776 817 3819 nun·
865 3775 883 3818 e
896 3756 1018 3818 duobus
1031 3774 1132 3816 unum
1145 3761 1281 3835 optatur,
1298 3762 1329 3818 et
1339 3758 1538 3839 eligiturprae
1551 3759 1631 3820 alte-

69 3854 223 3930 quamsine
236 3852 462 3914 consultatione
471 3850 818 3924 fieri,consultationem
866 3866 919 3924 ro;
943 3848 1056 3909 deinde
1083 3853 1228 3909 movetur
1254 3848 1294 3908 ad
1320 3850 1486 3928 agendum,
1517 3855 1547 3910 et
1580 3850 1633 3911 bic

69 3946 203 4006 menide
215 3946 257 4006 iis
268 3944 387 4012 baberi,
404 3961 474 4024 quae
494 3944 528 4004 in
547 3947 652 4003 nostra
665 3948 816 4022 potestate
865 3945 993 4002 vocatur
1008 3940 1182 4021 impulsus3
1204 3945 1273 4000 tum
1289 3940 1398 4014 utitur,
1416 3939 1633 4020 etappellatur

69 4033 115 4095 aa
126 4045 204 4115 sunt,
219 4037 282 4098 hoc
297 4042 354 4109 est,
375 4052 447 4096 cum
462 4041 527 4097 tam
543 4035 610 4115 ipsa
631 4034 732 4095 facere
744 4052 816 4113 pos·
865 4051 940 4094 usus
951 4052 959 4108 ;
970 4031 1097 4092 demum
1109 4031 1237 4110 quiescit
1249 4029 1288 4090 ab
1302 4032 1453 4112 appetitu,
1469 4037 1634 4113 postquam

69 4142 167 4198 sumus,
196 4146 292 4209 quam
314 4128 352 4189 iis
376 4126 542 4190 (birbaum.
574 4127 657 4186 Tum
691 4143 819 4188 omnem
866 4121 1145 4185 monsacutus.»

69 4213 272 4283 iberiarbitrii
286 4219 320 4281 in
332 4219 453 4299 agendo
466 4218 649 4293 motionem,
670 4222 701 4279 et
713 4217 817 4279 admi·
905 4217 961 4278 Vl.
983 4214 1162 4277 Secundum
1183 4215 1250 4277 haec
1266 4215 1406 4278 ioannes
1429 4216 1635 4280 damascenus

70 4429 112 4500 περὶ
123 4436 169 4485 τῶν
179 4431 307 4486 ἀθανάτων
318 4450 353 4494 τις
366 4414 516 4501 assuetae
530 4427 552 4482 εί
565 4426 593 4481 δὲ
607 4428 635 4482 ιδ
648 4427 729 4501 [τερον
745 4428 819 4500 μόνον
867 4424 953 4499 ὄρεξις,
966 4427 1006 4480 καί
1020 4425 1099 4496 ἔφεσίς
1110 4444 1175 4490 τινος
1187 4427 1331 4499 πράγματος
1342 4426 1439 4500 λογική.

70 4515 109 4562 ris
121 4512 286 4586 ίντικειμένων
306 4512 447 4585 ίδννάμεθα.
463 4515 538 4566 τοῦτο
554 4511 596 4582 μὲν
610 4507 640 4578 ἦν
655 4508 821 4583 θμολογοθμε-
904 4524 920 4566 e
935 4508 1005 4565 ibid.
1025 4503 1088 4562 Εἶτα
1103 4507 1163 4582 μετὰ
1174 4508 1218 4576 τὴν
1233 4509 1346 4580 βούλησιν
1359 4513 1469 4581 ζήτησις,
1492 4514 1533 4567 καί
1546 4517 1637 4590 σκέψις,

71 4594 496 4669 ιον,ιιαίοθδαμίοςάμφί6ολον·ιθδὲ
510 4591 819 4665 ἀντικείμενον,ἇθθνατον.
868 4593 908 4646 καί
923 4591 984 4664 μετὰ
998 4584 1091 4656 ταῦτα,
1107 4590 1192 4647 αἰτῶν
1214 4590 1251 4664 ἐφ’
1269 4591 1330 4665 ἡμῖν
1354 4591 1404 4649 ἔστι
1413 4636 1421 4661 ,
1442 4596 1534 4668 γίνεται
1546 4599 1637 4670 βουλὴ,

97 4692 114 4731 a
130 4678 267 4734 limma
281 4694 342 4750 cap.
357 4694 399 4734 ιι..
421 4677 560 4751 ’optorto
569 4680 618 4731 τῶν
629 4675 662 4748 μὴ
672 4673 821 4746 ἀναγκαίων,
870 4674 946 4747 ἤγουν
959 4673 1092 4744 βοθλενοις.
1623 4736 1629 4745 ⁸

71 4757 289 4835 ιιίμίγθμέγεαθαι.
906 4755 1029 4834 fldem.
1050 4755 1131 4824 Βονλὴ
1153 4757 1179 4811 δὲ
1200 4755 1265 4813 ἔστιν
1283 4757 1359 4831 ὄρεξις
1378 4760 1495 4829 ζητητικὴ
1513 4763 1567 4836 περὶ
1588 4770 1639 4818 τῶν

97 4840 112 4897 θ
132 4842 206 4897 Ἀλλὰ
229 4849 279 4898 τῶν
297 4842 353 4898 κατ’
375 4842 475 4915 ἀρετὴν,
494 4843 536 4895 καί
548 4840 634 4895 κακίαν
648 4839 770 4913 πράξεων,
781 4841 823 4892 καί
871 4838 908 4912 ίφ’
920 4840 979 4912 ἡμῖν
1003 4846 1117 4912 πρακτῶν
1136 4842 1262 4913 γινομίνη.
1278 4842 1418 4912 βουλεθετκι
1438 4844 1502 4917 γὰρ,
1515 4844 1537 4898 εί
1550 4845 1640 4919 ὤφειλε

71 4926 229 4997 metatura,
245 4927 286 4980 καί
299 4927 426 4993 κινήσεων·
442 4926 482 4978 καί
496 4920 531 4979 ὧν
550 4923 638 4993 litam,
656 4924 697 4976 καί
711 4921 742 4976 τὰ
758 4921 824 4977 ἀντι·
872 4923 995 4995 μετελθεῖν
1007 4922 1036 4977 ab
1049 4925 1159 4997 πρᾶγμα,
1175 4924 1192 4992 ἢ
1206 4923 1245 4978 οὔ.
1262 4919 1316 4979 εἶτα
1329 4926 1404 4998 κρίνει
1418 4926 1447 4980 εδ
1464 4929 1585 4998 κρεῖττον,
1599 4930 1640 4982 καί

72 5004 153 5076 tigata
169 5006 258 5080 πρᾶξαι
283 5009 414 5080 δυνάμεθα·
429 5006 510 5077 ἐπειδὴ
524 5008 603 5076 πάσης
616 5004 723 5079 πράξεως
735 5004 822 5078 προαί-
870 5004 969 5078 λίγεται
994 5006 1081 5078 κρίσις.
1111 5000 1166 5060 εἶτα
1187 5007 1330 5074 διατίθεται,
1344 5009 1385 5062 καί
1407 5008 1490 5081 ἂγαπᾷ
1507 5009 1536 5063 ab
1558 5010 1584 5065 ίκ
1598 5015 1641 5079 τῆς

72 5090 233 5161 misatur.
873 5089 963 5161 βουλῆς
976 5088 1064 5160 κριθὲν,
1079 5088 1119 5142 καί
1145 5090 1254 5144 καλεῖται
1268 5092 1365 5162 γνώμη.
1385 5089 1424 5144 aar
1435 5091 1482 5164 γὰρ
1495 5093 1576 5167 κρίνῃ,
1599 5093 1641 5148 καί

99 5172 202 5230 cidem
218 5190 279 5246 cap.
296 5190 349 5230 m.
370 5174 424 5229 Μία
435 5173 493 5248 γὰρ,
508 5172 574 5242 καὶὴ
590 5171 650 5240 vird
666 5171 765 5244 δύναμις
780 5173 824 5224 coa
873 5169 907 5244 μὴ
921 5171 1018 5243 διατιθῇ
1028 5171 1089 5243 πρὸς
1096 5171 1125 5225 ab
1134 5172 1222 5244 κριθὲν,
1232 5174 1308 5244 ἤγουν
1320 5172 1433 5246 ἂγακιίαῃ
1446 5173 1515 5239 αὐτὸ,
1526 5174 1555 5228 οὔ
1569 5177 1639 5247 λίγε-

71 5250 192 5325 ίιῑθθεαθαι,
207 5257 250 5309 καί
262 5256 404 5327 ἀληθεύειν,
428 5258 470 5311 καί
485 5257 539 5329 μία,
553 5255 594 5309 καί
616 5254 632 5324 ἡ
651 5252 712 5323 corb
726 5254 826 5324 δύναμις
874 5271 915 5307 ται
927 5254 1024 5325 γνώμη.
1053 5248 1106 5308 εἶτα
1120 5255 1181 5328 μετὰ
1198 5254 1243 5322 τὴν
1262 5256 1377 5322 διάθεσιν,
1387 5256 1479 5328 γίνεται
1491 5257 1639 5329 προαίρεσις,

71 5340 109 5388 τοῦ
119 5341 308 5411 σοιμμονεῖν,κα“ι
318 5341 511 5396 ἀκολασταίνειν.
874 5337 950 5407 ἤγουν
965 5334 1076 5409 ίαιλογή.
1089 5337 1228 5409 προαίρεσις
1243 5336 1290 5409 γάρ
1305 5335 1365 5402 ἔστι,
1377 5338 1422 5391 δύο
1434 5338 1598 5409 προκειμένων
1612 5337 1642 5392 τὸ

102 5418 121 5475 d
138 5421 252 5479 Druso
266 5423 314 5481 lib.
337 5425 373 5489 lt,
394 5440 455 5498 cap.
472 5440 539 5482 ων.
559 5423 676 5494 saraae
689 5422 736 5495 γάρ
751 5418 825 5486 ἔστιν,
876 5418 1006 5492 αἱρεῖσθαι,
1023 5419 1065 5473 καί
1080 5417 1218 5493 ίκλέγιοθαι
1231 5422 1304 5474 τοῦτο
1317 5419 1364 5494 πρὸ
1387 5419 1479 5492 ἐτέρου,
1498 5413 1553 5473 atra
1574 5420 1642 5492 θρμᾶ·

96 5612 106 5654 1
117 5610 215 5659 Pam.
227 5614 266 5659 uu.
276 5615 306 5668 11,
318 5626 365 5674 cap.
377 5627 420 5662 ιιι.
