3948 6172
442 331 492 392 on
512 329 670 393 orrrrao
691 330 765 395 aas
785 330 945 411 omaus,
966 332 1041 396 ua.
1063 333 1101 409 v,
1124 332 1211 396 aaa.
1234 334 1300 395 xu.
1606 334 1667 397 aas

83 514 121 559 aa
133 493 256 559 dcfinlto
269 494 364 558 modo
374 495 442 559 fieri
454 501 565 577 potest,
583 496 725 578 quamvis
738 496 778 558 ob
791 515 846 558 vo·
901 499 1017 561 eatenis
1032 499 1257 579 eiusdemmodi
1269 500 1303 561 in
1319 498 1399 563 libro
1421 498 1512 560 tertio
1531 498 1665 561 diximus

83 589 208 651 luntatis
239 589 498 667 inconstantiam,
534 595 565 651 et
598 588 846 666 mutabilitatem,
897 608 936 652 ex
950 594 1328 670 sane.Nemesio,loanne
1341 591 1665 666 Damasceno,Tboma

82 687 183 763 spreto
193 681 265 756 boo,
279 681 365 761 quod
378 681 522 762 elegerat,
533 681 567 743 in
580 681 666 743 alind
677 699 804 744 movere
815 697 847 743 se
895 683 1061 762 Aquinate,
1079 703 1115 746 ae
1128 685 1282 764 plerisque
1299 684 1376 749 aliis.
1395 684 1502 762 Itaque
1528 683 1664 761 seipsum

82 773 185 854 ponit.
210 773 419 846 Quamobrem
444 791 509 835 non
541 775 646 836 minus
675 774 708 834 in
735 773 844 848 elim'to,
890 776 1015 854 jugulat
1040 794 1142 844 novus
1175 776 1391 855 dogmatistes,
1424 775 1500 836 dum
1533 774 1663 836 liberam

83 883 174 945 quam
197 865 231 926 in
259 864 408 946 imperato
433 867 603 928 voluntatis
626 875 693 927 aeta
717 865 846 944 reperiri
895 867 1062 930 colationem
1077 887 1145 930 eam
1159 869 1304 948 appellat,
1328 886 1398 947 qua
1423 873 1469 928 est
1484 867 1660 943 deliberata,

82 958 170 1019 debet
180 957 232 1018 illa
244 957 279 1017 in
293 958 446 1019 utrumvis
458 959 548 1019 liberi
568 958 686 1019 arbitrii
700 963 844 1037 potestas,
894 959 954 1020 hoe
967 966 1065 1022 estex
1078 961 1215 1035 consilio,
1232 967 1263 1023 et
1276 960 1496 1022 deliberatione
1515 958 1660 1038 proiecta.

83 1049 275 1127 necessitatis,
299 1068 336 1112 aa
360 1050 623 1113 determinationis
640 1067 760 1129 expers,
775 1069 845 1130 quae
893 1052 992 1114 Nemo
1005 1054 1089 1115 enim
1103 1053 1254 1117 deliberat
1266 1053 1304 1114 de
1318 1070 1366 1124 eo,
1383 1052 1465 1130 quod
1484 1069 1549 1112 nou
1562 1054 1662 1128 potest

82 1142 268 1218 electionem,
297 1147 330 1203 et
354 1151 451 1203 ortum
481 1143 584 1223 ipsum
613 1142 768 1221 praecedit,
805 1142 844 1203 ab
893 1144 981 1206 aliter
994 1146 1084 1222 fieri;
1100 1165 1158 1207 nec
1180 1145 1292 1224 eligere
1308 1144 1430 1216 dicitur,
1449 1142 1533 1222 quod
1559 1160 1661 1221 neque

82 1252 177 1314 eoque
207 1234 444 1303 determinatur,
465 1234 497 1296 id
524 1239 599 1297 esta
612 1233 775 1312 semetipsa
788 1253 844 1313 per
892 1255 958 1298 non
985 1239 1065 1300 velle
1092 1243 1203 1319 potest,
1226 1255 1328 1316 neque
1351 1242 1464 1317 praeter
1484 1236 1545 1295 hoc
1575 1235 1661 1297 aliud

82 1332 174 1388 aetam
196 1325 298 1401 illum,
320 1326 374 1405 qui
396 1343 434 1387 eo
447 1327 513 1388 solo
539 1324 615 1387 liber
632 1325 755 1401 dieitur,
770 1325 844 1404 quia
891 1334 1002 1409 potest.
1027 1331 1100 1391 Non
1113 1330 1219 1409 igitur,
1240 1330 1323 1409 quod
1337 1330 1403 1408 ipse
1416 1327 1475 1388 sibi
1495 1326 1658 1403 objecerat,

83 1420 256 1498 confingens
269 1424 326 1496 est,
340 1419 399 1479 hoc
412 1419 513 1480 estita
531 1419 701 1499 productus
723 1423 779 1494 est,
807 1424 844 1479 ut
891 1420 956 1482 ulla
980 1423 1072 1482 modo
1098 1421 1252 1495 dissolvit3
1276 1438 1377 1499 neque
1401 1420 1553 1481 rationem
1571 1418 1661 1479 affert

82 1512 202 1592 produci
211 1529 277 1571 non
290 1509 843 1592 posset,sisicproduoentivoluntati
890 1513 1093 1593 prohabilem,
1119 1533 1182 1592 qua
1208 1512 1241 1573 id
1269 1511 1412 1591 explicet,
1442 1510 1598 1589 quomodo
1624 1511 1660 1573 iu

81 1604 223 1665 libuisset.
243 1604 334 1677 Quod
355 1602 470 1683 ipsum,
494 1608 530 1663 ut
558 1604 626 1682 jam
647 1619 730 1681 saepe
763 1602 839 1679 dixi,
891 1611 1040 1685 potestate
1054 1606 1093 1666 sit
1105 1613 1186 1666 aetas
1196 1605 1249 1665 ille
1261 1603 1430 1680 uoluntatis
1450 1601 1590 1675 interior,
1606 1607 1660 1662 aut

82 1696 173 1757 draci
197 1702 307 1757 vocant
327 1702 366 1758 ἐπ’
380 1703 496 1772 ἐξουσίας,
517 1694 618 1756 Latini
644 1695 677 1755 ic
698 1700 842 1773 potestate
890 1698 957 1775 ejus
967 1697 1086 1758 domini
1099 1699 1206 1770 simus,
1220 1714 1315 1776 quem
1328 1693 1655 1769 necessariofacimus,

81 1806 148 1851 esse.
160 1788 255 1867 Cujus
262 1792 375 1867 praeter
387 1788 640 1866 innumeraque
649 1786 841 1865 allatasupra
888 1795 925 1850 ut
936 1809 999 1850 non
1008 1790 1109 1850 iacere
1123 1807 1187 1849 non
1201 1789 1366 1869 possimus.

79 1886 157 1956 aaut,
179 1880 332 1960 exempla,
362 1898 464 1941 unum
496 1878 639 1951 referam,
666 1878 749 1957 quod
781 1878 840 1938 ista
929 1883 1017 1942 XVI.
1046 1880 1205 1954 Quocirca,
1229 1881 1255 1940 si
1279 1880 1363 1959 qnod
1390 1879 1519 1959 scripsit,
1545 1878 1658 1940 intelli·

80 1972 293 2034 commentanti
319 1971 398 2032 mibi
425 1972 510 2051 apud
537 1971 691 2051 cyrillum
716 1970 836 2030 incidit.
888 1971 1409 2052 genter,consideratequescripsit,
1425 1972 1464 2032 ad
1478 1971 1658 2032 tentandam

82 2064 191 2124 etnsi
204 2064 285 2143 quis,
309 2064 364 2139 ait,
393 2081 489 2125 aureo
512 2064 622 2143 poculo
642 2062 839 2123 helleborum
888 2063 1657 2144 eruditi,acprudentislectorispatieutiam,oredo

79 2155 222 2231 infundat,
235 2156 325 2217 alteri
338 2174 413 2216 vero
427 2174 492 2216 non
515 2173 609 2217 aureo
632 2155 769 2234 quidem,
785 2154 838 2214 sed
886 2157 964 2217 illud
975 2158 1015 2218 ab
1029 2176 1066 2219 eo
1080 2158 1192 2237 saepius
1205 2157 1372 2235 ingestum:
1386 2177 1401 2214 c
1413 2156 1448 2216 ld
1460 2174 1570 2218 revera
1582 2155 1656 2216 libe·

81 2246 470 2309 rclervilissimamateria
484 2248 546 2308 mel
558 2248 598 2309 ab
612 2246 722 2326 apibus
735 2246 838 2307 elabo-
886 2267 959 2318 rum
985 2249 1056 2325 dici,
1081 2250 1165 2328 quod
1187 2249 1327 2321 tacimus,
1356 2266 1429 2309 cum
1456 2248 1619 2323 volumus3
1637 2268 1653 2306 u

78 2344 172 2401 ratum
190 2340 352 2409 infundam
370 2340 482 2401 deiude
504 2359 560 2420 pro
582 2345 732 2419 potestate
754 2339 837 2399 arbl-
887 2347 942 2402 aut
954 2358 1028 2402 cum
1040 2341 1084 2400 ita
1098 2341 1169 2401 dicit
1184 2340 1207 2418 ²,
1221 2341 1413 2401 Tridentium
1431 2340 1543 2419 synodi
1554 2340 1656 2401 verbis

78 2432 131 2506 trii,
150 2438 253 2493 utrum
270 2432 391 2507 libebit,
407 2432 531 2494 sorbere
548 2432 666 2511 jubeat,
682 2431 732 2491 cui
742 2432 785 2492 ita
797 2430 837 2492 sit
886 2433 962 2505 istis,
978 2433 1091 2512 quibus
1108 2432 1255 2501 deceruit,
1277 2431 1502 2493 «voluntatem
1519 2432 1563 2491 ita
1581 2450 1656 2492 oon·

79 2523 305 2602 imperaturam
318 2524 483 2586 materiam
497 2522 594 2585 solam
609 2525 746 2584 intentus
755 2524 837 2584 dete·
886 2526 1010 2597 sentire,
1025 2530 1061 2585 ut
1074 2525 1170 2604 possit
1180 2523 1385 2597 disseminari
1393 2523 1480 2597 velit,
1492 2522 1657 2602 significari

79 2615 564 2698 rionpraponetsttttimirum
578 2616 683 2676 ouiita
696 2614 838 2695 praeipi·
885 2616 1016 2678 humani
1038 2616 1156 2677 arbitrii
1180 2616 1367 2677 libertatem.
1393 2636 1409 2673 a
1442 2615 1492 2676 Sic
1515 2617 1656 2677 eamdem

78 2713 132 2781 tur,
145 2714 181 2768 ut
189 2727 248 2789 pro
259 2713 411 2790 potestate,
423 2707 507 2787 quod
521 2708 608 2769 malit
621 2707 736 2779 ebibat,
745 2708 837 2768 debet
884 2708 1026 2785 indicari,
1042 2726 1112 2769 cum
1128 2708 1240 2769 dicitur
1265 2729 1277 2765 a
1295 2708 1441 2771 voluntas
1461 2726 1549 2788 posse
1562 2707 1654 2783 velle,

79 2804 173 2861 utrum
197 2800 291 2877 volet,
319 2818 407 2879 posse
434 2799 558 2875 bibere;
595 2798 713 2878 alioqui
736 2815 837 2878 neque
885 2801 1010 2876 sinelit,
1029 2818 1117 2881 posse
1133 2818 1198 2861 non
1214 2798 1656 2875 salamantinensem

79 2897 199 2971 potestas
212 2891 240 2953 ei
255 2892 397 2964 faciendi,
421 2892 506 2971 quod
523 2891 616 2968 volet,
633 2891 834 2972 permittitur,
884 2893 1018 2971 colligit:
1042 2914 1057 2952 a
1078 2893 1110 2953 Si
1126 2910 1200 2970 ergo
1219 2892 1345 2971 phrases
1369 2891 1436 2951 istac
1453 2890 1656 2952 intollibilitcr

79 3001 166 3062 neque
176 2983 275 3044 libera
283 2988 330 3045 eat
343 2984 460 3062 opinio.
885 2987 1100 3047 demonstrant
1113 2984 1244 3045 humaui
1256 2983 1431 3044 libertatem
1449 2982 1655 3062 arbitrii,pro·

110 3075 169 3137 XV.
185 3076 311 3138 Etenim
324 3075 493 3136 voluntatis
515 3076 595 3136 actio
608 3074 685 3154 ipsa,
706 3073 771 3135 sive
784 3093 837 3135 vo·
883 3078 964 3139 fecto
977 3078 1112 3139 liberum
1125 3077 1184 3138 erit
1195 3075 1499 3149 arbitrium,etiamsi
1512 3076 1655 3136 immuta-

79 3165 145 3234 litio,
159 3185 224 3228 uon
238 3173 295 3243 est,
309 3185 382 3227 eum
395 3165 551 3243 volumus,
566 3172 680 3226 etcum
689 3166 837 3227 nolumus
884 3169 987 3232 biliter
1009 3169 1097 3246 velit,
1124 3173 1180 3229 aut
1205 3167 1442 3228 immutabiliter
1457 3167 1544 3229 nolit.
1569 3168 1655 3229 Facit

78 3275 132 3319 uon
149 3264 205 3338 est,
230 3260 257 3320 si
279 3266 327 3321 cst
350 3278 494 3339 expressa
516 3259 695 3321 necessitate
709 3258 833 3337 aliqua;
885 3263 971 3323 enim
986 3262 1051 3337 illa,
1067 3260 1186 3333 sivult,
1202 3259 1311 3320 eodem
1326 3257 1654 3335 modo,siculoonsen-

78 3368 125 3410 nec
145 3356 245 3430 potest
266 3369 332 3412 non
351 3369 430 3426 esse,
450 3352 524 3431 quia
541 3352 748 3412 necessarium
765 3368 835 3411 eon·
885 3354 932 3430 tit,
948 3354 1066 3417 sivrrlt.
1090 3351 1251 3432 Siquidem
1274 3351 1375 3412 omnis
1397 3350 1567 3419 voluntatis
1581 3352 1655 3412 deli-

78 3441 197 3521 lingeuti
223 3449 269 3504 est
288 3444 488 3523 oppositum
513 3449 559 3504 est
578 3449 683 3504 autem
701 3442 835 3504 liberum
883 3447 999 3508 beratas
1030 3450 1134 3506 motus
1167 3444 1370 3504 essentialiter
1403 3460 1528 3522 quoque
1558 3444 1654 3505 talem

80 3551 160 3595 omne
184 3534 389 3613 contingens,
418 3540 453 3595 ut
491 3535 525 3596 in
558 3535 636 3597 libro
661 3535 753 3597 tertio
797 3554 835 3597 ex
883 3537 1124 3599 indifferentiam
1139 3535 1391 3597 eonbndictionis
1408 3535 1544 3615 quodam
1562 3554 1655 3598 sensu

80 3625 192 3704 latinia
231 3625 409 3707 Graeeisque
446 3626 598 3705 theologis
632 3627 832 3689 ostendimus.
884 3630 1133 3692 aerumnabili
1151 3630 1227 3703 Quas
1242 3627 1340 3703 verba
1353 3627 1511 3706 ambigue,
1527 3628 1654 3689 insidio-

80 3716 146 3789 lluiu
159 3724 190 3780 et
202 3717 260 3779 sibi
274 3718 341 3798 ipse
363 3724 517 3798 repugnat
530 3718 741 3793 Adversarius,
759 3720 835 3780 dum
883 3741 977 3804 seque
991 3726 1138 3801 concepta
1149 3727 1223 3782 sunt
1231 3741 1244 3798 ;
1258 3738 1333 3781 nam
1347 3718 1569 3780 immutabiliter
1582 3718 1655 3781 celle

80 3825 137 3870 eam
160 3811 341 3883 vetitionem,
367 3811 405 3872 de
430 3829 493 3891 qua
519 3810 600 3873 inter
624 3828 682 3871 nos
701 3813 831 3891 agimus,
884 3815 1046 3895 dupliciter
1073 3814 1264 3893 intelligitur.
1291 3813 1431 3872 Primum
1450 3811 1543 3888 quod,
1570 3817 1655 3871 ante-

80 3901 265 3965 deliberatam
277 3907 377 3967 vocat.
393 3904 445 3963 Fst
458 3903 543 3964 enim
554 3901 725 3987 deliberatio
737 3904 832 3979 idem,
884 3926 978 3987 quam
990 3906 1094 3982 vellet,
1111 3906 1310 3984 eligeretque,
1325 3902 1423 3962 libera
1432 3902 1576 3962 voluntas
1590 3920 1654 3962 nou

81 4010 110 4054 ac
119 3994 300 4068 mcmltatio,
317 3994 350 4054 id
368 3999 414 4055 est
427 3995 566 4056 tractatio
581 4001 612 4055 et
624 3995 782 4074 inquisitio
796 3998 835 4058 de
884 4000 965 4060 velle
974 3999 1084 4078 potuit.
1098 3997 1155 4056 etsi
1174 4000 1243 4075 post
1254 3994 1436 4055 electionem
1451 3992 1654 4054 immutabili·

81 4102 119 4159 eo,
131 4088 203 4166 quid
214 4087 294 4149 taam
303 4087 343 4147 sit
351 4105 441 4167 opus.
456 4088 536 4147 Hine
546 4087 733 4149 Glossarium
744 4094 835 4152 vetus
883 4099 932 4153 ter
947 4091 1032 4167 pebt,
1057 4088 1153 4149 libere
1173 4088 1207 4147 in
1230 4104 1266 4146 so
1292 4085 1547 4166 parietariam
1573 4086 1654 4146 Deus
1691 4136 1716 4181 ,n
1743 4136 1811 4180 unm

82 4177 116 4238 sic
133 4179 223 4239 habet
245 4199 252 4239 :
276 4178 448 4241 Deliberare
470 4188 655 4257 διασκέψασθαι.
685 4179 835 4243 Deliberat
884 4184 1040 4244 mundum
1053 4181 1151 4241 libere
1169 4196 1297 4256 creasse,
1318 4183 1349 4238 et
1365 4177 1536 4238 etiamnum
1549 4195 1653 4239 creare
1688 4243 1693 4253 ,
1723 4149 1806 4254 dap¹

83 4277 220 4344 lubicen,
233 4282 356 4351 διαφόρως
375 4279 527 4344 emmeram
549 4270 664 4349 quibus
685 4272 836 4351 significa·
885 4276 1007 4350 dicitur,
1027 4273 1150 4334 tametsi
1168 4271 1252 4351 quod
1271 4270 1367 4331 semel
1384 4270 1531 4343 decrevit,
1557 4270 1590 4330 in
1615 4289 1652 4331 eo
1677 4242 1824 4351 &diriditis

82 4366 124 4423 tur
134 4364 279 4443 pendens,
295 4364 369 4424 etin
381 4367 551 4442 utrumque
564 4364 710 4443 proclivis
721 4365 834 4426 voluu-
884 4372 1062 4428 constanter
1075 4368 1199 4441 manet,·
1214 4380 1336 4424 necnon
1346 4362 1467 4440 Angeli,
1480 4363 1652 4423 multorum

83 4454 141 4515 latis
153 4462 295 4535 potestas.
311 4455 488 4535 cujusmodi
499 4474 565 4515 nou
578 4461 634 4530 est,
650 4456 675 4515 si
685 4457 724 4517 ad
735 4476 836 4519 unum
885 4478 923 4520 ex
935 4457 1092 4539 opinione,
1113 4457 1167 4517 ubi
1185 4455 1300 4533 aliquid
1324 4453 1404 4516 velle
1426 4461 1597 4534 coeperunt,
1613 4454 1652 4514 ab

83 4548 236 4609 numerario
248 4548 395 4622 nubitur,
410 4553 521 4609 utnon
533 4549 629 4627 possit
642 4567 707 4609 nou
728 4550 834 4629 sequi3
885 4570 923 4612 eo
940 4548 1091 4615 dimoveri
1113 4553 1282 4627 nequeunt,
1307 4552 1338 4606 et
1357 4550 1463 4606 tammr
1476 4545 1574 4607 libere
1594 4547 1653 4607 hoe

87 4638 355 4701 «meditarentur
378 4640 479 4700 omnis
500 4639 567 4718 jem
594 4640 785 4715 deliberatio,
801 4648 838 4703 ut
886 4643 1033 4702 dicuntur
1059 4658 1167 4719 agere3
1197 4657 1267 4718 qum
1285 4638 1411 4700 libertas
1428 4656 1493 4698 non
1516 4656 1555 4698 ex
1574 4656 1653 4717 prta·

85 4728 120 4788 ait
131 4730 261 4805 Gieero¹,
277 4733 305 4792 si
317 4730 502 4810 intelligitur
510 4750 575 4793 non
589 4750 678 4811 posse
687 4732 766 4808 fieri,
782 4739 838 4794 aut
885 4733 965 4794 senti
985 4732 1098 4793 affeetu
1120 4729 1300 4805 voluntatis,
1323 4730 1376 4791 sed
1396 4748 1435 4790 ex
1461 4729 1653 4791 antecedenti

86 4819 282 4886 ainemssitas
304 4823 444 4884 affertur.
463 4843 479 4881 n
510 4825 577 4898 Quo
604 4824 659 4885 illa
685 4830 834 4904 spectant,
886 4824 1032 4886 aestimari
1046 4823 1147 4893 debet,
1158 4828 1194 4883 ut
1204 4823 1272 4905 jam
1286 4840 1378 4904 supra
1395 4822 1650 4891 memoravimus.

86 4926 141 4989 quo
155 4916 191 4978 de
213 4915 365 4978 libertatis
385 4919 509 4992 natura,
529 4914 630 4993 deque
651 4917 787 4991 consilio,
803 4935 839 4992 ae
887 4917 955 4978 alio
969 4916 1062 4978 modo
1074 4917 1155 4984 velle
1167 4916 1401 4977 immutabiliter
1414 4915 1529 4996 aliquid
1540 4915 1653 4976 volun·

113 5124 236 5179 οὓτω..
256 5121 304 5179 lib.
322 5120 416 5177 Vllltt
433 5121 494 5177 Jal.
512 5120 639 5195 'Apaqirp
657 5122 729 5186 εἴτις
745 5124 835 5195 κοτύλῃ
888 5120 985 5179 ἐνετίθει
1008 5127 1093 5195 πόνον,
1119 5123 1173 5178 εἶτα
1194 5123 1277 5195 ῥοφεῖν
1293 5122 1399 5177 ἐκέλευεν
1427 5121 1465 5177 ἔπ’
1493 5118 1601 5186 ἔξουσίας
1623 5125 1652 5179 rb

85 5211 151 5278 χννοῇ
162 5208 201 5261 τον
216 5206 346 5278 ῑλλέὁορον
360 5204 461 5278 ἐγχέας,
484 5204 554 5277 ἑτέρᾳ
567 5225 596 5279 γε
612 5205 660 5278 μὴν
674 5206 703 5259 ob
719 5206 835 5279 τοιαύτῃ,
886 5210 985 5263 δοκοῦν·
1001 5209 1048 5280 spa
1059 5214 1114 5270 ταῖς
1124 5207 1193 5269 ὕλαις
1210 5205 1298 5280 ἐνορῶν
1312 5207 1356 5274 τὴν
1373 5205 1467 5279 ἀμείνω
1479 5208 1557 5280 ψῆφον
1572 5205 1651 5261 ἐδίδου

86 5286 166 5354 aalma
178 5291 204 5345 bl
214 5290 256 5343 nal
269 5288 429 5360 ardenam
444 5288 488 5356 τὴν
506 5289 567 5357 ὕλην
586 5290 630 5343 τον
644 5295 694 5347 τῶν
713 5290 835 5362 μελισσῶν
885 5292 1064 5365 τοῗςχείροοιν,
1078 5298 1134 5348 elo.

106 5480 116 5524 l
128 5482 197 5533 libll
206 5487 232 5531 de
244 5485 332 5533 tin-i
344 5486 397 5542 Cep.
409 5495 461 5531 nrt
472 5485 521 5539 ojus
532 5485 594 5531 libri.
