4096 6166
709 376 830 440 LIBER
851 373 972 451 UNUS,
995 375 1081 438 CAP.
1104 378 1159 439 ΙΙΙ.
1671 380 1731 441 665

138 548 286 630 quisquis
298 566 333 611 es
349 549 438 612 istius
458 546 589 627 fuligine
603 544 756 626 dogmatis
778 542 912 616 aratus,
963 543 1066 604 tande
1079 543 1152 622 litis,
1168 550 1200 607 et
1212 547 1373 609 sententie
1380 548 1620 628 pronuntianda
1631 551 1735 609 aucto

143 662 164 700 a
175 642 257 704 Vide
266 640 290 714 ¹,
306 641 381 721 quid
395 640 517 702 intersit
529 641 610 701 inter
623 642 739 699 vestras
753 634 916 697 maledicas
965 638 1054 700 ritate
1060 638 1164 719 aliqua
1173 639 1382 720 conjungitur,
1393 641 1567 719 cujusmodi
1575 640 1735 702 honorarii

138 732 569 811 voees,etnostras2veridicas
578 730 773 793 assertiones.
787 726 916 790 tuende
966 729 1087 792 arbitrii
1100 738 1156 810 est,
1172 737 1226 792 sut
1239 731 1498 812 compromissarii
1504 732 1632 811 judicis3
1648 733 1736 811 cujus

140 826 320 906 paululum.
336 827 413 887 Ecce
427 824 617 905 exaggerasti
641 822 787 883 crimen»
805 817 918 880 deserti
967 827 1013 884 est
1039 841 1104 884 non
1131 829 1252 903 partem
1269 824 1405 904 aliquam
1419 824 1610 904 quaestionis,
1634 823 1735 884 ambi-

141 936 165 979 a
193 917 285 979 nohis
312 917 490 997 Augustini,
514 923 546 978 et
574 912 808 977 invidiosissimis
824 908 919 972 verba
966 915 1153 995 guitatisque
1167 933 1368 996 componere,
1385 917 1438 977 sed
1453 923 1550 976 totam
1573 916 1737 977 exhaurire

142 1014 298 1090 tanquam
310 1011 507 1071 adversantes
520 1008 603 1070 illius
615 1025 673 1068 nos
686 1004 835 1066 doctrina
855 1007 919 1062 tra-
967 1007 1217 1086 oontroversiam,
1241 1027 1278 1071 ac
1297 1007 1477 1069 dissidentes
1497 1009 1578 1068 inter
1591 1024 1624 1067 se
1637 1013 1738 1086 partes

143 1101 274 1163 duxisti.
294 1102 370 1163 aAd
383 1101 444 1163 hoc
460 1101 518 1162 tibi
532 1118 591 1180 ego
612 1107 719 1161 tamen
739 1095 919 1158 brevissime
967 1099 1008 1159 ad
1021 1117 1140 1179 pacem,
1166 1106 1197 1161 et
1217 1101 1414 1162 concordiam
1441 1100 1604 1161 adducere.
1628 1099 1686 1160 Hic
1712 1101 1738 1161 si

141 1193 596 1275 respondeorNonieoi,quod
608 1192 699 1267 diois;
714 1189 920 1268 augustinum
967 1190 1738 1271 interpresquaeritur3quaeriautem,etabebbate

117 1362 121 1367 g
143 1304 215 1347 non
227 1286 361 1366 prodidi.
379 1286 466 1347 Falsa
482 1284 589 1364 objicis
601 1303 609 1360 ;
623 1299 787 1362 nunquam
803 1280 834 1340 id
847 1297 919 1360 pro·
969 1282 1128 1362 praefiniri,
1142 1285 1285 1364 quianon
1295 1283 1401 1346 videt?
1413 1303 1493 1364 nego
1503 1285 1597 1347 talem
1606 1287 1737 1362 August.

142 1376 248 1439 babis.
277 1379 386 1440 Nonne
414 1377 515 1439 omnis
539 1376 599 1437 iste
620 1375 791 1437 verborum
817 1370 921 1432 fumus
970 1375 1083 1437 debere
1110 1394 1188 1453 esse,
1211 1377 1364 1455 quianon
1384 1394 1473 1456 posse
1494 1376 1740 1439 demonstratum

143 1475 277 1550 repente
305 1468 504 1533 dilabiturio
521 1468 610 1530 Nihil
632 1464 801 1546 Augustini
817 1462 921 1525 verbis
970 1472 1027 1529 est.
1054 1469 1092 1528 Et
1104 1469 1131 1528 si
1151 1468 1188 1529 de
1209 1467 1343 1543 duobus,
1369 1469 1498 1547 August.
1515 1472 1545 1529 et
1558 1468 1741 1530 Tridentino

144 1562 217 1624 istis
240 1563 460 1641 congruentius
484 1562 518 1621 in
545 1561 626 1622 hanc
652 1576 791 1633 oausam
807 1555 922 1617 calum-
973 1560 1113 1634 concilio,
1130 1560 1315 1623 alterutrum
1335 1579 1442 1640 capere
1456 1579 1581 1622 necesse
1594 1562 1645 1635 sit,
1661 1561 1741 1622 etde

144 1655 298 1733 niamque
313 1659 448 1716 scenam
462 1652 606 1733 usurpari
626 1651 739 1732 potuit.
764 1650 921 1723 Quantum
971 1653 1188 1714 constituendo
1202 1653 1371 1733 interprete
1385 1654 1527 1732 quadam
1542 1652 1741 1714 divinationis

146 1746 237 1809 enim
250 1746 441 1807 meridianus
453 1741 788 1825 splendorateuebris‚
804 1757 922 1802 amen·
971 1762 1063 1806 causa
1076 1749 1238 1821 noscatur3
1251 1762 1345 1806 nemo
1359 1762 1466 1806 rerum
1484 1762 1603 1825 aquus,
1616 1763 1741 1824 aspru-

147 1839 240 1900 dflei⁰
263 1839 397 1913 Veriiflsss
433 1836 573 1898 Christus
601 1835 641 1896 eb
671 1833 784 1895 erroris
810 1832 923 1912 spirite
971 1837 1050 1897 dens
1073 1837 1242 1898 aestimator
1267 1842 1324 1913 est,
1351 1837 1407 1916 qui
1429 1855 1494 1898 non
1517 1854 1555 1897 ex
1569 1824 1743 1898 Tridentini

147 1928 319 2011 discrepat;
335 1935 456 1992 tantum
470 1930 552 1989 inter
563 1946 595 1988 se
609 1926 774 2005 Augustini
788 1924 920 1998 demota,
972 1928 1095 1990 concilii
1108 1928 1743 2008 doctriuainterpretandummalitAugus·

148 2029 183 2086 et
197 2028 374 2085 commenta
385 2028 488 2083 vestra
501 2020 688 2082 discordant.
705 2016 861 2096 Quidquid
870 2015 923 2076 ille
972 2020 1087 2093 tinuun
1115 2038 1210 2100 quam
1223 2038 1262 2082 ex
1283 2020 1343 2082 hoc
1356 2020 1441 2081 illam
1460 2020 1685 2100 explicandam.
1707 2020 1744 2081 Id

148 2115 192 2177 de
215 2116 314 2194 gratia
338 2114 466 2190 Christi,
495 2114 534 2174 de
561 2112 682 2174 arbitrii
707 2110 864 2185 libertate,
892 2114 924 2169 et
973 2112 1073 2174 multo
1087 2113 1211 2189 melius,
1234 2130 1269 2173 ao
1293 2113 1405 2174 rationi
1420 2112 1521 2193 magis
1534 2131 1599 2175 esse
1613 2130 1744 2174 consen-

149 2208 316 2287 ntriusque
343 2206 544 2268 consensione
572 2203 715 2283 scripsit,
740 2220 777 2263 ac
801 2200 923 2276 docuit,
972 2208 1102 2266 taneum
1136 2204 1227 2284 plura
1253 2204 1332 2266 mihi
1357 2205 1555 2285 persuadent.
1581 2205 1742 2282 Primum,

149 2304 296 2362 nostrum
316 2297 399 2359 istud
412 2302 474 2373 est,
492 2298 553 2358 hoc
565 2302 708 2371 tuemur,
721 2294 782 2355 hoe
793 2291 925 2371 ampleo·
974 2296 1077 2375 quod,
1104 2300 1140 2357 nt
1161 2303 1233 2357 ante
1258 2295 1351 2373 diai',
1381 2296 1493 2376 synodi
1520 2296 1641 2357 demetr
1666 2296 1745 2356 nihil

149 2393 259 2467 timur,
277 2392 336 2452 hoc
357 2409 376 2451 a
397 2394 497 2451 vestra
513 2388 649 2450 novitate
669 2384 924 2460 remotissimum,
975 2387 1199 2461 declaratione,
1221 2389 1282 2448 hoc
1302 2393 1348 2448 est
1369 2387 1638 2467 interpretatione,
1667 2405 1746 2466 opus

150 2490 187 2547 et
199 2484 424 2546 alienissimum
435 2500 501 2543 esse
513 2479 719 2543 defendimus.
731 2477 830 2538 Credo
841 2476 926 2537 idem
975 2478 1103 2555 habent,
1133 2479 1260 2559 siquod
1281 2478 1334 2539 illa
1361 2480 1483 2541 eredere
1508 2496 1541 2540 se
1570 2477 1744 2558 profitetur,

151 2583 187 2639 et
199 2594 255 2637 vos
267 2575 317 2636 vel
331 2574 444 2636 sentire
458 2573 497 2635 de
511 2572 622 2646 nobis,
643 2571 693 2632 vel
707 2573 814 2630 corana
832 2566 926 2628 vestri
976 2569 1084 2632 itidem
1104 2575 1133 2631 et
1160 2589 1218 2632 nus
1246 2570 1410 2645 credimus,
1436 2576 1471 2631 ut
1491 2570 1626 2651 proiecto
1654 2571 1747 2633 debe·

150 2669 252 2732 animi
284 2666 469 2728 sententiam
498 2665 626 2744 fingere.
643 2662 702 2736 Qui
729 2659 928 2722 animaliter
977 2680 1058 2723 mus.
1083 2665 1125 2723 At
1147 2661 1312 2741 Augustini
1336 2662 1476 2723 doctrina
1497 2667 1545 2724 tot
1562 2680 1647 2740 seges
1674 2681 1747 2724 con·
1786 2683 1904 2728 ravacau-

152 2778 281 2823 causam
290 2764 425 2820 vestram
437 2774 539 2834 agere,
556 2756 628 2817 etin
637 2755 697 2815 hoc
709 2752 798 2833 quasi
808 2750 926 2830 judicio
976 2754 1222 2830 troversiarum,
1264 2771 1359 2834 quam
1399 2755 1535 2816 marium
1575 2755 1746 2836 interprete·
1783 2747 1871 2832 0⁰⁰¹*

153 2853 323 2917 consistere
344 2847 493 2929 possetis?
516 2848 585 2909 Utri
610 2846 712 2908 verius
735 2844 925 2916 existiment,
979 2845 1089 2906 tionem
1131 2846 1283 2925 requirit,
1322 2847 1368 2905 uti
1405 2864 1455 2907 res
1492 2848 1557 2925 ipsa
1597 2846 1746 2925 loquitur.
1800 2789 1908 2888 mm

151 2946 288 3023 longum
311 2948 358 3004 est
381 2943 442 3003 hoe
468 2940 535 3001 loeo
550 2939 710 3010 disserere,
737 2936 929 3014 minimeque
978 2936 1094 2998 Deinde
1105 2938 1189 3017 quod
1204 2937 1376 3016 Augustino
1390 2939 1542 3017 posterior
1560 2944 1606 3000 est
1618 2939 1747 3001 Triden·
1772 2898 1919 3005 quqqnqq·

152 3036 385 3108 necessarium
415 3032 499 3113 quod
513 3031 640 3111 proprie
660 3030 712 3091 hic
725 3026 928 3102 intendimus,
978 3029 1046 3089 tina
1059 3029 1206 3108 synodus.
1223 3031 1289 3090 Hoc
1301 3035 1406 3090 autem
1424 3036 1615 3110 quantopere
1628 3031 1668 3093 ad
1680 3049 1748 3096 rem
1794 3002 1906 3102 ,iiiiii

152 3130 286 3205 hocest,
302 3128 417 3207 dequo
437 3126 504 3204 jam
522 3123 608 3184 dixi:
636 3122 682 3182 Ex
699 3125 786 3182 tunm
801 3122 929 3180 conteu-
979 3121 1130 3199 pertinet,
1155 3121 1228 3182 satis
1251 3122 1364 3201 cuique
1393 3123 1593 3202 perspicuum
1620 3130 1675 3185 est.
1704 3127 1749 3186 Ac
1773 3110 1920 3220 ⁶⁰ffi„ffi²¹

153 3221 258 3295 tione,
274 3225 366 3299 atque
390 3234 498 3297 pugna
519 3215 558 3275 de
585 3212 754 3293 Augustini
778 3210 931 3271 sententia
979 3212 1155 3273 luculenter
1177 3212 1313 3292 idipsum
1335 3213 1471 3274 declarat
1501 3216 1695 3295 Augustinus
1717 3215 1749 3276 in

154 3310 392 3382 dissidentium,
421 3307 514 3387 plane
541 3306 673 3385 intelligi
699 3303 738 3365 ab
763 3303 928 3377 omnibus,
979 3303 1060 3366 libro
1074 3304 1209 3365 secundo
1228 3302 1263 3365 de
1280 3303 1439 3385 Baptismo
1460 3306 1748 3382 cntranonotnrns,

156 3405 271 3468 merito
302 3401 490 3482 displicuisse
517 3398 609 3460 nobis
649 3398 728 3458 illud
755 3395 874 3456 abbatis
898 3394 933 3455 in
980 3397 1081 3476 capite
1103 3396 1216 3458 tertio:
1241 3395 1296 3456 ubi
1312 3415 1377 3458 non
1391 3397 1492 3459 solum
1507 3398 1752 3479 «episcoporum

157 3497 290 3578 epistola
312 3495 493 3570 decretum,
525 3510 587 3572 quo
615 3507 742 3551 ornnem
767 3489 806 3549 dc
832 3487 932 3566 gratia
980 3488 1098 3549 litteras
1110 3505 1166 3567 per
1189 3488 1322 3550 aliorum
1342 3491 1558 3569 episcoporum
1578 3492 1752 3568 gaviorem

159 3586 423 3658 connoversiam,
455 3601 524 3663 quae
550 3601 588 3644 ex
610 3580 783 3643 Tridentini
812 3578 933 3639 concilii
982 3581 1207 3648 auctoritatem,
1224 3578 1345 3661 (qualis
1359 3582 1451 3642 estin
1464 3582 1594 3644 concilio
1603 3573 1749 3661 generali)

158 3681 265 3742 verbis
281 3682 363 3741 inter
387 3676 554 3740 catholicos
575 3674 688 3741 oritur.
706 3690 746 3734 ex
769 3669 934 3749 Augustini
983 3671 1214 3750 doctioremque
1242 3672 1453 3751 prudentiam,
1483 3680 1514 3735 et
1541 3693 1596 3754 per
1625 3674 1754 3736 concilia

161 3772 314 3846 doctrina,
336 3776 368 3832 et
385 3768 478 3848 hujus
498 3765 754 3847 interpretatione
773 3761 935 3841 dijudicari
984 3761 1077 3824 licere
1086 3763 1283 3842 reprehendi,
1291 3764 1316 3824 si
1323 3764 1439 3844 quidiu
1453 3766 1497 3825 eis
1509 3765 1754 3827 fortesveritate

162 3861 315 3943 precipit·
985 3855 1144 3916 deviatum
1155 3861 1213 3931 est,
1228 3856 1352 3931 asserit3
1364 3856 1454 3917 sedet
1463 3857 1754 3937 ipsaoonoilia,quae

7 3976 134 4023 maro-a
206 3955 410 4032 Quanquam
447 3950 472 4010 si
500 3949 560 4009 hoo
584 3964 685 4026 genus
712 3941 937 4023 interpretandi
985 3965 1041 4026 per
1059 3946 1198 4026 singulas
1222 3944 1376 4024 regiones,
1404 3947 1454 4008 vel
1479 3948 1653 4028 provincias
1662 3948 1754 4023 liunt,

7 4038 138 4084 'mmm'
165 4046 267 4108 solum
296 4049 459 4123 ageretur,
488 4040 573 4120 quod
597 4044 644 4100 est
668 4037 708 4098 ed
734 4034 857 4097 obscuri
878 4032 937 4093 lori
986 4037 1196 4117 plenariorum
1225 4037 1429 4100 conciliorum
1460 4040 1649 4117 auctoritati,
1685 4061 1756 4122 quae

7 4087 126 4183 ,grem
165 4135 403 4217 intelligentiam
416 4132 532 4211 aliquid
546 4129 697 4205 conterre,
712 4128 782 4207 quis
795 4130 887 4205 neget
899 4141 938 4185 ex
986 4127 1068 4190 fiunt
1081 4148 1121 4190 ex
1134 4129 1279 4190 trrriverso
1298 4129 1373 4191 orbe
1394 4131 1576 4201 Christiano,
1602 4133 1668 4195 sine
1683 4134 1756 4196 ullis

12 4190 113 4309 '2223‘
166 4227 332 4309 Augustini
346 4225 484 4288 doctrina
498 4222 560 4304 peti
575 4220 726 4283 nonnulla
746 4236 846 4300 posse,
868 4233 938 4296 que
986 4220 1169 4295 ambagibus
1192 4222 1312 4283 cedere.
1337 4223 1545 4296 »Quinetiam
1566 4223 1626 4285 hoc
1649 4226 1754 4302 addit3

10 4309 132 4355 anninus
166 4324 208 4385 ad
221 4319 442 4382 illustrandum
454 4315 621 4377 concilium
635 4309 813 4392 pertinent?
827 4309 888 4371 Sed
903 4326 938 4369 ea
992 4334 1007 4371 a
1019 4313 1087 4392 lpse
1109 4313 1246 4393 plenaria
1272 4314 1403 4375 concilia
1421 4333 1501 4396 saepe
1522 4317 1628 4395 priora
1650 4324 1756 4399 poste-

166 4416 247 4477 ratio
260 4431 326 4474 non
336 4411 440 4471 miuus
453 4406 555 4483 eflicit,
566 4424 604 4467 ex
614 4402 796 4466 Tiidentino
809 4400 939 4463 concilio
986 4404 1123 4466 rioribus
1136 4406 1308 4482 emendari,
1332 4423 1406 4467 oum
1419 4407 1523 4486 aliquo
1546 4409 1757 4488 experimento

169 4502 436 4586 interpretandam
460 4497 629 4578 Augustini
653 4515 718 4558 esse
745 4495 937 4570 doctrinam,
987 4514 1094 4557 rerum
1127 4498 1285 4576 aperitur,
1315 4498 1399 4576 quod
1433 4498 1572 4561 clausum
1605 4507 1692 4578 erat,
1727 4509 1759 4565 et

170 4616 243 4660 cum
262 4597 296 4657 iu
308 4596 389 4655 hanc
410 4610 449 4653 ex
463 4590 515 4651 illo
529 4589 663 4651 derivari
677 4586 755 4649 lucis
768 4586 940 4666 plurimum
988 4589 1199 4668 cognoscitur,
1226 4588 1309 4667 quod
1332 4589 1456 4651 latebat.
1472 4612 1486 4649 u
1504 4592 1578 4665 Qua
1588 4595 1758 4673 posteriora

171 4689 278 4771 possit.
300 4688 381 4747 Tum
402 4701 476 4745 vero
497 4680 778 4743 escholastioorum
792 4677 940 4739 lucubra·
988 4680 1083 4741 verbs
1094 4681 1276 4742 sanctissimi
1283 4681 1417 4743 doctoris
1426 4702 1490 4745 non
1499 4685 1538 4745 de
1547 4685 1620 4747 lidei
1633 4686 1760 4765 dogma-

171 4780 318 4853 ti⁰¹¹⁵b¹¹⁵2
357 4776 484 4855 amque
508 4773 610 4848 libri&
643 4771 797 4852 imprimis
831 4787 941 4831 eortam
991 4772 1074 4833 tibus
1087 4772 1184 4852 accipi
1197 4772 1327 4849 debere,
1343 4775 1446 4837 scdde
1459 4776 1512 4849 iis,
1528 4796 1599 4856 quae
1613 4778 1652 4838 ad
1667 4779 1757 4859 ritus,

170 4875 313 4944 Petrum,
341 4869 396 4948 qui
420 4872 490 4948 post
516 4864 727 4938 Augustiuum
754 4862 939 4939 floruertmt,
990 4882 1026 4925 ac
1039 4882 1143 4926 mores
1156 4866 1300 4943 attinent,
1330 4872 1385 4928 aut
1409 4867 1440 4928 id
1463 4885 1561 4947 genus
1587 4869 1659 4943 alia,
1688 4890 1759 4951 quae

170 4965 257 5026 velut
270 4963 482 5040 exProspero,
499 4956 672 5036 Ftdgentio,
687 4956 863 5028 accaeteris,
877 4972 941 5015 nou
991 4959 1172 5038 temporarii
1208 4965 1283 5020 sunt
1316 4960 1459 5034 instituti,
1493 4960 1587 5021 verba
1613 4961 1666 5023 illa
1687 4965 1761 5025 satis

171 5074 268 5138 parva
282 5053 352 5134 capi
374 5052 553 5126 adiumenta
565 5051 695 5129 possunt
709 5046 748 5106 ad
763 5046 940 5125 Augustini,
993 5049 1171 5125 ostendunt,
1189 5069 1290 5112 ocum
1304 5052 1409 5132 aliquo
1423 5055 1636 5134 experimento
1654 5073 1761 5117 rerum

171 5144 399 5210 velTridentini
408 5139 706 5205 coneiliidoetrinam
716 5137 940 5217 explicandam.
991 5140 1139 5219 aperitur,
1152 5144 1237 5220 quud
1248 5144 1387 5204 clausum
1401 5153 1477 5219 crat,
1490 5167 1505 5202 n
1518 5152 1578 5206 etc.
1592 5148 1663 5207 Haeo
1676 5149 1761 5209 enim

174 5241 292 5301 Verum
324 5254 391 5297 11011
424 5235 461 5295 de
495 5233 556 5294 hoo
592 5230 816 5310 interpretandi
848 5229 942 5290 modo
990 5231 1155 5311 Augustini
1177 5235 1362 5296 sententiam
1387 5235 1426 5295 ad
1452 5254 1489 5296 ea
1515 5239 1761 5318 restringendam

172 5327 465 5411 loquiturepistola;
478 5325 580 5387 sedda
590 5342 637 5393 eo,
650 5323 734 5403 quod
747 5321 943 5402 cumdiseep
991 5340 1056 5385 esse
1081 5324 1314 5407 demonstrant,
1344 5344 1414 5406 quae
1443 5328 1497 5390 sub
1526 5330 1761 5408 experimentum

202 5531 213 5575 l
231 5529 389 5587 anglicani.
404 5526 451 5574 ro.
462 5538 482 5573 c.
498 5525 598 5571 nra-i
610 5524 664 5570 the
677 5536 697 5569 e.
714 5534 729 5567 ι.
