3936 6172
381 448 432 510 DE
451 446 614 510 OPlFlClO
635 444 708 508 SEX
729 444 889 519 DIERUM,
911 444 984 505 LlB.
1006 445 1058 518 lV,
1081 444 1163 507 CAP.
1186 447 1250 508 llll.
1553 450 1614 510 133

42 617 123 692 ribus,
138 632 207 694 quoe
221 618 373 675 vocantur
383 613 503 693 gratiae,
518 613 635 693 liquido
649 617 790 692 apparet;
885 611 939 670 IV.
963 609 1042 670 Illud
1055 610 1188 673 alterum
1202 612 1403 676 recolendum
1418 622 1473 692 est,
1491 636 1562 680 cum
1576 620 1615 681 sit

42 706 200 770 nonenim
227 706 421 768 naturalibus
447 707 599 768 duntaxat
624 707 655 766 iu
681 704 791 777 rebus,
843 701 992 763 libertatis
1015 721 1131 764 nomen
1155 723 1285 785 anceps,
1307 707 1497 771 acbifariam
1519 730 1613 772 usur-

46 800 158 875 Omaie,
172 816 364 881 quacumque
376 798 481 875 voluit,
498 797 645 860 Dominus
658 796 744 877 fecit,
762 796 796 857 ia
844 801 946 874 petur,
959 800 995 856 ut
1000 794 1067 873 jam
1080 794 1150 874 plus
1166 799 1261 858 semel
1275 801 1477 878 ostendimus,
1486 822 1522 864 ac
1534 824 1614 865 non-

43 891 112 965 cela
119 899 144 952 et
153 891 185 951 ia
196 890 326 966 terrain
336 890 426 964 mori,
438 899 467 950 et
476 889 506 950 in
514 889 648 950 manibus
656 886 795 970 abyssis¹3
844 904 1008 965 nunquam
1022 888 1196 949 naturalem
1215 888 1351 970 eligendi
1370 891 1557 969 facultatem,
1583 903 1615 957 et

44 982 182 1045 sedetiam
193 982 227 1043 in
238 981 299 1058 lais,
311 1000 381 1062 quea
392 988 512 1045 naturae
522 985 597 1050 vim,
609 987 794 1062 captumque
843 978 1073 1040 indifferentem
1082 974 1243 1058 significet,
1259 991 1495 1065 opponaturque
1509 1005 1616 1049 neces·

44 1080 195 1155 superant,
228 1072 323 1154 Cujus
350 1073 435 1152 cult,
460 1080 624 1147 maerore,
653 1082 682 1134 et
708 1092 794 1155 quem
844 1070 935 1143 sario,
951 1074 983 1131 et
993 1071 1032 1131 ad
1046 1090 1147 1132 unum
1160 1073 1265 1149 affixo,
1282 1074 1359 1138 alias
1372 1083 1485 1139 statum
1501 1098 1614 1158 qnem-

45 1166 106 1242 cult,
119 1164 263 1227 indurat¹.
279 1167 326 1239 Et,
344 1165 488 1247 Spiritus,
510 1165 561 1227 ubi
580 1165 660 1243 cult,
683 1166 791 1247 spirat,
844 1162 917 1223 dam
928 1162 1043 1224 indicet
1063 1165 1220 1240 servituti,
1236 1167 1286 1228 vel
1299 1169 1468 1248 captivitati
1491 1178 1613 1234 contra-

46 1267 73 1320 et
82 1264 214 1321 sexcenta
226 1258 462 1336 ejusdemmodi,
473 1276 544 1339 qua.
553 1257 793 1333 indifferentem,
842 1254 937 1328 rium,
951 1256 1001 1316 cui
1014 1256 1061 1316 vis
1075 1261 1105 1316 et
1115 1258 1231 1319 coactio
1240 1260 1407 1340 respondet
1415 1280 1453 1323 ex
1462 1265 1590 1326 adverso
1604 1286 1612 1340 ;

42 1357 68 1411 et
79 1351 157 1412 nulla
169 1350 340 1429 obligatam
352 1349 533 1413 necessitate
553 1351 608 1412 Dei
625 1351 659 1412 in
673 1351 793 1429 agendo
842 1345 923 1407 hanc
932 1352 1038 1408 tamen
1050 1350 1250 1425 posteriorem
1257 1353 1417 1415 notionem
1429 1354 1469 1415 ad
1478 1355 1614 1435 priorem

43 1443 195 1505 1111111111]
215 1460 281 1504 esse
298 1443 505 1523 persuadent,
527 1443 611 1522 quod
633 1443 667 1503 in
686 1443 794 1521 quinto
843 1437 963 1499 referri.
990 1441 1115 1500 Etenim
1133 1443 1284 1504 naturalis
1309 1444 1362 1506 illa
1387 1445 1478 1507 liberi
1495 1448 1614 1510 arbitrii

43 1534 86 1597 illo
96 1535 170 1597 libro
181 1535 273 1596 latius
287 1535 499 1615 exposuimus.
841 1528 970 1591 facultas
993 1531 1052 1593 hoc
1079 1533 1231 1595 voluntati
1258 1536 1378 1613 tribuit,
1408 1544 1445 1599 ut
1469 1558 1516 1616 aa,
1542 1560 1613 1621 quaa

75 1628 120 1689 lll.
141 1626 252 1706 Atque,
267 1634 303 1688 ut
316 1632 347 1688 et
360 1625 475 1689 divina
491 1626 641 1689 libertatis
658 1624 793 1688 conditio
842 1622 919 1695 vult,
936 1623 1041 1702 eligat,
1065 1632 1096 1686 et
1123 1643 1162 1686 ex
1179 1626 1322 1705 pluribus
1347 1629 1389 1704 id,
1413 1633 1497 1710 quod
1513 1632 1614 1695 rhum

43 1718 137 1781 nehus
149 1719 277 1797 intelligi
291 1718 406 1799 possit,
426 1724 458 1781 et
484 1719 598 1799 nuperi
625 1716 793 1781 commenti
842 1713 945 1791 fuerit,
961 1733 997 1777 ac
1005 1717 1104 1796 magis
1114 1717 1273 1797 placuerit,
1284 1729 1421 1784 assumat
1430 1743 1438 1798 ;
1450 1725 1534 1804 quod
1546 1732 1614 1787 tum

44 1811 186 1892 prestigias
197 1811 366 1885 diluantur,
381 1830 481 1891 pauca
501 1812 539 1872 de
557 1811 698 1872 libertate
722 1811 793 1872 uni·
842 1807 983 1887 eripitur,
1012 1809 1038 1869 si
1062 1816 1108 1870 est
1121 1811 1198 1871 certi
1230 1829 1266 1872 ac
1299 1813 1494 1877 determinati
1520 1818 1615 1880 unius

43 1922 114 1966 ruse
133 1904 182 1964 hic
203 1904 477 1967 animadvertenda
503 1908 587 1965 sunt.
618 1904 792 1983 Imprimis,
842 1900 971 1978 optandi
990 1900 1077 1961 illata
1097 1904 1271 1965 necessitas.
1296 1906 1378 1966 Tum
1399 1910 1483 1968 enim
1501 1908 1615 1972 delibe-

43 2015 102 2059 rum
119 1997 230 2075 duplex
249 1996 343 2075 vulgo
367 1996 533 2057 constituta
558 1995 599 2056 sit
624 1994 657 2056 in
682 1996 795 2057 scholis
842 1991 934 2067 ratio,
945 1998 976 2052 et
984 1993 1167 2088 consultatio
1178 1995 1316 2072 tollitur;
1333 1998 1485 2060 minuitur
1494 2007 1612 2079 autem,
1716 2032 1722 2039 -

44 2088 161 2161 libedas,
175 2107 250 2164 una,
265 2106 337 2167 qaue
351 2087 584 2165 contrarietatis,
602 2087 710 2163 altera,
723 2106 793 2168 quae
842 2101 907 2143 non
914 2085 1037 2163 penitus
1049 2092 1230 2165 amputatur
1236 2088 1357 2149 arbitrii
1366 2090 1455 2152 liberi
1467 2099 1612 2171 potestas,

43 2180 260 2242 coatmdictioms
273 2179 403 2255 dicitur3
416 2179 552 2258 priorem
564 2197 629 2240 non
643 2178 685 2241 sie
699 2179 794 2240 inter-
842 2191 915 2234 cum
929 2176 968 2236 ad
982 2195 1083 2237 unum
1097 2177 1174 2239 illud
1187 2179 1439 2260 amplectendum
1452 2183 1484 2243 vi
1497 2187 1613 2246 extrin-

14 2279 15 2284 ’
44 2274 206 2354 praetendam
217 2292 296 2347 esse,
312 2278 463 2353 tanquam
482 2272 566 2333 inter
580 2289 618 2332 aa
637 2272 702 2332 sola
722 2290 791 2333 ver·
842 2284 930 2327 secus
942 2267 1081 2331 adhibita
1097 2270 1228 2349 cogitur,
1253 2278 1284 2332 et
1306 2291 1369 2352 quo
1391 2275 1491 2352 major
1509 2276 1555 2337 vis
1569 2283 1615 2338 ost

9 2391 11 2396 ·
45 2373 125 2440 setar,
150 2383 218 2446 quaa
242 2364 368 2445 proprie
390 2363 545 2424 contraria
572 2363 733 2438 dicuntur,
758 2370 793 2425 ut
842 2358 905 2432 illa,
918 2377 955 2419 eo
970 2362 1074 2421 minus
1084 2361 1234 2423 libertatis
1244 2362 1324 2426 inest
1336 2366 1370 2425 in
1384 2367 1515 2445 agendo.
1535 2369 1614 2429 Nam

44 2471 102 2519 sunt
122 2459 241 2520 bonum
263 2464 295 2519 et
321 2456 450 2531 malum
474 2455 584 2529 virtus,
613 2461 644 2516 et
668 2455 791 2533 vitium,
842 2449 892 2510 cui
906 2448 1120 2530 impedimenti
1133 2453 1249 2533 aliquid
1265 2454 1426 2533 objicitur,
1446 2459 1614 2537 quominus

44 2556 118 2630 turpe
145 2556 175 2612 et
199 2551 384 2623 honestum;
414 2547 467 2609 sed
503 2565 540 2609 ea
566 2565 792 2627 nonnunquam
841 2541 884 2617 id,
900 2543 984 2622 quod
1001 2544 1079 2620 vult,
1104 2551 1187 2621 agat,
1207 2546 1235 2606 ei
1250 2546 1374 2608 libertas
1392 2548 1485 2627 plena
1506 2550 1613 2613 detra·

45 2643 178 2704 namneti
189 2640 355 2713 monada,
370 2658 441 2720 quae
460 2639 518 2700 suh
532 2639 640 2700 eadem
653 2638 730 2700 honi
744 2640 793 2701 vet
840 2634 926 2695 hitur
937 2654 946 2710 ;
976 2653 1012 2696 ac
1038 2640 1125 2697 tanto
1146 2636 1250 2699 minus
1266 2639 1364 2700 utitur
1391 2654 1466 2709 sua,
1497 2648 1613 2721 quanto

45 2736 114 2811 mab,
130 2736 161 2796 id
178 2739 226 2796 est
238 2732 361 2794 honesti
373 2732 424 2793 vel
449 2731 550 2811 turpis
571 2731 672 2812 speeie
697 2733 792 2793 eollo-
842 2727 940 2807 magis
954 2745 992 2788 ex
1010 2727 1111 2789 aliena
1125 2729 1283 2791 voluntate
1306 2732 1430 2811 pendet.
1454 2734 1550 2813 Cujus
1568 2736 1615 2796 rei

45 2833 144 2901 untur,
159 2846 196 2888 ac
208 2825 425 2887 tantummodo
433 2824 564 2899 diversa,
573 2829 628 2884 aut
639 2823 793 2903 disparata
841 2819 928 2880 nulla
937 2819 1024 2880 reddi
1038 2820 1099 2881 aha
1111 2839 1204 2882 causa
1216 2827 1329 2901 potest,
1344 2823 1403 2884 nisi
1412 2825 1497 2904 quod
1508 2826 1614 2887 minus

45 2926 111 2980 sant.
131 2921 221 2995 Nam,
250 2936 323 2979 cum
349 2916 451 2977 omnis
479 2915 569 2976 liberi
595 2914 730 2990 arbitrii,
762 2924 794 2978 et
842 2917 888 2972 est
914 2909 1086 2990 indifferens
1120 2913 1159 2973 ad
1191 2914 1347 2974 utrumvis
1380 2915 1611 2995 asciscendum,

45 3012 187 3074 volontatis
215 3011 324 3073 electio
351 3027 389 3071 ex
421 3006 654 3076 consultatione,
671 3014 702 3069 et
722 3027 793 3070 eon·
841 3003 941 3082 magis
965 3007 1071 3063 autem
1097 3003 1131 3064 in
1158 3004 1292 3066 alterum
1318 3005 1484 3068 inclinatur
1496 3028 1504 3083 ;
1527 3009 1614 3072 velut

45 3103 91 3163 silii
108 3103 244 3184 capiendi
264 3100 485 3163 deliberatione
503 3106 663 3174 nascatur,
679 3106 709 3161 et
723 3119 793 3161 eam
841 3099 972 3170 statera,
1008 3094 1138 3156 alteram
1172 3095 1294 3158 lancem
1324 3105 1541 3178 pregravante
1575 3120 1612 3163 ac

45 3197 193 3257 memorio
213 3194 446 3256 antecedentem
465 3188 594 3266 haheat3
615 3192 743 3254 totidem
760 3193 793 3253 in
842 3186 1034 3266 deprimente
1044 3187 1193 3266 pondere,
1204 3189 1413 3269 aequihhrium
1422 3210 1488 3253 non
1499 3200 1611 3270 serrat,

44 3286 119 3349 rebus
129 3288 184 3349 sita
197 3292 244 3349 est
262 3283 382 3361 electio,
402 3287 479 3362 quot
495 3282 537 3344 ed
558 3283 794 3345 deliberandum
843 3279 896 3340 sed
922 3279 957 3338 in
982 3297 1079 3339 unam
1105 3285 1225 3359 partem
1252 3298 1378 3356 vergere
1403 3283 1524 3363 incipit.
1548 3286 1613 3347 Hoc

46 3381 186 3460 proposita
205 3397 270 3441 esse
285 3382 425 3458 possunt.
443 3374 524 3434 Sunt
537 3379 641 3434 autem
655 3374 794 3455 quinque
842 3376 946 3431 autem
972 3370 1086 3450 partim
1114 3370 1146 3431 vi
1171 3390 1207 3433 ac
1231 3378 1338 3450 metu,
1367 3380 1398 3436 et
1424 3378 1613 3439 extrinsecus

45 3486 268 3544 generaremm,
285 3468 454 3549 dequibus
473 3466 638 3527 deliberari
651 3466 740 3542 solet,
757 3475 792 3528 ut
837 3462 980 3549 'adhibito
994 3462 1134 3524 cruciatu
1151 3463 1198 3537 fit,
1220 3483 1299 3526 cum
1324 3466 1363 3527 ab
1390 3468 1489 3529 invito
1513 3488 1613 3532 unum

46 3564 167 3625 mausus
177 3561 352 3624 Penatium
361 3556 545 3639 inprimode
559 3556 794 3639 Officiisprobat
842 3560 1043 3634 extorquetur
1067 3573 1084 3615 e
1107 3555 1240 3632 duobus,
1265 3558 1350 3637 quod
1372 3558 1502 3622 minime
1525 3562 1611 3638 vult,

46 3654 143 3731 Cicera
154 3662 232 3736 quot
245 3653 359 3715 scilicet
370 3651 403 3712 in
412 3649 640 3714 dubitationem
651 3651 791 3712 veniunt.
842 3648 956 3727 partim
965 3646 1156 3724 blandiente,
1171 3650 1251 3710 etad
1262 3667 1294 3711 se
1308 3650 1450 3712 trahente
1464 3654 1613 3732 propositi

45 3746 115 3820 Nam,
134 3748 342 3809 honestumne
364 3743 447 3804 factu
461 3742 510 3817 sit,
525 3760 567 3803 au
587 3747 689 3821 turpe,
710 3761 794 3823 quae·
841 3738 917 3800 honi
943 3738 1055 3820 specie,
1071 3741 1135 3801 sive
1148 3759 1326 3821 repugnans
1341 3742 1457 3823 alioqui
1477 3744 1558 3806 ratio
1576 3765 1612 3806 ac

46 3838 123 3915 htur3
145 3846 215 3901 turm
241 3838 317 3899 utile
345 3854 385 3897 an
409 3832 557 3909 noxium3
577 3833 668 3894 tertio
687 3840 793 3896 utrmn
841 3831 982 3893 voluntas
1003 3831 1153 3911 paulatim
1172 3830 1353 3895 labefactata
1367 3854 1404 3896 eo
1418 3835 1610 3915 perducitur,

45 3931 93 3991 utri
103 3932 337 4012 preferendum,
353 3946 424 3990 cum
433 3945 573 4007 pugnare
586 3926 709 3987 videtur
720 3945 792 3988 cum
841 3929 877 3983 ut
890 3928 921 3984 et
934 3923 999 4004 ipsa
1014 3929 1124 4002 sponte
1138 3924 1326 4001 consentiat,
1342 3925 1406 3987 sive
1421 3945 1486 3987 non
1502 3928 1609 4001 iuvita,

45 4020 150 4085 lanuto
181 4024 238 4100 id,
272 4021 357 4102 quod
386 4021 509 4081 videtur
538 4019 630 4092 utile3
659 4025 791 4098 quarto,
841 4015 894 4077 sed
908 4016 1033 4088 ardens,
1056 4020 1087 4076 et
1107 4014 1300 4077 inflammata
1320 4017 1366 4078 rel
1380 4017 1505 4095 objecta
1525 4017 1612 4099 copi·

45 4112 143 4177 duobus
154 4113 322 4196 propositis
335 4110 486 4181 honestis,
497 4115 607 4171 utrum
617 4110 790 4187 honestius3
841 4107 936 4168 ditate
949 4113 1014 4168 toto
1029 4106 1064 4167 in
1076 4124 1146 4168 eam
1160 4106 1279 4187 impetu
1292 4109 1423 4189 rapitur.
1441 4109 1611 4190 Utrobique

45 4205 170 4288 demque,
192 4207 319 4270 duobus
335 4203 499 4286 propositis
512 4202 655 4278 utilibus,
685 4210 793 4264 utrum
842 4218 915 4279 ergo
929 4199 1169 4275 determinatur,
1189 4205 1220 4259 et
1234 4199 1289 4260 uni
1307 4200 1445 4280 cuipiam
1458 4200 1611 4262 addicitur

46 4300 137 4363 utilius.
152 4303 197 4362 En
213 4301 252 4361 iis
264 4298 403 4379 quinque
421 4293 610 4357 deliberandi
621 4296 794 4357 rationibus
840 4290 985 4352 voluntas
997 4290 1144 4367 hominis,
1168 4295 1203 4351 ut
1222 4310 1259 4352 eo
1286 4291 1391 4353 minus
1410 4298 1482 4372 agat
1499 4293 1608 4367 libere,

46 4389 98 4452 lue
104 4393 222 4454 veltres
230 4391 349 4472 priores
356 4407 403 4465 ea,
416 4405 487 4467 quae
497 4392 573 4448 sunt
583 4388 708 4466 proprie
721 4406 794 4449 con·
841 4402 904 4463 quo
918 4383 1022 4443 minus
1035 4382 1068 4442 in
1077 4388 1228 4462 potestate
1241 4384 1345 4459 habet,
1354 4389 1389 4444 ut
1398 4385 1458 4446 hoo
1471 4385 1521 4447 vel
1534 4386 1611 4448 illud

46 4485 128 4561 buia,
153 4484 342 4565 respiciunt3
372 4479 541 4560 inquibus
566 4496 638 4541 cum
662 4480 792 4540 honesto
842 4475 952 4554 ehgat3
976 4492 1034 4536 nec
1050 4474 1088 4535 de
1111 4493 1148 4536 eo
1161 4475 1364 4553 dehberandi,
1379 4482 1410 4538 ct
1424 4478 1544 4540 consilii
1560 4499 1611 4541 ra·

46 4577 124 4654 urps,
138 4583 190 4638 aut
204 4594 278 4638 eum
290 4573 384 4636 noxio
398 4573 484 4650 utile,
500 4577 554 4632 aut
576 4588 648 4632 crim
661 4571 792 4633 honesto
841 4567 946 4648 piendi
956 4566 1008 4644 jus
1021 4566 1145 4627 retinet.

46 4667 102 4728 utile
110 4663 794 4746 contenditur3postremaduaaiuterdiversa
882 4661 918 4720 V.
942 4658 1150 4733 Quamobrem
1164 4678 1226 4739 quo
1239 4660 1422 4741 quisqueab
1436 4661 1523 4723 omni
1536 4681 1611 4724 con·
1656 4704 1759 4755 onmem

45 4757 197 4823 atatem
209 4759 313 4842 speeie
325 4763 499 4834 versantur,
515 4774 585 4836 quae
599 4760 704 4816 tamen
717 4773 792 4815 con·
841 4752 1040 4832 cupiscentia,
1052 4761 1083 4812 et
1092 4752 1438 4833 animiperturbatione,
1454 4773 1489 4815 ac
1500 4756 1611 4817 morbo
1659 4759 1760 4855 im

44 4852 118 4913 baria
132 4854 289 4929 dicamur,
311 4850 341 4911 id
361 4857 407 4911 est
420 4849 581 4930 opposita;
597 4847 746 4927 quoniam
760 4847 793 4907 in
841 4844 971 4906 solutior
985 4850 1042 4921 est,
1056 4862 1094 4905 eo
1108 4850 1154 4905 est
1167 4843 1311 4921 liberior3
1334 4865 1398 4907 non
1412 4846 1523 4923 modo,
1539 4848 1612 4928 quia
1752 4842 1757 4853 '

44 4941 553 5027 eomiiooapiendosecuminricem
561 4939 791 5019 quodammodo
840 4937 986 4998 servitute
995 4935 1125 4997 istanon
1133 4941 1260 4997 tenetur
1271 4935 1411 4999 illiberali
1423 4957 1458 4999 ac
1471 4939 1608 5015 sordida;

42 5033 207 5116 mutligunt,
234 5054 295 5097 nec
320 5040 391 5095 tum
415 5051 496 5106 esse,
523 5032 554 5092 id
583 5037 629 5093 est
657 5030 790 5091 obtineri
844 5028 1170 5110 (quarationedictum
1185 5029 1611 5110 estaphilosophis,maxime

41 5123 118 5187 amul
127 5129 218 5190 amho
231 5132 373 5209 possum.
389 5126 422 5187 Si
435 5124 520 5187 enim
533 5130 675 5204 possent,
690 5122 793 5184 omnis
842 5121 965 5197 Stoicis,
979 5120 1081 5181 solum
1095 5121 1276 5201 sapientem,
1292 5121 1323 5183 id
1337 5126 1384 5183 est
1397 5122 1531 5202 perfecta
1547 5125 1611 5186 rir-

38 5212 92 5291 1111
112 5227 188 5283 emet
213 5238 298 5282 cum·
313 5219 506 5281 dubitatione
533 5216 654 5278 sublata
676 5214 793 5278 delibe-
840 5211 1102 5294 tutepracditum,
1124 5212 1258 5275 liberum
1272 5231 1348 5291 esse,
1361 5213 1435 5292 quia
1452 5214 1538 5276 asoli
1552 5213 1612 5277 hoc

40 5310 113 5372 reto.
841 5305 993 5385 contingit
1005 5304 1149 5385 sapienti,
1160 5305 1332 5367 aitTullius
1342 5303 1365 5380 ⁸,
1382 5305 1612 5368 utnihilfaciat
1692 5333 1694 5336 ·

63 5514 136 5563 tecet.
149 5530 258 5564 ennu-
269 5521 284 5564 2
295 5521 356 5566 Rom.
367 5531 396 5572 u,
411 5518 470 5564 18.-
486 5518 501 5562 a
513 5516 594 5564 Persi.
606 5527 635 5561 u.

178 5600 261 5661 Tou.
276 5600 330 5662 lv,
1433 5590 1473 5653 28
