<?xml version="1.0" encoding="UTF-8"?>
<!DOCTYPE html PUBLIC "-//W3C//DTD XHTML 1.0 Transitional//EN"
    "http://www.w3.org/TR/xhtml1/DTD/xhtml1-transitional.dtd">
<html xmlns="http://www.w3.org/1999/xhtml" xml:lang="en" lang="en">
 <head>
  <title>
</title>
<meta http-equiv="Content-Type" content="text/html;charset=utf-8" />
  <meta name='ocr-system' content='tesseract 3.04.00' />
  <meta name='ocr-capabilities' content='ocr_page ocr_carea ocr_par ocr_line ocrx_word'/>
</head>
<body>
  <div class='ocr_page' id='page_1' title='image "./dogmatatheologi00goog_0423.png"; bbox 0 0 3936 6172; ppageno 0'>
   <div class='ocr_carea' id='block_1_1' title="bbox 290 345 1360 410">
    <p class='ocr_par' dir='ltr' id='par_1_1' title="bbox 290 345 1360 410">
     <span class='ocr_line' id='line_1_1' title="bbox 290 345 1360 410; baseline 0.003 -3"><span class='ocrx_word' id='word_1_1' title='bbox 290 346 351 407; x_wconf 70' lang='lat' dir='ltr'>abl</span> <span class='ocrx_word' id='word_1_2' title='bbox 793 345 1117 408; x_wconf 76' lang='lat' dir='ltr'>rflmmuteoaun</span> <span class='ocrx_word' id='word_1_3' title='bbox 1143 347 1360 410; x_wconf 80' lang='lat' dir='ltr'>DOGMATUM</span> 
     </span>
    </p>
   </div>
   <div class='ocr_carea' id='block_1_2' title="bbox 222 511 1877 4906">
    <p class='ocr_par' dir='ltr' id='par_1_2' title="bbox 286 511 1874 2133">
     <span class='ocr_line' id='line_1_2' title="bbox 291 511 1868 594; baseline 0.001 -20"><span class='ocrx_word' id='word_1_4' title='bbox 291 513 505 574; x_wconf 76' lang='lat' dir='ltr'>annuariam?</span> <span class='ocrx_word' id='word_1_5' title='bbox 520 514 572 573; x_wconf 89' lang='lat' dir='ltr'>Sic</span> <span class='ocrx_word' id='word_1_6' title='bbox 587 513 672 574; x_wconf 89' lang='lat' dir='ltr'>enim</span> <span class='ocrx_word' id='word_1_7' title='bbox 692 511 775 573; x_wconf 90' lang='lat' dir='ltr'>idem</span> <span class='ocrx_word' id='word_1_8' title='bbox 789 512 981 592; x_wconf 77' lang='lat' dir='ltr'>Augustinus</span> <span class='ocrx_word' id='word_1_9' title='bbox 994 512 1056 573; x_wconf 91' lang='lat' dir='ltr'>alio</span> <span class='ocrx_word' id='word_1_10' title='bbox 1106 512 1240 589; x_wconf 82' lang='lat' dir='ltr'>malum3</span> <span class='ocrx_word' id='word_1_11' title='bbox 1250 531 1322 574; x_wconf 90' lang='lat' dir='ltr'>eum</span> <span class='ocrx_word' id='word_1_12' title='bbox 1331 513 1398 590; x_wconf 87' lang='lat' dir='ltr'>bas,</span> <span class='ocrx_word' id='word_1_13' title='bbox 1413 513 1554 593; x_wconf 89' lang='lat' dir='ltr'>inquam,</span> <span class='ocrx_word' id='word_1_14' title='bbox 1566 519 1597 575; x_wconf 90' lang='lat' dir='ltr'>et</span> <span class='ocrx_word' id='word_1_15' title='bbox 1607 513 1722 575; x_wconf 87' lang='lat' dir='ltr'>similes</span> <span class='ocrx_word' id='word_1_16' title='bbox 1729 514 1868 594; x_wconf 89' lang='lat' dir='ltr'>loquendi</span> 
     </span>
     <span class='ocr_line' id='line_1_3' title="bbox 290 603 1869 684; baseline 0.001 -19"><span class='ocrx_word' id='word_1_17' title='bbox 290 605 324 665; x_wconf 88' lang='lat' dir='ltr'>in</span> <span class='ocrx_word' id='word_1_18' title='bbox 337 605 405 666; x_wconf 78' lang='lat' dir='ltr'>lom</span> <span class='ocrx_word' id='word_1_19' title='bbox 418 604 788 665; x_wconf 82' lang='lat' dir='ltr'>tradidit¹:«Voluntatis</span> <span class='ocrx_word' id='word_1_20' title='bbox 801 603 965 664; x_wconf 80' lang='lat' dir='ltr'>arbitrium</span> <span class='ocrx_word' id='word_1_21' title='bbox 978 622 1053 680; x_wconf 88' lang='lat' dir='ltr'>esse,</span> <span class='ocrx_word' id='word_1_22' title='bbox 1105 603 1254 665; x_wconf 88' lang='lat' dir='ltr'>formulas</span> <span class='ocrx_word' id='word_1_23' title='bbox 1280 604 1468 682; x_wconf 83' lang='lat' dir='ltr'>invenimus,</span> <span class='ocrx_word' id='word_1_24' title='bbox 1489 605 1557 684; x_wconf 87' lang='lat' dir='ltr'>ipsa</span> <span class='ocrx_word' id='word_1_25' title='bbox 1579 605 1670 667; x_wconf 86' lang='lat' dir='ltr'>liberi</span> <span class='ocrx_word' id='word_1_26' title='bbox 1692 605 1813 667; x_wconf 86' lang='lat' dir='ltr'>arbitrii</span> <span class='ocrx_word' id='word_1_27' title='bbox 1836 625 1869 667; x_wconf 87' lang='lat' dir='ltr'>ao</span> 
     </span>
     <span class='ocr_line' id='line_1_4' title="bbox 291 694 1870 777; baseline 0.001 -19"><span class='ocrx_word' id='word_1_28' title='bbox 291 698 374 777; x_wconf 90' lang='lat' dir='ltr'>quod</span> <span class='ocrx_word' id='word_1_29' title='bbox 387 697 459 773; x_wconf 89' lang='lat' dir='ltr'>hue,</span> <span class='ocrx_word' id='word_1_30' title='bbox 471 702 564 775; x_wconf 89' lang='lat' dir='ltr'>atque</span> <span class='ocrx_word' id='word_1_31' title='bbox 577 695 651 756; x_wconf 82' lang='lat' dir='ltr'>ibae</span> <span class='ocrx_word' id='word_1_32' title='bbox 661 695 794 756; x_wconf 86' lang='lat' dir='ltr'>liberum</span> <span class='ocrx_word' id='word_1_33' title='bbox 804 694 947 773; x_wconf 82' lang='lat' dir='ltr'>flectitur,</span> <span class='ocrx_word' id='word_1_34' title='bbox 963 702 1057 774; x_wconf 88' lang='lat' dir='ltr'>atque</span> <span class='ocrx_word' id='word_1_35' title='bbox 1105 694 1254 758; x_wconf 78' lang='lat' dir='ltr'>libertatis</span> <span class='ocrx_word' id='word_1_36' title='bbox 1267 702 1390 772; x_wconf 89' lang='lat' dir='ltr'>natura,</span> <span class='ocrx_word' id='word_1_37' title='bbox 1405 697 1588 776; x_wconf 88' lang='lat' dir='ltr'>proprietas,</span> <span class='ocrx_word' id='word_1_38' title='bbox 1600 704 1632 759; x_wconf 86' lang='lat' dir='ltr'>et</span> <span class='ocrx_word' id='word_1_39' title='bbox 1644 698 1870 760; x_wconf 73' lang='lat' dir='ltr'>ementiadebet</span> 
     </span>
     <span class='ocr_line' id='line_1_5' title="bbox 290 785 1870 870; baseline 0.003 -22"><span class='ocrx_word' id='word_1_40' title='bbox 290 788 386 861; x_wconf 87' lang='lat' dir='ltr'>ineis</span> <span class='ocrx_word' id='word_1_41' title='bbox 406 787 600 848; x_wconf 89' lang='lat' dir='ltr'>naturalibus</span> <span class='ocrx_word' id='word_1_42' title='bbox 616 786 707 847; x_wconf 89' lang='lat' dir='ltr'>bonis</span> <span class='ocrx_word' id='word_1_43' title='bbox 727 791 783 862; x_wconf 90' lang='lat' dir='ltr'>est,</span> <span class='ocrx_word' id='word_1_44' title='bbox 799 786 914 866; x_wconf 89' lang='lat' dir='ltr'>quibus</span> <span class='ocrx_word' id='word_1_45' title='bbox 931 792 962 848; x_wconf 91' lang='lat' dir='ltr'>et</span> <span class='ocrx_word' id='word_1_46' title='bbox 974 786 1056 848; x_wconf 89' lang='lat' dir='ltr'>male</span> <span class='ocrx_word' id='word_1_47' title='bbox 1105 785 1247 866; x_wconf 79' lang='lat' dir='ltr'>intelligi,</span> <span class='ocrx_word' id='word_1_48' title='bbox 1272 806 1343 867; x_wconf 71' lang='lat' dir='ltr'>quar</span> <span class='ocrx_word' id='word_1_49' title='bbox 1364 806 1429 849; x_wconf 91' lang='lat' dir='ltr'>non</span> <span class='ocrx_word' id='word_1_50' title='bbox 1451 788 1491 849; x_wconf 93' lang='lat' dir='ltr'>ad</span> <span class='ocrx_word' id='word_1_51' title='bbox 1511 806 1612 850; x_wconf 91' lang='lat' dir='ltr'>unum</span> <span class='ocrx_word' id='word_1_52' title='bbox 1632 790 1788 853; x_wconf 77' lang='lat' dir='ltr'>duntaxat</span> <span class='ocrx_word' id='word_1_53' title='bbox 1806 797 1870 870; x_wconf 87' lang='lat' dir='ltr'>post</span> 
     </span>
     <span class='ocr_line' id='line_1_6' title="bbox 289 873 1870 959; baseline 0.003 -20"><span class='ocrx_word' id='word_1_54' title='bbox 289 879 336 939; x_wconf 91' lang='lat' dir='ltr'>uti</span> <span class='ocrx_word' id='word_1_55' title='bbox 361 873 579 959; x_wconf 85' lang='lat' dir='ltr'>maluspotest.</span> <span class='ocrx_word' id='word_1_56' title='bbox 609 900 623 937; x_wconf 81' lang='lat' dir='ltr'>o</span> <span class='ocrx_word' id='word_1_57' title='bbox 652 880 754 952; x_wconf 82' lang='lat' dir='ltr'>Quare</span> <span class='ocrx_word' id='word_1_58' title='bbox 787 878 935 938; x_wconf 81' lang='lat' dir='ltr'>naturalis</span> <span class='ocrx_word' id='word_1_59' title='bbox 966 877 1057 938; x_wconf 87' lang='lat' dir='ltr'>liberi</span> <span class='ocrx_word' id='word_1_60' title='bbox 1105 877 1248 955; x_wconf 88' lang='lat' dir='ltr'>alterum,</span> <span class='ocrx_word' id='word_1_61' title='bbox 1273 879 1313 940; x_wconf 93' lang='lat' dir='ltr'>ob</span> <span class='ocrx_word' id='word_1_62' title='bbox 1331 879 1458 941; x_wconf 87' lang='lat' dir='ltr'>insitam</span> <span class='ocrx_word' id='word_1_63' title='bbox 1477 880 1728 957; x_wconf 74' lang='lat' dir='ltr'>mutabilitatem,</span> <span class='ocrx_word' id='word_1_64' title='bbox 1743 880 1870 944; x_wconf 71' lang='lat' dir='ltr'>uuna</span> 
     </span>
     <span class='ocr_line' id='line_1_7' title="bbox 289 969 1870 1052; baseline 0.002 -21"><span class='ocrx_word' id='word_1_65' title='bbox 289 970 407 1031; x_wconf 82' lang='lat' dir='ltr'>arbitrii</span> <span class='ocrx_word' id='word_1_66' title='bbox 416 971 807 1046; x_wconf 79' lang='lat' dir='ltr'>facultasexsehoehabet,</span> <span class='ocrx_word' id='word_1_67' title='bbox 823 970 916 1031; x_wconf 90' lang='lat' dir='ltr'>etiam</span> <span class='ocrx_word' id='word_1_68' title='bbox 925 971 1057 1049; x_wconf 89' lang='lat' dir='ltr'>seposita</span> <span class='ocrx_word' id='word_1_69' title='bbox 1105 969 1211 1049; x_wconf 84' lang='lat' dir='ltr'>possit,</span> <span class='ocrx_word' id='word_1_70' title='bbox 1236 970 1334 1032; x_wconf 82' lang='lat' dir='ltr'>veluti</span> <span class='ocrx_word' id='word_1_71' title='bbox 1358 971 1452 1047; x_wconf 73' lang='lat' dir='ltr'>canu,</span> <span class='ocrx_word' id='word_1_72' title='bbox 1475 990 1513 1032; x_wconf 91' lang='lat' dir='ltr'>eo</span> <span class='ocrx_word' id='word_1_73' title='bbox 1534 972 1666 1051; x_wconf 83' lang='lat' dir='ltr'>abjecto,</span> <span class='ocrx_word' id='word_1_74' title='bbox 1690 972 1870 1052; x_wconf 81' lang='lat' dir='ltr'>quodpriru</span> 
     </span>
     <span class='ocr_line' id='line_1_8' title="bbox 289 1061 1871 1144; baseline 0.001 -20"><span class='ocrx_word' id='word_1_75' title='bbox 289 1063 400 1124; x_wconf 83' lang='lat' dir='ltr'>Christi</span> <span class='ocrx_word' id='word_1_76' title='bbox 412 1063 521 1141; x_wconf 88' lang='lat' dir='ltr'>gratia,</span> <span class='ocrx_word' id='word_1_77' title='bbox 537 1069 573 1124; x_wconf 93' lang='lat' dir='ltr'>ut</span> <span class='ocrx_word' id='word_1_78' title='bbox 590 1063 630 1124; x_wconf 91' lang='lat' dir='ltr'>ad</span> <span class='ocrx_word' id='word_1_79' title='bbox 649 1062 780 1137; x_wconf 87' lang='lat' dir='ltr'>bonum,</span> <span class='ocrx_word' id='word_1_80' title='bbox 796 1062 952 1122; x_wconf 86' lang='lat' dir='ltr'>malumve</span> <span class='ocrx_word' id='word_1_81' title='bbox 964 1061 1056 1122; x_wconf 89' lang='lat' dir='ltr'>indif-</span> <span class='ocrx_word' id='word_1_82' title='bbox 1104 1061 1288 1140; x_wconf 88' lang='lat' dir='ltr'>arripuerat,</span> <span class='ocrx_word' id='word_1_83' title='bbox 1305 1061 1439 1123; x_wconf 86' lang='lat' dir='ltr'>alterum</span> <span class='ocrx_word' id='word_1_84' title='bbox 1452 1063 1589 1142; x_wconf 82' lang='lat' dir='ltr'>appetit3</span> <span class='ocrx_word' id='word_1_85' title='bbox 1603 1063 1659 1125; x_wconf 87' lang='lat' dir='ltr'>sod</span> <span class='ocrx_word' id='word_1_86' title='bbox 1671 1064 1717 1124; x_wconf 88' lang='lat' dir='ltr'>ita</span> <span class='ocrx_word' id='word_1_87' title='bbox 1728 1063 1871 1144; x_wconf 72' lang='lat' dir='ltr'>planant</span> 
     </span>
     <span class='ocr_line' id='line_1_9' title="bbox 288 1151 1870 1235; baseline 0.001 -21"><span class='ocrx_word' id='word_1_88' title='bbox 288 1154 390 1215; x_wconf 86' lang='lat' dir='ltr'>ferens</span> <span class='ocrx_word' id='word_1_89' title='bbox 403 1155 452 1229; x_wconf 90' lang='lat' dir='ltr'>sit,</span> <span class='ocrx_word' id='word_1_90' title='bbox 462 1159 493 1215; x_wconf 91' lang='lat' dir='ltr'>et</span> <span class='ocrx_word' id='word_1_91' title='bbox 506 1154 572 1229; x_wconf 83' lang='lat' dir='ltr'>Aue,</span> <span class='ocrx_word' id='word_1_92' title='bbox 582 1161 637 1214; x_wconf 83' lang='lat' dir='ltr'>aut</span> <span class='ocrx_word' id='word_1_93' title='bbox 648 1153 724 1214; x_wconf 86' lang='lat' dir='ltr'>illuc</span> <span class='ocrx_word' id='word_1_94' title='bbox 729 1151 812 1232; x_wconf 75' lang='lat' dir='ltr'>[teeti</span> <span class='ocrx_word' id='word_1_95' title='bbox 817 1154 925 1233; x_wconf 78' lang='lat' dir='ltr'>possit,</span> <span class='ocrx_word' id='word_1_96' title='bbox 934 1153 1057 1214; x_wconf 83' lang='lat' dir='ltr'>tametsi</span> <span class='ocrx_word' id='word_1_97' title='bbox 1105 1152 1183 1214; x_wconf 89' lang='lat' dir='ltr'>dum</span> <span class='ocrx_word' id='word_1_98' title='bbox 1193 1154 1356 1227; x_wconf 86' lang='lat' dir='ltr'>consultat,</span> <span class='ocrx_word' id='word_1_99' title='bbox 1369 1172 1405 1215; x_wconf 90' lang='lat' dir='ltr'>ae</span> <span class='ocrx_word' id='word_1_100' title='bbox 1415 1154 1566 1217; x_wconf 87' lang='lat' dir='ltr'>deliberat</span> <span class='ocrx_word' id='word_1_101' title='bbox 1579 1162 1686 1218; x_wconf 77' lang='lat' dir='ltr'>etnim</span> <span class='ocrx_word' id='word_1_102' title='bbox 1700 1156 1799 1235; x_wconf 90' lang='lat' dir='ltr'>eligat</span> <span class='ocrx_word' id='word_1_103' title='bbox 1808 1173 1870 1216; x_wconf 90' lang='lat' dir='ltr'>am-</span> 
     </span>
     <span class='ocr_line' id='line_1_10' title="bbox 288 1243 1870 1326; baseline 0.002 -20"><span class='ocrx_word' id='word_1_104' title='bbox 288 1246 408 1306; x_wconf 92' lang='lat' dir='ltr'>bonum</span> <span class='ocrx_word' id='word_1_105' title='bbox 421 1247 487 1306; x_wconf 90' lang='lat' dir='ltr'>sine</span> <span class='ocrx_word' id='word_1_106' title='bbox 499 1245 553 1306; x_wconf 90' lang='lat' dir='ltr'>illa</span> <span class='ocrx_word' id='word_1_107' title='bbox 565 1246 674 1323; x_wconf 88' lang='lat' dir='ltr'>gratia,</span> <span class='ocrx_word' id='word_1_108' title='bbox 683 1245 792 1305; x_wconf 89' lang='lat' dir='ltr'>saltem</span> <span class='ocrx_word' id='word_1_109' title='bbox 801 1251 856 1305; x_wconf 89' lang='lat' dir='ltr'>aut</span> <span class='ocrx_word' id='word_1_110' title='bbox 868 1250 1055 1322; x_wconf 82' lang='lat' dir='ltr'>constanter,</span> <span class='ocrx_word' id='word_1_111' title='bbox 1104 1243 1228 1315; x_wconf 90' lang='lat' dir='ltr'>borum,</span> <span class='ocrx_word' id='word_1_112' title='bbox 1244 1245 1391 1306; x_wconf 82' lang='lat' dir='ltr'>utriusvis</span> <span class='ocrx_word' id='word_1_113' title='bbox 1404 1246 1530 1325; x_wconf 88' lang='lat' dir='ltr'>optandi</span> <span class='ocrx_word' id='word_1_114' title='bbox 1544 1246 1674 1308; x_wconf 88' lang='lat' dir='ltr'>liberam</span> <span class='ocrx_word' id='word_1_115' title='bbox 1687 1254 1870 1326; x_wconf 85' lang='lat' dir='ltr'>potestatem</span> 
     </span>
     <span class='ocr_line' id='line_1_11' title="bbox 287 1334 1869 1427; baseline 0.001 -30"><span class='ocrx_word' id='word_1_116' title='bbox 287 1343 343 1398; x_wconf 89' lang='lat' dir='ltr'>aut</span> <span class='ocrx_word' id='word_1_117' title='bbox 357 1338 396 1399; x_wconf 91' lang='lat' dir='ltr'>ad</span> <span class='ocrx_word' id='word_1_118' title='bbox 405 1342 553 1398; x_wconf 86' lang='lat' dir='ltr'>aeternam</span> <span class='ocrx_word' id='word_1_119' title='bbox 572 1339 669 1397; x_wconf 84' lang='lat' dir='ltr'>vitam</span> <span class='ocrx_word' id='word_1_120' title='bbox 694 1337 861 1415; x_wconf 87' lang='lat' dir='ltr'>pertinens,</span> <span class='ocrx_word' id='word_1_121' title='bbox 886 1355 951 1396; x_wconf 91' lang='lat' dir='ltr'>non</span> <span class='ocrx_word' id='word_1_122' title='bbox 963 1334 1058 1417; x_wconf 89' lang='lat' dir='ltr'>possit</span> <span class='ocrx_word' id='word_1_123' title='bbox 1104 1335 1227 1427; x_wconf 74' lang='lat' dir='ltr'>habeat.</span> <span class='ocrx_word' id='word_1_124' title='bbox 1257 1338 1331 1398; x_wconf 89' lang='lat' dir='ltr'>Haec</span> <span class='ocrx_word' id='word_1_125' title='bbox 1361 1343 1407 1398; x_wconf 87' lang='lat' dir='ltr'>est</span> <span class='ocrx_word' id='word_1_126' title='bbox 1438 1337 1506 1417; x_wconf 87' lang='lat' dir='ltr'>ipsa</span> <span class='ocrx_word' id='word_1_127' title='bbox 1538 1337 1648 1413; x_wconf 88' lang='lat' dir='ltr'>libera,</span> <span class='ocrx_word' id='word_1_128' title='bbox 1680 1338 1869 1413; x_wconf 82' lang='lat' dir='ltr'>indifferens,</span> 
     </span>
     <span class='ocr_line' id='line_1_12' title="bbox 288 1427 1873 1509; baseline 0.001 -20"><span class='ocrx_word' id='word_1_129' title='bbox 288 1427 1058 1508; x_wconf 79' lang='lat' dir='ltr'>eligereQuamquidemmedium.indifferentem·</span> <span class='ocrx_word' id='word_1_130' title='bbox 1104 1427 1293 1490; x_wconf 83' lang='lat' dir='ltr'>necessitatis</span> <span class='ocrx_word' id='word_1_131' title='bbox 1308 1445 1427 1508; x_wconf 87' lang='lat' dir='ltr'>expers,</span> <span class='ocrx_word' id='word_1_132' title='bbox 1452 1428 1608 1508; x_wconf 81' lang='lat' dir='ltr'>suijuris,</span> <span class='ocrx_word' id='word_1_133' title='bbox 1633 1429 1740 1491; x_wconf 87' lang='lat' dir='ltr'>neutri</span> <span class='ocrx_word' id='word_1_134' title='bbox 1752 1430 1873 1509; x_wconf 86' lang='lat' dir='ltr'>alligate</span> 
     </span>
     <span class='ocr_line' id='line_1_13' title="bbox 288 1518 1873 1600; baseline 0.002 -19"><span class='ocrx_word' id='word_1_135' title='bbox 288 1539 348 1600; x_wconf 90' lang='lat' dir='ltr'>que</span> <span class='ocrx_word' id='word_1_136' title='bbox 362 1525 477 1582; x_wconf 88' lang='lat' dir='ltr'>statum</span> <span class='ocrx_word' id='word_1_137' title='bbox 488 1521 680 1596; x_wconf 81' lang='lat' dir='ltr'>Augustinus</span> <span class='ocrx_word' id='word_1_138' title='bbox 692 1520 776 1580; x_wconf 90' lang='lat' dir='ltr'>idem</span> <span class='ocrx_word' id='word_1_139' title='bbox 785 1519 818 1579; x_wconf 91' lang='lat' dir='ltr'>in</span> <span class='ocrx_word' id='word_1_140' title='bbox 831 1520 932 1600; x_wconf 90' lang='lat' dir='ltr'>primo</span> <span class='ocrx_word' id='word_1_141' title='bbox 941 1518 976 1580; x_wconf 85' lang='lat' dir='ltr'>de</span> <span class='ocrx_word' id='word_1_142' title='bbox 989 1539 1058 1600; x_wconf 74' lang='lat' dir='ltr'>pru·</span> <span class='ocrx_word' id='word_1_143' title='bbox 1105 1519 1276 1580; x_wconf 83' lang='lat' dir='ltr'>necessario</span> <span class='ocrx_word' id='word_1_144' title='bbox 1289 1520 1416 1581; x_wconf 68' lang='lat' dir='ltr'>boullae</span> <span class='ocrx_word' id='word_1_145' title='bbox 1424 1519 1611 1595; x_wconf 90' lang='lat' dir='ltr'>hominis,et</span> <span class='ocrx_word' id='word_1_146' title='bbox 1621 1522 1795 1584; x_wconf 79' lang='lat' dir='ltr'>abnaturae</span> <span class='ocrx_word' id='word_1_147' title='bbox 1806 1541 1873 1583; x_wconf 88' lang='lat' dir='ltr'>auc·</span> 
     </span>
     <span class='ocr_line' id='line_1_14' title="bbox 287 1610 1872 1693; baseline 0.001 -20"><span class='ocrx_word' id='word_1_148' title='bbox 287 1613 328 1673; x_wconf 85' lang='lat' dir='ltr'>tie</span> <span class='ocrx_word' id='word_1_149' title='bbox 345 1612 475 1689; x_wconf 77' lang='lat' dir='ltr'>Christi,</span> <span class='ocrx_word' id='word_1_150' title='bbox 501 1613 600 1692; x_wconf 90' lang='lat' dir='ltr'>eapite</span> <span class='ocrx_word' id='word_1_151' title='bbox 626 1630 688 1672; x_wconf 78' lang='lat' dir='ltr'>xxv</span> <span class='ocrx_word' id='word_1_152' title='bbox 709 1618 791 1672; x_wconf 91' lang='lat' dir='ltr'>reete</span> <span class='ocrx_word' id='word_1_153' title='bbox 819 1612 962 1692; x_wconf 83' lang='lat' dir='ltr'>explieat,</span> <span class='ocrx_word' id='word_1_154' title='bbox 984 1629 1057 1672; x_wconf 92' lang='lat' dir='ltr'>cum</span> <span class='ocrx_word' id='word_1_155' title='bbox 1105 1616 1172 1671; x_wconf 89' lang='lat' dir='ltr'>tore</span> <span class='ocrx_word' id='word_1_156' title='bbox 1184 1610 1307 1671; x_wconf 89' lang='lat' dir='ltr'>homini</span> <span class='ocrx_word' id='word_1_157' title='bbox 1328 1612 1432 1689; x_wconf 87' lang='lat' dir='ltr'>insita,</span> <span class='ocrx_word' id='word_1_158' title='bbox 1451 1618 1688 1692; x_wconf 90' lang='lat' dir='ltr'>propterquam</span> <span class='ocrx_word' id='word_1_159' title='bbox 1706 1614 1750 1675; x_wconf 90' lang='lat' dir='ltr'>ad</span> <span class='ocrx_word' id='word_1_160' title='bbox 1767 1614 1872 1693; x_wconf 85' lang='lat' dir='ltr'>imagi·</span> 
     </span>
     <span class='ocr_line' id='line_1_15' title="bbox 287 1701 1871 1784; baseline 0 -18"><span class='ocrx_word' id='word_1_161' title='bbox 287 1704 340 1781; x_wconf 92' lang='lat' dir='ltr'>ait,</span> <span class='ocrx_word' id='word_1_162' title='bbox 359 1704 484 1765; x_wconf 76' lang='lat' dir='ltr'>«mutto</span> <span class='ocrx_word' id='word_1_163' title='bbox 494 1704 594 1783; x_wconf 72' lang='lat' dir='ltr'>miq&#39;us</span> <span class='ocrx_word' id='word_1_164' title='bbox 607 1721 673 1765; x_wconf 85' lang='lat' dir='ltr'>esse</span> <span class='ocrx_word' id='word_1_165' title='bbox 690 1702 936 1782; x_wconf 83' lang='lat' dir='ltr'>indignationem</span> <span class='ocrx_word' id='word_1_166' title='bbox 950 1722 1055 1765; x_wconf 84' lang='lat' dir='ltr'>acon-</span> <span class='ocrx_word' id='word_1_167' title='bbox 1104 1719 1178 1764; x_wconf 91' lang='lat' dir='ltr'>nem</span> <span class='ocrx_word' id='word_1_168' title='bbox 1193 1701 1249 1763; x_wconf 85' lang='lat' dir='ltr'>Dei</span> <span class='ocrx_word' id='word_1_169' title='bbox 1262 1709 1441 1782; x_wconf 75' lang='lat' dir='ltr'>proeresius</span> <span class='ocrx_word' id='word_1_170' title='bbox 1454 1722 1471 1764; x_wconf 89' lang='lat' dir='ltr'>a</span> <span class='ocrx_word' id='word_1_171' title='bbox 1484 1704 1639 1784; x_wconf 89' lang='lat' dir='ltr'>plerisque</span> <span class='ocrx_word' id='word_1_172' title='bbox 1655 1704 1803 1767; x_wconf 87' lang='lat' dir='ltr'>Patribus</span> <span class='ocrx_word' id='word_1_173' title='bbox 1812 1705 1871 1766; x_wconf 81' lang='lat' dir='ltr'>exi-</span> 
     </span>
     <span class='ocr_line' id='line_1_16' title="bbox 288 1794 1874 1875; baseline 0.001 -18"><span class='ocrx_word' id='word_1_174' title='bbox 288 1796 382 1857; x_wconf 88' lang='lat' dir='ltr'>trario</span> <span class='ocrx_word' id='word_1_175' title='bbox 399 1796 433 1856; x_wconf 94' lang='lat' dir='ltr'>in</span> <span class='ocrx_word' id='word_1_176' title='bbox 455 1796 615 1857; x_wconf 85' lang='lat' dir='ltr'>lenitatem</span> <span class='ocrx_word' id='word_1_177' title='bbox 638 1804 829 1872; x_wconf 84' lang='lat' dir='ltr'>convertere,</span> <span class='ocrx_word' id='word_1_178' title='bbox 848 1800 941 1875; x_wconf 90' lang='lat' dir='ltr'>atque</span> <span class='ocrx_word' id='word_1_179' title='bbox 954 1800 1055 1856; x_wconf 91' lang='lat' dir='ltr'>trans-</span> <span class='ocrx_word' id='word_1_180' title='bbox 1105 1794 1259 1856; x_wconf 88' lang='lat' dir='ltr'>stimatur.</span> <span class='ocrx_word' id='word_1_181' title='bbox 1275 1795 1363 1855; x_wconf 89' lang='lat' dir='ltr'>Hanc</span> <span class='ocrx_word' id='word_1_182' title='bbox 1377 1795 1492 1856; x_wconf 86' lang='lat' dir='ltr'>frustra</span> <span class='ocrx_word' id='word_1_183' title='bbox 1507 1796 1700 1874; x_wconf 84' lang='lat' dir='ltr'>minuere,at</span> <span class='ocrx_word' id='word_1_184' title='bbox 1713 1797 1874 1859; x_wconf 82' lang='lat' dir='ltr'>obscurare</span> 
     </span>
     <span class='ocr_line' id='line_1_17' title="bbox 286 1885 1873 1969; baseline 0.002 -22"><span class='ocrx_word' id='word_1_185' title='bbox 286 1887 480 1967; x_wconf 72' lang='lat' dir='ltr'>famaquam</span> <span class='ocrx_word' id='word_1_186' title='bbox 493 1905 546 1948; x_wconf 89' lang='lat' dir='ltr'>eor</span> <span class='ocrx_word' id='word_1_187' title='bbox 560 1892 672 1948; x_wconf 88' lang='lat' dir='ltr'>neutra</span> <span class='ocrx_word' id='word_1_188' title='bbox 685 1885 846 1947; x_wconf 85' lang='lat' dir='ltr'>affectione</span> <span class='ocrx_word' id='word_1_189' title='bbox 859 1904 1056 1966; x_wconf 86' lang='lat' dir='ltr'>praeoecupa·</span> <span class='ocrx_word' id='word_1_190' title='bbox 1105 1892 1258 1947; x_wconf 90' lang='lat' dir='ltr'>conantur</span> <span class='ocrx_word' id='word_1_191' title='bbox 1266 1885 1478 1963; x_wconf 89' lang='lat' dir='ltr'>illiberalibus,</span> <span class='ocrx_word' id='word_1_192' title='bbox 1492 1886 1685 1968; x_wconf 78' lang='lat' dir='ltr'>indoctisque</span> <span class='ocrx_word' id='word_1_193' title='bbox 1698 1890 1873 1969; x_wconf 72' lang='lat' dir='ltr'>prestigiis,</span> 
     </span>
     <span class='ocr_line' id='line_1_18' title="bbox 287 1976 1467 2058; baseline 0.001 -19"><span class='ocrx_word' id='word_1_194' title='bbox 287 1984 367 2053; x_wconf 90' lang='lat' dir='ltr'>tum,</span> <span class='ocrx_word' id='word_1_195' title='bbox 383 1980 438 2040; x_wconf 87' lang='lat' dir='ltr'>sed</span> <span class='ocrx_word' id='word_1_196' title='bbox 451 1979 534 2041; x_wconf 82' lang='lat' dir='ltr'>inter</span> <span class='ocrx_word' id='word_1_197' title='bbox 545 1985 710 2056; x_wconf 90' lang='lat' dir='ltr'>utramque</span> <span class='ocrx_word' id='word_1_198' title='bbox 724 1977 873 2053; x_wconf 73' lang='lat' dir='ltr'>medinm,</span> <span class='ocrx_word' id='word_1_199' title='bbox 893 1978 928 2039; x_wconf 92' lang='lat' dir='ltr'>in</span> <span class='ocrx_word' id='word_1_200' title='bbox 940 1978 1058 2058; x_wconf 89' lang='lat' dir='ltr'>aliquid</span> <span class='ocrx_word' id='word_1_201' title='bbox 1106 1981 1137 2037; x_wconf 88' lang='lat' dir='ltr'>et</span> <span class='ocrx_word' id='word_1_202' title='bbox 1151 1976 1313 2038; x_wconf 83' lang='lat' dir='ltr'>calumniis</span> <span class='ocrx_word' id='word_1_203' title='bbox 1319 1977 1467 2057; x_wconf 85' lang='lat' dir='ltr'>imperiti.</span> 
     </span>
     <span class='ocr_line' id='line_1_19' title="bbox 287 2071 452 2133; baseline -0.018 0"><span class='ocrx_word' id='word_1_204' title='bbox 287 2071 452 2133; x_wconf 82' lang='lat' dir='ltr'>declinare.</span> 
     </span>
    </p>

    <p class='ocr_par' dir='ltr' id='par_1_3' title="bbox 222 2161 1877 4906">
     <span class='ocr_line' id='line_1_20' title="bbox 327 2161 1057 2241; baseline 0.001 -19"><span class='ocrx_word' id='word_1_205' title='bbox 327 2163 386 2222; x_wconf 89' lang='lat' dir='ltr'>IX.</span> <span class='ocrx_word' id='word_1_206' title='bbox 401 2162 502 2241; x_wconf 84' lang='lat' dir='ltr'>Atque</span> <span class='ocrx_word' id='word_1_207' title='bbox 515 2161 566 2222; x_wconf 85' lang='lat' dir='ltr'>trie</span> <span class='ocrx_word' id='word_1_208' title='bbox 581 2162 707 2241; x_wconf 89' lang='lat' dir='ltr'>quidem</span> <span class='ocrx_word' id='word_1_209' title='bbox 728 2162 815 2223; x_wconf 92' lang='lat' dir='ltr'>loeus</span> <span class='ocrx_word' id='word_1_210' title='bbox 837 2161 984 2222; x_wconf 85' lang='lat' dir='ltr'>adversus</span> <span class='ocrx_word' id='word_1_211' title='bbox 999 2181 1057 2223; x_wconf 90' lang='lat' dir='ltr'>no·</span> 
     </span>
     <span class='ocr_line' id='line_1_21' title="bbox 222 2253 1057 2332; baseline 0 -18"><span class='ocrx_word' id='word_1_212' title='bbox 222 2258 227 2265; x_wconf 91' lang='lat'>&#39;</span> <span class='ocrx_word' id='word_1_213' title='bbox 287 2271 359 2314; x_wconf 90' lang='lat' dir='ltr'>vam</span> <span class='ocrx_word' id='word_1_214' title='bbox 366 2254 516 2314; x_wconf 84' lang='lat' dir='ltr'>libertatis</span> <span class='ocrx_word' id='word_1_215' title='bbox 529 2253 815 2332; x_wconf 89' lang='lat' dir='ltr'>calumniamplane</span> <span class='ocrx_word' id='word_1_216' title='bbox 827 2253 990 2331; x_wconf 90' lang='lat' dir='ltr'>singularis</span> <span class='ocrx_word' id='word_1_217' title='bbox 999 2260 1057 2331; x_wconf 86' lang='lat' dir='ltr'>est,</span> 
     </span>
     <span class='ocr_line' id='line_1_22' title="bbox 288 2311 1675 2425; baseline 0 -19"><span class='ocrx_word' id='word_1_218' title='bbox 288 2345 452 2425; x_wconf 84' lang='lat' dir='ltr'>siquidem,</span> <span class='ocrx_word' id='word_1_219' title='bbox 469 2363 505 2405; x_wconf 90' lang='lat' dir='ltr'>eo</span> <span class='ocrx_word' id='word_1_220' title='bbox 526 2345 592 2424; x_wconf 88' lang='lat' dir='ltr'>ipso</span> <span class='ocrx_word' id='word_1_221' title='bbox 607 2361 761 2418; x_wconf 87' lang='lat' dir='ltr'>concesso,</span> <span class='ocrx_word' id='word_1_222' title='bbox 778 2344 862 2423; x_wconf 91' lang='lat' dir='ltr'>quod</span> <span class='ocrx_word' id='word_1_223' title='bbox 882 2363 921 2406; x_wconf 83' lang='lat' dir='ltr'>ex</span> <span class='ocrx_word' id='word_1_224' title='bbox 938 2346 1059 2424; x_wconf 89' lang='lat' dir='ltr'>Augus·</span> <span class='ocrx_word' id='word_1_225' title='bbox 1320 2311 1436 2394; x_wconf 74' lang='lat' dir='ltr'>CAP</span> <span class='ocrx_word' id='word_1_226' title='bbox 1449 2313 1524 2396; x_wconf 81' lang='lat' dir='ltr'>UT</span> <span class='ocrx_word' id='word_1_227' title='bbox 1579 2316 1675 2399; x_wconf 74' lang='lat' dir='ltr'>Vll·</span> 
     </span>
     <span class='ocr_line' id='line_1_23' title="bbox 287 2433 1059 2514; baseline 0 -17"><span class='ocrx_word' id='word_1_228' title='bbox 287 2436 354 2497; x_wconf 88' lang='lat' dir='ltr'>tino</span> <span class='ocrx_word' id='word_1_229' title='bbox 373 2436 530 2512; x_wconf 80' lang='lat' dir='ltr'>Calvinus,</span> <span class='ocrx_word' id='word_1_230' title='bbox 553 2435 753 2514; x_wconf 84' lang='lat' dir='ltr'>haeretieiqne</span> <span class='ocrx_word' id='word_1_231' title='bbox 768 2433 882 2511; x_wconf 86' lang='lat' dir='ltr'>oaeteri,</span> <span class='ocrx_word' id='word_1_232' title='bbox 900 2436 1059 2497; x_wconf 88' lang='lat' dir='ltr'>ethorum</span> 
     </span>
     <span class='ocr_line' id='line_1_24' title="bbox 288 2527 1059 2596; baseline -0.001 -7"><span class='ocrx_word' id='word_1_233' title='bbox 288 2529 432 2589; x_wconf 81' lang='lat' dir='ltr'>satellites</span> <span class='ocrx_word' id='word_1_234' title='bbox 449 2528 610 2589; x_wconf 87' lang='lat' dir='ltr'>Armaeani</span> <span class='ocrx_word' id='word_1_235' title='bbox 620 2527 826 2596; x_wconf 86' lang='lat' dir='ltr'>contendunt,</span> <span class='ocrx_word' id='word_1_236' title='bbox 832 2527 967 2589; x_wconf 90' lang='lat' dir='ltr'>liberum</span> <span class='ocrx_word' id='word_1_237' title='bbox 980 2528 1059 2589; x_wconf 91' lang='lat' dir='ltr'>arbi-</span> 
     </span>
     <span class='ocr_line' id='line_1_25' title="bbox 287 2611 1876 2699; baseline 0.001 -20"><span class='ocrx_word' id='word_1_238' title='bbox 287 2620 385 2680; x_wconf 90' lang='lat' dir='ltr'>trium</span> <span class='ocrx_word' id='word_1_239' title='bbox 405 2619 439 2679; x_wconf 92' lang='lat' dir='ltr'>in</span> <span class='ocrx_word' id='word_1_240' title='bbox 461 2619 526 2679; x_wconf 90' lang='lat' dir='ltr'>solo</span> <span class='ocrx_word' id='word_1_241' title='bbox 543 2619 638 2680; x_wconf 86' lang='lat' dir='ltr'>fuisse</span> <span class='ocrx_word' id='word_1_242' title='bbox 656 2619 758 2697; x_wconf 92' lang='lat' dir='ltr'>primo</span> <span class='ocrx_word' id='word_1_243' title='bbox 779 2623 921 2697; x_wconf 88' lang='lat' dir='ltr'>parente,</span> <span class='ocrx_word' id='word_1_244' title='bbox 944 2620 978 2679; x_wconf 92' lang='lat' dir='ltr'>in</span> <span class='ocrx_word' id='word_1_245' title='bbox 992 2621 1059 2699; x_wconf 74' lang='lat' dir='ltr'>eJ&#39;us</span> <span class='ocrx_word' id='word_1_246' title='bbox 1111 2611 1533 2692; x_wconf 68' lang='lat' dir='ltr'>deliberom&#39;bitriediversa,</span> <span class='ocrx_word' id='word_1_247' title='bbox 1547 2624 1576 2678; x_wconf 85' lang='lat' dir='ltr'>et</span> <span class='ocrx_word' id='word_1_248' title='bbox 1589 2617 1755 2698; x_wconf 79' lang='lat' dir='ltr'>inspeciem</span> <span class='ocrx_word' id='word_1_249' title='bbox 1769 2630 1876 2681; x_wconf 80' lang='lat' dir='ltr'>eontra-</span> 
     </span>
     <span class='ocr_line' id='line_1_26' title="bbox 287 2695 1876 2791; baseline -0.001 -19"><span class='ocrx_word' id='word_1_250' title='bbox 287 2711 417 2791; x_wconf 85' lang='lat' dir='ltr'>posteris</span> <span class='ocrx_word' id='word_1_251' title='bbox 426 2709 563 2789; x_wconf 87' lang='lat' dir='ltr'>periisse,</span> <span class='ocrx_word' id='word_1_252' title='bbox 576 2710 614 2771; x_wconf 90' lang='lat' dir='ltr'>de</span> <span class='ocrx_word' id='word_1_253' title='bbox 628 2729 690 2789; x_wconf 91' lang='lat' dir='ltr'>quo</span> <span class='ocrx_word' id='word_1_254' title='bbox 700 2728 774 2770; x_wconf 82' lang='lat' dir='ltr'>mox</span> <span class='ocrx_word' id='word_1_255' title='bbox 787 2710 912 2786; x_wconf 86' lang='lat' dir='ltr'>videro;</span> <span class='ocrx_word' id='word_1_256' title='bbox 928 2710 998 2787; x_wconf 89' lang='lat' dir='ltr'>boe,</span> <span class='ocrx_word' id='word_1_257' title='bbox 1013 2711 1059 2773; x_wconf 91' lang='lat' dir='ltr'>in·</span> <span class='ocrx_word' id='word_1_258' title='bbox 1147 2704 1194 2764; x_wconf 75' lang='lat' dir='ltr'>rio</span> <span class='ocrx_word' id='word_1_259' title='bbox 1207 2695 1371 2783; x_wconf 69' lang='lat' dir='ltr'>Anquttt&#39;oi</span> <span class='ocrx_word' id='word_1_260' title='bbox 1381 2705 1484 2783; x_wconf 81' lang='lat' dir='ltr'>diote;</span> <span class='ocrx_word' id='word_1_261' title='bbox 1498 2715 1530 2768; x_wconf 82' lang='grc' dir='ltr'>ιιι</span> <span class='ocrx_word' id='word_1_262' title='bbox 1546 2710 1633 2770; x_wconf 81' lang='lat' dir='ltr'>modo</span> <span class='ocrx_word' id='word_1_263' title='bbox 1648 2717 1713 2789; x_wconf 81' lang='lat' dir='ltr'>post</span> <span class='ocrx_word' id='word_1_264' title='bbox 1727 2717 1876 2791; x_wconf 79' lang='lat' dir='ltr'>peceatum</span> 
     </span>
     <span class='ocr_line' id='line_1_27' title="bbox 288 2794 1874 2883; baseline 0.001 -18"><span class='ocrx_word' id='word_1_265' title='bbox 288 2821 394 2883; x_wconf 91' lang='lat' dir='ltr'>quam,</span> <span class='ocrx_word' id='word_1_266' title='bbox 416 2802 483 2863; x_wconf 89' lang='lat' dir='ltr'>sine</span> <span class='ocrx_word' id='word_1_267' title='bbox 499 2801 709 2863; x_wconf 80' lang='lat' dir='ltr'>controversia</span> <span class='ocrx_word' id='word_1_268' title='bbox 723 2801 884 2881; x_wconf 87' lang='lat' dir='ltr'>permisso,</span> <span class='ocrx_word' id='word_1_269' title='bbox 900 2802 1059 2863; x_wconf 90' lang='lat' dir='ltr'>nihilomi·</span> <span class='ocrx_word' id='word_1_270' title='bbox 1150 2794 1341 2868; x_wconf 75' lang='lat' dir='ltr'>inerramodo</span> <span class='ocrx_word' id='word_1_271' title='bbox 1356 2797 1583 2877; x_wconf 66' lang='lat' dir='ltr'>pertaedeat.</span> <span class='ocrx_word' id='word_1_272' title='bbox 1607 2801 1663 2861; x_wconf 70' lang='lat' dir='ltr'>Ex</span> <span class='ocrx_word' id='word_1_273' title='bbox 1680 2820 1739 2881; x_wconf 80' lang='lat' dir='ltr'>quo</span> <span class='ocrx_word' id='word_1_274' title='bbox 1766 2801 1874 2883; x_wconf 68' lang='lat' dir='ltr'>duplex</span> 
     </span>
     <span class='ocr_line' id='line_1_28' title="bbox 288 2886 1875 2973; baseline -0.001 -16"><span class='ocrx_word' id='word_1_275' title='bbox 288 2914 347 2957; x_wconf 89' lang='lat' dir='ltr'>nus</span> <span class='ocrx_word' id='word_1_276' title='bbox 361 2895 392 2956; x_wconf 91' lang='lat' dir='ltr'>id</span> <span class='ocrx_word' id='word_1_277' title='bbox 404 2894 546 2969; x_wconf 89' lang='lat' dir='ltr'>efficitur,</span> <span class='ocrx_word' id='word_1_278' title='bbox 562 2894 648 2973; x_wconf 92' lang='lat' dir='ltr'>quod</span> <span class='ocrx_word' id='word_1_279' title='bbox 661 2893 824 2954; x_wconf 78' lang='lat' dir='ltr'>uolumus:</span> <span class='ocrx_word' id='word_1_280' title='bbox 839 2893 929 2955; x_wconf 89' lang='lat' dir='ltr'>liberi</span> <span class='ocrx_word' id='word_1_281' title='bbox 938 2894 1058 2955; x_wconf 89' lang='lat' dir='ltr'>arbitrii</span> <span class='ocrx_word' id='word_1_282' title='bbox 1147 2886 1230 2947; x_wconf 71' lang='lat' dir='ltr'>nolio</span> <span class='ocrx_word' id='word_1_283' title='bbox 1241 2886 1327 2957; x_wconf 72' lang='lat' dir='ltr'>liberi</span> <span class='ocrx_word' id='word_1_284' title='bbox 1338 2887 1505 2969; x_wconf 63' lang='lat' dir='ltr'>colluitur.</span> <span class='ocrx_word' id='word_1_285' title='bbox 1525 2889 1604 2966; x_wconf 81' lang='lat' dir='ltr'>Quid</span> <span class='ocrx_word' id='word_1_286' title='bbox 1618 2896 1659 2952; x_wconf 83' lang='lat' dir='ltr'>rit</span> <span class='ocrx_word' id='word_1_287' title='bbox 1681 2892 1813 2955; x_wconf 71' lang='lat' dir='ltr'>liberum</span> <span class='ocrx_word' id='word_1_288' title='bbox 1825 2913 1875 2956; x_wconf 83' lang='lat' dir='ltr'>esse</span> 
     </span>
     <span class='ocr_line' id='line_1_29' title="bbox 288 2978 1877 3064; baseline 0.002 -14"><span class='ocrx_word' id='word_1_289' title='bbox 288 2987 449 3050; x_wconf 90' lang='lat' dir='ltr'>notionem</span> <span class='ocrx_word' id='word_1_290' title='bbox 462 2985 996 3064; x_wconf 88' lang='lat' dir='ltr'>haneesse,utnonunialligatum</span> <span class='ocrx_word' id='word_1_291' title='bbox 1006 2987 1056 3060; x_wconf 85' lang='lat' dir='ltr'>sit,</span> <span class='ocrx_word' id='word_1_292' title='bbox 1141 2978 1297 3056; x_wconf 64' lang='grc' dir='ltr'>ιἰιιΐὶὶίιιῐ</span> <span class='ocrx_word' id='word_1_293' title='bbox 1324 2979 1461 3054; x_wconf 49' lang='lat' dir='ltr'>tertiive</span> <span class='ocrx_word' id='word_1_294' title='bbox 1497 2989 1526 3042; x_wconf 73' lang='grc' dir='ltr'>θΐ</span> <span class='ocrx_word' id='word_1_295' title='bbox 1556 2983 1715 3064; x_wconf 62' lang='lat' dir='ltr'>captivitat</span> <span class='ocrx_word' id='word_1_296' title='bbox 1748 2984 1877 3047; x_wconf 72' lang='lat' dir='ltr'>libertati</span> 
     </span>
     <span class='ocr_line' id='line_1_30' title="bbox 287 3069 1873 3158; baseline -0.001 -18"><span class='ocrx_word' id='word_1_297' title='bbox 287 3080 343 3140; x_wconf 87' lang='lat' dir='ltr'>sed</span> <span class='ocrx_word' id='word_1_298' title='bbox 355 3079 395 3140; x_wconf 90' lang='lat' dir='ltr'>ad</span> <span class='ocrx_word' id='word_1_299' title='bbox 408 3080 499 3158; x_wconf 90' lang='lat' dir='ltr'>plura</span> <span class='ocrx_word' id='word_1_300' title='bbox 512 3077 656 3153; x_wconf 88' lang='lat' dir='ltr'>solutam,</span> <span class='ocrx_word' id='word_1_301' title='bbox 673 3081 704 3136; x_wconf 86' lang='lat' dir='ltr'>et</span> <span class='ocrx_word' id='word_1_302' title='bbox 717 3076 947 3138; x_wconf 89' lang='lat' dir='ltr'>indifferentem</span> <span class='ocrx_word' id='word_1_303' title='bbox 960 3083 1060 3157; x_wconf 88' lang='lat' dir='ltr'>potes·</span> <span class='ocrx_word' id='word_1_304' title='bbox 1148 3069 1289 3150; x_wconf 64' lang='lat' dir='ltr'>Opposita·</span> <span class='ocrx_word' id='word_1_305' title='bbox 1306 3069 1447 3133; x_wconf 62' lang='lat' dir='ltr'>filtrum</span> <span class='ocrx_word' id='word_1_306' title='bbox 1461 3071 1632 3147; x_wconf 67' lang='lat' dir='ltr'>arbitrium,</span> <span class='ocrx_word' id='word_1_307' title='bbox 1654 3085 1801 3156; x_wconf 65' lang='lat' dir='ltr'>quatenus</span> <span class='ocrx_word' id='word_1_308' title='bbox 1822 3098 1873 3139; x_wconf 85' lang='lat' dir='ltr'>aa·</span> 
     </span>
     <span class='ocr_line' id='line_1_31' title="bbox 289 3160 1875 3259; baseline 0.001 -27"><span class='ocrx_word' id='word_1_309' title='bbox 289 3178 385 3232; x_wconf 87' lang='lat' dir='ltr'>tatem</span> <span class='ocrx_word' id='word_1_310' title='bbox 408 3169 554 3230; x_wconf 89' lang='lat' dir='ltr'>obtineat.</span> <span class='ocrx_word' id='word_1_311' title='bbox 584 3171 701 3229; x_wconf 90' lang='lat' dir='ltr'>Auctor</span> <span class='ocrx_word' id='word_1_312' title='bbox 722 3167 938 3248; x_wconf 78' lang='lat' dir='ltr'>Hypoqrostici</span> <span class='ocrx_word' id='word_1_313' title='bbox 950 3168 973 3243; x_wconf 83' lang='lat'>¹,</span> <span class='ocrx_word' id='word_1_314' title='bbox 1003 3188 1060 3241; x_wconf 82' lang='lat' dir='ltr'>eur</span> <span class='ocrx_word' id='word_1_315' title='bbox 1150 3160 1258 3259; x_wconf 63' lang='lat' dir='ltr'>taralis</span> <span class='ocrx_word' id='word_1_316' title='bbox 1285 3170 1326 3223; x_wconf 78' lang='lat' dir='ltr'>ert</span> <span class='ocrx_word' id='word_1_317' title='bbox 1347 3162 1487 3241; x_wconf 74' lang='lat' dir='ltr'>facultas,</span> <span class='ocrx_word' id='word_1_318' title='bbox 1516 3169 1604 3230; x_wconf 84' lang='lat' dir='ltr'>etiam</span> <span class='ocrx_word' id='word_1_319' title='bbox 1635 3175 1701 3247; x_wconf 81' lang='lat' dir='ltr'>port</span> <span class='ocrx_word' id='word_1_320' title='bbox 1723 3178 1875 3249; x_wconf 67' lang='lat' dir='ltr'>peremunt</span> 
     </span>
     <span class='ocr_line' id='line_1_32' title="bbox 289 3259 1277 3338; baseline -0.005 -13"><span class='ocrx_word' id='word_1_321' title='bbox 289 3264 408 3325; x_wconf 89' lang='lat' dir='ltr'>dicatur</span> <span class='ocrx_word' id='word_1_322' title='bbox 419 3259 583 3322; x_wconf 90' lang='lat' dir='ltr'>arbitrium</span> <span class='ocrx_word' id='word_1_323' title='bbox 595 3260 744 3338; x_wconf 89' lang='lat' dir='ltr'>liberum,</span> <span class='ocrx_word' id='word_1_324' title='bbox 758 3259 927 3335; x_wconf 86' lang='lat' dir='ltr'>declarans,</span> <span class='ocrx_word' id='word_1_325' title='bbox 948 3259 1060 3322; x_wconf 77' lang='lat' dir='ltr'>«Arbi-</span> <span class='ocrx_word' id='word_1_326' title='bbox 1149 3270 1277 3316; x_wconf 70' lang='lat' dir='ltr'>manere.</span> 
     </span>
     <span class='ocr_line' id='line_1_33' title="bbox 289 3350 1058 3431; baseline -0.001 -17"><span class='ocrx_word' id='word_1_327' title='bbox 289 3353 395 3429; x_wconf 86' lang='lat' dir='ltr'>trium,</span> <span class='ocrx_word' id='word_1_328' title='bbox 411 3353 523 3431; x_wconf 88' lang='lat' dir='ltr'>inquit,</span> <span class='ocrx_word' id='word_1_329' title='bbox 540 3352 579 3412; x_wconf 89' lang='lat' dir='ltr'>ab</span> <span class='ocrx_word' id='word_1_330' title='bbox 594 3351 772 3413; x_wconf 88' lang='lat' dir='ltr'>arbitrando</span> <span class='ocrx_word' id='word_1_331' title='bbox 789 3350 933 3412; x_wconf 85' lang='lat' dir='ltr'>rationali</span> <span class='ocrx_word' id='word_1_332' title='bbox 952 3350 1058 3413; x_wconf 90' lang='lat' dir='ltr'>consi·</span> 
     </span>
     <span class='ocr_line' id='line_1_34' title="bbox 289 3442 1873 3537; baseline 0.01 -32"><span class='ocrx_word' id='word_1_333' title='bbox 289 3442 513 3523; x_wconf 76' lang='lat' dir='ltr'>derationaret</span> <span class='ocrx_word' id='word_1_334' title='bbox 524 3442 736 3519; x_wconf 86' lang='lat' dir='ltr'>discernendo,</span> <span class='ocrx_word' id='word_1_335' title='bbox 750 3442 936 3522; x_wconf 85' lang='lat' dir='ltr'>quideligat‚</span> <span class='ocrx_word' id='word_1_336' title='bbox 946 3442 1058 3522; x_wconf 87' lang='lat' dir='ltr'>quidve</span> <span class='ocrx_word' id='word_1_337' title='bbox 1148 3449 1171 3509; x_wconf 87' lang='lat'>1.</span> <span class='ocrx_word' id='word_1_338' title='bbox 1188 3449 1278 3510; x_wconf 90' lang='lat' dir='ltr'>Nune</span> <span class='ocrx_word' id='word_1_339' title='bbox 1290 3449 1330 3510; x_wconf 89' lang='lat' dir='ltr'>ad</span> <span class='ocrx_word' id='word_1_340' title='bbox 1343 3449 1448 3529; x_wconf 90' lang='lat' dir='ltr'>ipsum</span> <span class='ocrx_word' id='word_1_341' title='bbox 1461 3455 1679 3517; x_wconf 77' lang='lat' dir='ltr'>controversia</span> <span class='ocrx_word' id='word_1_342' title='bbox 1693 3464 1800 3537; x_wconf 83' lang='lat' dir='ltr'>eaput,</span> <span class='ocrx_word' id='word_1_343' title='bbox 1815 3459 1873 3520; x_wconf 82' lang='lat' dir='ltr'>dis·</span> 
     </span>
     <span class='ocr_line' id='line_1_35' title="bbox 288 3534 1873 3621; baseline 0.01 -26"><span class='ocrx_word' id='word_1_344' title='bbox 288 3542 419 3609; x_wconf 88' lang='lat' dir='ltr'>recuset,</span> <span class='ocrx_word' id='word_1_345' title='bbox 435 3541 522 3614; x_wconf 91' lang='lat' dir='ltr'>puto,</span> <span class='ocrx_word' id='word_1_346' title='bbox 552 3534 635 3613; x_wconf 91' lang='lat' dir='ltr'>quod</span> <span class='ocrx_word' id='word_1_347' title='bbox 648 3552 765 3595; x_wconf 91' lang='lat' dir='ltr'>nomen</span> <span class='ocrx_word' id='word_1_348' title='bbox 779 3535 906 3614; x_wconf 85' lang='lat' dir='ltr'>aceepit.</span> <span class='ocrx_word' id='word_1_349' title='bbox 918 3535 975 3595; x_wconf 87' lang='lat' dir='ltr'>Vel</span> <span class='ocrx_word' id='word_1_350' title='bbox 987 3535 1057 3597; x_wconf 91' lang='lat' dir='ltr'>ideo</span> <span class='ocrx_word' id='word_1_351' title='bbox 1106 3540 1346 3620; x_wconf 86' lang='lat' dir='ltr'>pntationiaqne,</span> <span class='ocrx_word' id='word_1_352' title='bbox 1356 3545 1724 3621; x_wconf 85' lang='lat' dir='ltr'>quamcumadversariis</span> <span class='ocrx_word' id='word_1_353' title='bbox 1732 3550 1873 3612; x_wconf 85' lang='lat' dir='ltr'>delibero</span> 
     </span>
     <span class='ocr_line' id='line_1_36' title="bbox 288 3626 1871 3715; baseline 0.011 -28"><span class='ocrx_word' id='word_1_354' title='bbox 288 3627 422 3688; x_wconf 88' lang='lat' dir='ltr'>liberum</span> <span class='ocrx_word' id='word_1_355' title='bbox 435 3626 599 3687; x_wconf 86' lang='lat' dir='ltr'>arbitrium</span> <span class='ocrx_word' id='word_1_356' title='bbox 613 3626 741 3699; x_wconf 89' lang='lat' dir='ltr'>dictum,</span> <span class='ocrx_word' id='word_1_357' title='bbox 758 3626 843 3704; x_wconf 92' lang='lat' dir='ltr'>quod</span> <span class='ocrx_word' id='word_1_358' title='bbox 855 3628 889 3685; x_wconf 91' lang='lat' dir='ltr'>in</span> <span class='ocrx_word' id='word_1_359' title='bbox 903 3643 959 3685; x_wconf 90' lang='lat' dir='ltr'>sua</span> <span class='ocrx_word' id='word_1_360' title='bbox 971 3627 1057 3706; x_wconf 89' lang='lat' dir='ltr'>posi·</span> <span class='ocrx_word' id='word_1_361' title='bbox 1106 3631 1234 3692; x_wconf 90' lang='lat' dir='ltr'>arbitrio</span> <span class='ocrx_word' id='word_1_362' title='bbox 1245 3632 1450 3712; x_wconf 89' lang='lat' dir='ltr'>suscepimus,</span> <span class='ocrx_word' id='word_1_363' title='bbox 1463 3653 1619 3697; x_wconf 91' lang='lat' dir='ltr'>summam</span> <span class='ocrx_word' id='word_1_364' title='bbox 1629 3639 1805 3703; x_wconf 84' lang='lat' dir='ltr'>veniamus.</span> <span class='ocrx_word' id='word_1_365' title='bbox 1821 3644 1871 3715; x_wconf 71' lang='lat' dir='ltr'>aa,</span> 
     </span>
     <span class='ocr_line' id='line_1_37' title="bbox 287 3716 1874 3814; baseline 0.009 -35"><span class='ocrx_word' id='word_1_366' title='bbox 287 3724 357 3779; x_wconf 89' lang='lat' dir='ltr'>tum</span> <span class='ocrx_word' id='word_1_367' title='bbox 369 3718 408 3779; x_wconf 90' lang='lat' dir='ltr'>sit</span> <span class='ocrx_word' id='word_1_368' title='bbox 419 3721 578 3798; x_wconf 87' lang='lat' dir='ltr'>potestate,</span> <span class='ocrx_word' id='word_1_369' title='bbox 599 3716 717 3775; x_wconf 86' lang='lat' dir='ltr'>habens</span> <span class='ocrx_word' id='word_1_370' title='bbox 730 3716 852 3795; x_wconf 86' lang='lat' dir='ltr'>agendi,</span> <span class='ocrx_word' id='word_1_371' title='bbox 874 3717 958 3795; x_wconf 89' lang='lat' dir='ltr'>quod</span> <span class='ocrx_word' id='word_1_372' title='bbox 970 3719 1056 3796; x_wconf 85' lang='lat' dir='ltr'>velit,</span> <span class='ocrx_word' id='word_1_373' title='bbox 1105 3723 1391 3804; x_wconf 88' lang='lat' dir='ltr'>quoniamquidem</span> <span class='ocrx_word' id='word_1_374' title='bbox 1404 3726 1443 3788; x_wconf 90' lang='lat' dir='ltr'>de</span> <span class='ocrx_word' id='word_1_375' title='bbox 1455 3728 1620 3807; x_wconf 73' lang='lat' dir='ltr'>Augustini</span> <span class='ocrx_word' id='word_1_376' title='bbox 1634 3733 1790 3794; x_wconf 83' lang='lat' dir='ltr'>sententia</span> <span class='ocrx_word' id='word_1_377' title='bbox 1801 3752 1874 3814; x_wconf 68' lang='lat' dir='ltr'>pru</span> 
     </span>
     <span class='ocr_line' id='line_1_38' title="bbox 288 3807 1874 3900; baseline 0.006 -30"><span class='ocrx_word' id='word_1_378' title='bbox 288 3810 532 3890; x_wconf 88' lang='lat' dir='ltr'>possibilitatem,</span> <span class='ocrx_word' id='word_1_379' title='bbox 554 3807 638 3886; x_wconf 90' lang='lat' dir='ltr'>quod</span> <span class='ocrx_word' id='word_1_380' title='bbox 657 3812 703 3868; x_wconf 92' lang='lat' dir='ltr'>est</span> <span class='ocrx_word' id='word_1_381' title='bbox 715 3807 827 3883; x_wconf 88' lang='lat' dir='ltr'>vitalis,</span> <span class='ocrx_word' id='word_1_382' title='bbox 850 3814 881 3868; x_wconf 90' lang='lat' dir='ltr'>et</span> <span class='ocrx_word' id='word_1_383' title='bbox 898 3809 1058 3871; x_wconf 88' lang='lat' dir='ltr'>rationalis</span> <span class='ocrx_word' id='word_1_384' title='bbox 1105 3814 1196 3894; x_wconf 90' lang='lat' dir='ltr'>eipua</span> <span class='ocrx_word' id='word_1_385' title='bbox 1209 3815 1246 3876; x_wconf 90' lang='lat' dir='ltr'>lis</span> <span class='ocrx_word' id='word_1_386' title='bbox 1257 3822 1315 3892; x_wconf 88' lang='lat' dir='ltr'>est,</span> <span class='ocrx_word' id='word_1_387' title='bbox 1330 3816 1440 3896; x_wconf 80' lang='lat' dir='ltr'>inejus</span> <span class='ocrx_word' id='word_1_388' title='bbox 1448 3818 1603 3898; x_wconf 77' lang='lat' dir='ltr'>ambiguis</span> <span class='ocrx_word' id='word_1_389' title='bbox 1611 3822 1874 3900; x_wconf 67' lang='lat' dir='ltr'>quibusdam‚nac</span> 
     </span>
     <span class='ocr_line' id='line_1_39' title="bbox 232 3898 1874 3985; baseline 0.008 -26"><span class='ocrx_word' id='word_1_390' title='bbox 232 3954 234 3959; x_wconf 81' lang='grc'>,</span> <span class='ocrx_word' id='word_1_391' title='bbox 287 3904 401 3963; x_wconf 78' lang='lat' dir='ltr'>anima</span> <span class='ocrx_word' id='word_1_392' title='bbox 418 3906 533 3962; x_wconf 86' lang='lat' dir='ltr'>motus.</span> <span class='ocrx_word' id='word_1_393' title='bbox 557 3900 619 3961; x_wconf 84' lang='lat' dir='ltr'>Sed</span> <span class='ocrx_word' id='word_1_394' title='bbox 636 3898 828 3977; x_wconf 84' lang='lat' dir='ltr'>hujusmodi,</span> <span class='ocrx_word' id='word_1_395' title='bbox 849 3904 885 3960; x_wconf 92' lang='lat' dir='ltr'>ut</span> <span class='ocrx_word' id='word_1_396' title='bbox 906 3906 978 3961; x_wconf 89' lang='lat' dir='ltr'>ante</span> <span class='ocrx_word' id='word_1_397' title='bbox 989 3901 1057 3979; x_wconf 85' lang='lat' dir='ltr'>jam</span> <span class='ocrx_word' id='word_1_398' title='bbox 1105 3908 1177 3967; x_wconf 89' lang='lat' dir='ltr'>satis</span> <span class='ocrx_word' id='word_1_399' title='bbox 1190 3907 1426 3983; x_wconf 74' lang='lat' dir='ltr'>coherentibus,</span> <span class='ocrx_word' id='word_1_400' title='bbox 1442 3916 1479 3971; x_wconf 92' lang='lat' dir='ltr'>ut</span> <span class='ocrx_word' id='word_1_401' title='bbox 1490 3911 1624 3985; x_wconf 78' lang='lat' dir='ltr'>videtin,</span> <span class='ocrx_word' id='word_1_402' title='bbox 1640 3912 1776 3978; x_wconf 78' lang='lat' dir='ltr'>invicem</span> <span class='ocrx_word' id='word_1_403' title='bbox 1789 3917 1874 3979; x_wconf 71' lang='lat' dir='ltr'>dictis</span> 
     </span>
     <span class='ocr_line' id='line_1_40' title="bbox 287 3989 1873 4086; baseline 0.01 -32"><span class='ocrx_word' id='word_1_404' title='bbox 287 3994 363 4068; x_wconf 83' lang='lat' dir='ltr'>dixi,</span> <span class='ocrx_word' id='word_1_405' title='bbox 389 3993 449 4054; x_wconf 86' lang='lat' dir='ltr'>fuit</span> <span class='ocrx_word' id='word_1_406' title='bbox 471 3993 505 4052; x_wconf 90' lang='lat' dir='ltr'>in</span> <span class='ocrx_word' id='word_1_407' title='bbox 526 3991 652 4052; x_wconf 86' lang='lat' dir='ltr'>homine</span> <span class='ocrx_word' id='word_1_408' title='bbox 668 3989 870 4070; x_wconf 86' lang='lat' dir='ltr'>protoplasto,</span> <span class='ocrx_word' id='word_1_409' title='bbox 893 4009 965 4052; x_wconf 90' lang='lat' dir='ltr'>cnm</span> <span class='ocrx_word' id='word_1_410' title='bbox 985 4001 1057 4056; x_wconf 91' lang='lat' dir='ltr'>ante</span> <span class='ocrx_word' id='word_1_411' title='bbox 1104 4004 1170 4060; x_wconf 84' lang='lat' dir='ltr'>teta</span> <span class='ocrx_word' id='word_1_412' title='bbox 1193 3998 1341 4061; x_wconf 84' lang='lat' dir='ltr'>consistit.</span> <span class='ocrx_word' id='word_1_413' title='bbox 1368 4002 1495 4062; x_wconf 79' lang='lat' dir='ltr'>Etenim</span> <span class='ocrx_word' id='word_1_414' title='bbox 1518 4003 1615 4065; x_wconf 89' lang='lat' dir='ltr'>libera</span> <span class='ocrx_word' id='word_1_415' title='bbox 1640 4007 1797 4086; x_wconf 79' lang='lat' dir='ltr'>voluntas,</span> <span class='ocrx_word' id='word_1_416' title='bbox 1826 4009 1873 4070; x_wconf 86' lang='lat' dir='ltr'>vel</span> 
     </span>
     <span class='ocr_line' id='line_1_41' title="bbox 287 4083 1871 4178; baseline 0.009 -31"><span class='ocrx_word' id='word_1_417' title='bbox 287 4092 447 4165; x_wconf 86' lang='lat' dir='ltr'>peccatum</span> <span class='ocrx_word' id='word_1_418' title='bbox 462 4090 602 4144; x_wconf 89' lang='lat' dir='ltr'>maneret</span> <span class='ocrx_word' id='word_1_419' title='bbox 615 4083 739 4155; x_wconf 88' lang='lat' dir='ltr'>illaesus,</span> <span class='ocrx_word' id='word_1_420' title='bbox 756 4091 814 4144; x_wconf 88' lang='lat' dir='ltr'>etc.</span> <span class='ocrx_word' id='word_1_421' title='bbox 830 4083 889 4143; x_wconf 90' lang='lat' dir='ltr'>Per</span> <span class='ocrx_word' id='word_1_422' title='bbox 897 4083 975 4145; x_wconf 84' lang='lat' dir='ltr'>vello</span> <span class='ocrx_word' id='word_1_423' title='bbox 982 4103 1057 4164; x_wconf 88' lang='lat' dir='ltr'>ergo</span> <span class='ocrx_word' id='word_1_424' title='bbox 1105 4089 1271 4152; x_wconf 85' lang='lat' dir='ltr'>arbitrium</span> <span class='ocrx_word' id='word_1_425' title='bbox 1284 4091 1471 4155; x_wconf 89' lang='lat' dir='ltr'>liberumsio</span> <span class='ocrx_word' id='word_1_426' title='bbox 1484 4093 1560 4156; x_wconf 79' lang='lat' dir='ltr'>alies</span> <span class='ocrx_word' id='word_1_427' title='bbox 1572 4096 1612 4156; x_wconf 90' lang='lat' dir='ltr'>ab</span> <span class='ocrx_word' id='word_1_428' title='bbox 1621 4115 1658 4158; x_wconf 88' lang='lat' dir='ltr'>eo</span> <span class='ocrx_word' id='word_1_429' title='bbox 1677 4099 1871 4178; x_wconf 88' lang='lat' dir='ltr'>describitur,</span> 
     </span>
     <span class='ocr_line' id='line_1_42' title="bbox 287 4173 1872 4264; baseline 0.011 -28"><span class='ocrx_word' id='word_1_430' title='bbox 287 4178 405 4238; x_wconf 88' lang='lat' dir='ltr'>malum</span> <span class='ocrx_word' id='word_1_431' title='bbox 419 4181 501 4237; x_wconf 89' lang='lat' dir='ltr'>recte</span> <span class='ocrx_word' id='word_1_432' title='bbox 522 4173 656 4255; x_wconf 90' lang='lat' dir='ltr'>perdidit</span> <span class='ocrx_word' id='word_1_433' title='bbox 673 4191 762 4253; x_wconf 87' lang='lat' dir='ltr'>posse</span> <span class='ocrx_word' id='word_1_434' title='bbox 784 4173 914 4253; x_wconf 90' lang='lat' dir='ltr'>bonum,</span> <span class='ocrx_word' id='word_1_435' title='bbox 932 4176 986 4254; x_wconf 91' lang='lat' dir='ltr'>qui</span> <span class='ocrx_word' id='word_1_436' title='bbox 1000 4194 1057 4255; x_wconf 90' lang='lat' dir='ltr'>per</span> <span class='ocrx_word' id='word_1_437' title='bbox 1104 4187 1141 4241; x_wconf 91' lang='lat' dir='ltr'>ut</span> <span class='ocrx_word' id='word_1_438' title='bbox 1153 4182 1193 4241; x_wconf 90' lang='lat' dir='ltr'>sit</span> <span class='ocrx_word' id='word_1_439' title='bbox 1199 4182 1280 4260; x_wconf 83' lang='lat' dir='ltr'>juris</span> <span class='ocrx_word' id='word_1_440' title='bbox 1292 4184 1512 4264; x_wconf 73' lang='lat' dir='ltr'>potestatisque</span> <span class='ocrx_word' id='word_1_441' title='bbox 1521 4204 1585 4247; x_wconf 83' lang='lat' dir='ltr'>suae</span> <span class='ocrx_word' id='word_1_442' title='bbox 1595 4187 1872 4253; x_wconf 78' lang='lat' dir='ltr'>inemtasanatura</span> 
     </span>
     <span class='ocr_line' id='line_1_43' title="bbox 287 4264 1872 4355; baseline 0.01 -26"><span class='ocrx_word' id='word_1_443' title='bbox 287 4286 377 4347; x_wconf 86' lang='lat' dir='ltr'>posse</span> <span class='ocrx_word' id='word_1_444' title='bbox 397 4268 516 4328; x_wconf 91' lang='lat' dir='ltr'>bonum</span> <span class='ocrx_word' id='word_1_445' title='bbox 536 4264 638 4345; x_wconf 92' lang='lat' dir='ltr'>potuit</span> <span class='ocrx_word' id='word_1_446' title='bbox 656 4265 779 4326; x_wconf 81' lang='lat' dir='ltr'>vmeere</span> <span class='ocrx_word' id='word_1_447' title='bbox 796 4265 875 4326; x_wconf 84' lang='lat' dir='ltr'>velle</span> <span class='ocrx_word' id='word_1_448' title='bbox 892 4267 1052 4329; x_wconf 78' lang='lat' dir='ltr'>malum.»</span> <span class='ocrx_word' id='word_1_449' title='bbox 1104 4272 1396 4349; x_wconf 87' lang='lat' dir='ltr'>hominibusinsita‚</span> <span class='ocrx_word' id='word_1_450' title='bbox 1410 4294 1481 4355; x_wconf 80' lang='lat' dir='ltr'>que</span> <span class='ocrx_word' id='word_1_451' title='bbox 1495 4295 1534 4337; x_wconf 87' lang='lat' dir='ltr'>ex</span> <span class='ocrx_word' id='word_1_452' title='bbox 1547 4278 1673 4342; x_wconf 88' lang='lat' dir='ltr'>duobus</span> <span class='ocrx_word' id='word_1_453' title='bbox 1686 4282 1872 4345; x_wconf 72' lang='lat' dir='ltr'>namnum</span> 
     </span>
     <span class='ocr_line' id='line_1_44' title="bbox 288 4355 1872 4455; baseline 0.013 -36"><span class='ocrx_word' id='word_1_454' title='bbox 288 4359 323 4419; x_wconf 86' lang='lat' dir='ltr'>Si</span> <span class='ocrx_word' id='word_1_455' title='bbox 346 4377 420 4437; x_wconf 88' lang='lat' dir='ltr'>ergo</span> <span class='ocrx_word' id='word_1_456' title='bbox 446 4358 580 4418; x_wconf 90' lang='lat' dir='ltr'>liberum</span> <span class='ocrx_word' id='word_1_457' title='bbox 606 4355 770 4416; x_wconf 88' lang='lat' dir='ltr'>arbitrium</span> <span class='ocrx_word' id='word_1_458' title='bbox 795 4355 866 4417; x_wconf 93' lang='lat' dir='ltr'>ideo</span> <span class='ocrx_word' id='word_1_459' title='bbox 899 4360 1056 4436; x_wconf 90' lang='lat' dir='ltr'>perditum</span> <span class='ocrx_word' id='word_1_460' title='bbox 1103 4369 1205 4443; x_wconf 91' lang='lat' dir='ltr'>potest</span> <span class='ocrx_word' id='word_1_461' title='bbox 1221 4365 1346 4442; x_wconf 79' lang='lat' dir='ltr'>eligere,</span> <span class='ocrx_word' id='word_1_462' title='bbox 1366 4385 1439 4427; x_wconf 90' lang='lat' dir='ltr'>cum</span> <span class='ocrx_word' id='word_1_463' title='bbox 1461 4368 1501 4428; x_wconf 91' lang='lat' dir='ltr'>sit</span> <span class='ocrx_word' id='word_1_464' title='bbox 1520 4369 1560 4429; x_wconf 91' lang='lat' dir='ltr'>ad</span> <span class='ocrx_word' id='word_1_465' title='bbox 1582 4377 1731 4434; x_wconf 63' lang='lat' dir='ltr'>neudum</span> <span class='ocrx_word' id='word_1_466' title='bbox 1748 4376 1872 4455; x_wconf 87' lang='lat' dir='ltr'>alligate</span> 
     </span>
     <span class='ocr_line' id='line_1_45' title="bbox 287 4447 1872 4547; baseline 0.012 -36"><span class='ocrx_word' id='word_1_467' title='bbox 287 4450 412 4525; x_wconf 89' lang='lat' dir='ltr'>dieitur,</span> <span class='ocrx_word' id='word_1_468' title='bbox 429 4449 503 4528; x_wconf 90' lang='lat' dir='ltr'>quia</span> <span class='ocrx_word' id='word_1_469' title='bbox 525 4447 599 4509; x_wconf 83' lang='lat' dir='ltr'>ferri</span> <span class='ocrx_word' id='word_1_470' title='bbox 617 4466 683 4508; x_wconf 91' lang='lat' dir='ltr'>non</span> <span class='ocrx_word' id='word_1_471' title='bbox 700 4447 844 4527; x_wconf 87' lang='lat' dir='ltr'>potestin</span> <span class='ocrx_word' id='word_1_472' title='bbox 856 4448 987 4524; x_wconf 91' lang='lat' dir='ltr'>bonum,</span> <span class='ocrx_word' id='word_1_473' title='bbox 1001 4452 1056 4512; x_wconf 90' lang='lat' dir='ltr'>sed</span> <span class='ocrx_word' id='word_1_474' title='bbox 1103 4456 1285 4518; x_wconf 87' lang='lat' dir='ltr'>necessario.</span> <span class='ocrx_word' id='word_1_475' title='bbox 1321 4457 1500 4536; x_wconf 84' lang='lat' dir='ltr'>Cujusmodi</span> <span class='ocrx_word' id='word_1_476' title='bbox 1532 4461 1635 4540; x_wconf 89' lang='lat' dir='ltr'>notio,</span> <span class='ocrx_word' id='word_1_477' title='bbox 1670 4465 1872 4547; x_wconf 88' lang='lat' dir='ltr'>definitioque</span> 
     </span>
     <span class='ocr_line' id='line_1_46' title="bbox 286 4538 1869 4635; baseline 0.011 -33"><span class='ocrx_word' id='word_1_478' title='bbox 286 4542 389 4602; x_wconf 91' lang='lat' dir='ltr'>solum</span> <span class='ocrx_word' id='word_1_479' title='bbox 413 4540 447 4600; x_wconf 90' lang='lat' dir='ltr'>in</span> <span class='ocrx_word' id='word_1_480' title='bbox 466 4538 606 4614; x_wconf 89' lang='lat' dir='ltr'>malum;</span> <span class='ocrx_word' id='word_1_481' title='bbox 624 4539 783 4600; x_wconf 91' lang='lat' dir='ltr'>enimvero</span> <span class='ocrx_word' id='word_1_482' title='bbox 800 4538 868 4601; x_wconf 89' lang='lat' dir='ltr'>talis</span> <span class='ocrx_word' id='word_1_483' title='bbox 891 4547 937 4602; x_wconf 90' lang='lat' dir='ltr'>est</span> <span class='ocrx_word' id='word_1_484' title='bbox 963 4540 1055 4602; x_wconf 88' lang='lat' dir='ltr'>libori</span> <span class='ocrx_word' id='word_1_485' title='bbox 1102 4545 1255 4609; x_wconf 88' lang='lat' dir='ltr'>libertatis</span> <span class='ocrx_word' id='word_1_486' title='bbox 1283 4553 1328 4608; x_wconf 88' lang='lat' dir='ltr'>tot</span> <span class='ocrx_word' id='word_1_487' title='bbox 1352 4548 1502 4612; x_wconf 84' lang='lat' dir='ltr'>haetenus</span> <span class='ocrx_word' id='word_1_488' title='bbox 1528 4571 1568 4613; x_wconf 82' lang='lat' dir='ltr'>ex</span> <span class='ocrx_word' id='word_1_489' title='bbox 1594 4554 1649 4615; x_wconf 93' lang='lat' dir='ltr'>illo</span> <span class='ocrx_word' id='word_1_490' title='bbox 1675 4558 1869 4635; x_wconf 84' lang='lat' dir='ltr'>testimoniis,</span> 
     </span>
     <span class='ocr_line' id='line_1_47' title="bbox 286 4630 1872 4719; baseline 0.007 -26"><span class='ocrx_word' id='word_1_491' title='bbox 286 4632 406 4693; x_wconf 87' lang='lat' dir='ltr'>arbitrii</span> <span class='ocrx_word' id='word_1_492' title='bbox 424 4636 547 4702; x_wconf 90' lang='lat' dir='ltr'>natura,</span> <span class='ocrx_word' id='word_1_493' title='bbox 564 4636 593 4691; x_wconf 91' lang='lat' dir='ltr'>et</span> <span class='ocrx_word' id='word_1_494' title='bbox 605 4630 753 4705; x_wconf 88' lang='lat' dir='ltr'>conditio,</span> <span class='ocrx_word' id='word_1_495' title='bbox 777 4631 859 4692; x_wconf 90' lang='lat' dir='ltr'>utin</span> <span class='ocrx_word' id='word_1_496' title='bbox 873 4631 1002 4707; x_wconf 89' lang='lat' dir='ltr'>bonum,</span> <span class='ocrx_word' id='word_1_497' title='bbox 1018 4651 1054 4694; x_wconf 88' lang='lat' dir='ltr'>ae</span> <span class='ocrx_word' id='word_1_498' title='bbox 1102 4639 1357 4719; x_wconf 89' lang='lat' dir='ltr'>argumentisque</span> <span class='ocrx_word' id='word_1_499' title='bbox 1366 4641 1495 4703; x_wconf 85' lang='lat' dir='ltr'>collecta</span> <span class='ocrx_word' id='word_1_500' title='bbox 1507 4648 1563 4712; x_wconf 85' lang='lat' dir='ltr'>est,</span> <span class='ocrx_word' id='word_1_501' title='bbox 1579 4650 1615 4705; x_wconf 91' lang='lat' dir='ltr'>ut</span> <span class='ocrx_word' id='word_1_502' title='bbox 1627 4647 1667 4709; x_wconf 84' lang='lat' dir='ltr'>de</span> <span class='ocrx_word' id='word_1_503' title='bbox 1680 4666 1717 4709; x_wconf 80' lang='lat' dir='ltr'>aa</span> <span class='ocrx_word' id='word_1_504' title='bbox 1728 4649 1872 4713; x_wconf 71' lang='lat' dir='ltr'>dubitare</span> 
     </span>
     <span class='ocr_line' id='line_1_48' title="bbox 285 4720 1871 4821; baseline 0.01 -35"><span class='ocrx_word' id='word_1_505' title='bbox 285 4724 405 4786; x_wconf 89' lang='lat' dir='ltr'>malum</span> <span class='ocrx_word' id='word_1_506' title='bbox 425 4721 567 4783; x_wconf 89' lang='lat' dir='ltr'>inclinari</span> <span class='ocrx_word' id='word_1_507' title='bbox 588 4722 683 4801; x_wconf 90' lang='lat' dir='ltr'>possit</span> <span class='ocrx_word' id='word_1_508' title='bbox 690 4738 703 4796; x_wconf 93' lang='lat'>,·</span> <span class='ocrx_word' id='word_1_509' title='bbox 727 4720 843 4800; x_wconf 89' lang='lat' dir='ltr'>alioqui</span> <span class='ocrx_word' id='word_1_510' title='bbox 865 4742 930 4785; x_wconf 90' lang='lat' dir='ltr'>non</span> <span class='ocrx_word' id='word_1_511' title='bbox 952 4726 1054 4805; x_wconf 88' lang='lat' dir='ltr'>perire</span> <span class='ocrx_word' id='word_1_512' title='bbox 1102 4729 1142 4790; x_wconf 89' lang='lat' dir='ltr'>sit</span> <span class='ocrx_word' id='word_1_513' title='bbox 1166 4730 1321 4811; x_wconf 87' lang='lat' dir='ltr'>imperiti;</span> <span class='ocrx_word' id='word_1_514' title='bbox 1351 4748 1465 4808; x_wconf 84' lang='lat' dir='ltr'>negare</span> <span class='ocrx_word' id='word_1_515' title='bbox 1486 4740 1592 4796; x_wconf 87' lang='lat' dir='ltr'>autem</span> <span class='ocrx_word' id='word_1_516' title='bbox 1612 4739 1741 4801; x_wconf 89' lang='lat' dir='ltr'>omnino</span> <span class='ocrx_word' id='word_1_517' title='bbox 1758 4760 1871 4821; x_wconf 85' lang='lat' dir='ltr'>parum</span> 
     </span>
     <span class='ocr_line' id='line_1_49' title="bbox 286 4812 1872 4906; baseline 0.012 -29"><span class='ocrx_word' id='word_1_518' title='bbox 286 4820 457 4897; x_wconf 85' lang='lat' dir='ltr'>putaretur,</span> <span class='ocrx_word' id='word_1_519' title='bbox 488 4813 513 4873; x_wconf 91' lang='lat' dir='ltr'>si</span> <span class='ocrx_word' id='word_1_520' title='bbox 529 4830 602 4873; x_wconf 92' lang='lat' dir='ltr'>oum</span> <span class='ocrx_word' id='word_1_521' title='bbox 624 4812 718 4872; x_wconf 91' lang='lat' dir='ltr'>unius</span> <span class='ocrx_word' id='word_1_522' title='bbox 739 4815 911 4875; x_wconf 85' lang='lat' dir='ltr'>necessaria</span> <span class='ocrx_word' id='word_1_523' title='bbox 932 4818 1052 4896; x_wconf 92' lang='lat' dir='ltr'>appeti·</span> <span class='ocrx_word' id='word_1_524' title='bbox 1101 4821 1258 4900; x_wconf 90' lang='lat' dir='ltr'>pudentis.</span> <span class='ocrx_word' id='word_1_525' title='bbox 1273 4822 1493 4903; x_wconf 83' lang='lat' dir='ltr'>Atinterdum,</span> <span class='ocrx_word' id='word_1_526' title='bbox 1509 4828 1680 4906; x_wconf 88' lang='lat' dir='ltr'>etquidem</span> <span class='ocrx_word' id='word_1_527' title='bbox 1693 4850 1758 4893; x_wconf 90' lang='lat' dir='ltr'>non</span> <span class='ocrx_word' id='word_1_528' title='bbox 1766 4834 1872 4895; x_wconf 85' lang='lat' dir='ltr'>minus</span> 
     </span>
    </p>
   </div>
   <div class='ocr_carea' id='block_1_3' title="bbox 282 4903 1871 5363">
    <p class='ocr_par' dir='ltr' id='par_1_4' title="bbox 282 4903 1871 5363">
     <span class='ocr_line' id='line_1_50' title="bbox 284 4903 1870 5004; baseline 0.01 -35"><span class='ocrx_word' id='word_1_529' title='bbox 284 4908 370 4970; x_wconf 89' lang='lat' dir='ltr'>tione</span> <span class='ocrx_word' id='word_1_530' title='bbox 397 4911 500 4987; x_wconf 86' lang='lat' dir='ltr'>posset</span> <span class='ocrx_word' id='word_1_531' title='bbox 517 4903 694 4966; x_wconf 86' lang='lat' dir='ltr'>consistere.</span> <span class='ocrx_word' id='word_1_532' title='bbox 714 4903 758 4964; x_wconf 93' lang='lat' dir='ltr'>Ae</span> <span class='ocrx_word' id='word_1_533' title='bbox 777 4904 906 4983; x_wconf 86' lang='lat' dir='ltr'>proinde</span> <span class='ocrx_word' id='word_1_534' title='bbox 933 4910 1053 4987; x_wconf 88' lang='lat' dir='ltr'>quoties</span> <span class='ocrx_word' id='word_1_535' title='bbox 1100 4911 1289 4992; x_wconf 77' lang='lat' dir='ltr'>frequenter,</span> <span class='ocrx_word' id='word_1_536' title='bbox 1304 4913 1388 4975; x_wconf 88' lang='lat' dir='ltr'>idem</span> <span class='ocrx_word' id='word_1_537' title='bbox 1403 4915 1447 4977; x_wconf 86' lang='lat' dir='ltr'>sie</span> <span class='ocrx_word' id='word_1_538' title='bbox 1461 4916 1610 4979; x_wconf 88' lang='lat' dir='ltr'>delibero</span> <span class='ocrx_word' id='word_1_539' title='bbox 1628 4921 1756 4984; x_wconf 87' lang='lat' dir='ltr'>arbitrio</span> <span class='ocrx_word' id='word_1_540' title='bbox 1768 4923 1870 5004; x_wconf 90' lang='lat' dir='ltr'>loqui-</span> 
     </span>
     <span class='ocr_line' id='line_1_51' title="bbox 284 4996 1871 5096; baseline 0.011 -35"><span class='ocrx_word' id='word_1_541' title='bbox 284 4999 368 5080; x_wconf 91' lang='lat' dir='ltr'>apud</span> <span class='ocrx_word' id='word_1_542' title='bbox 384 4997 603 5077; x_wconf 75' lang='lat' dir='ltr'>augustinum,</span> <span class='ocrx_word' id='word_1_543' title='bbox 624 4996 761 5076; x_wconf 86' lang='lat' dir='ltr'>aliosque</span> <span class='ocrx_word' id='word_1_544' title='bbox 781 4997 889 5059; x_wconf 88' lang='lat' dir='ltr'>Patres</span> <span class='ocrx_word' id='word_1_545' title='bbox 905 4999 1049 5081; x_wconf 82' lang='lat' dir='ltr'>legimus,</span> <span class='ocrx_word' id='word_1_546' title='bbox 1101 5008 1164 5079; x_wconf 87' lang='lat' dir='ltr'>tur,</span> <span class='ocrx_word' id='word_1_547' title='bbox 1177 5010 1328 5084; x_wconf 86' lang='lat' dir='ltr'>tanquam</span> <span class='ocrx_word' id='word_1_548' title='bbox 1339 5024 1403 5067; x_wconf 90' lang='lat' dir='ltr'>non</span> <span class='ocrx_word' id='word_1_549' title='bbox 1418 5012 1532 5069; x_wconf 88' lang='lat' dir='ltr'>natura</span> <span class='ocrx_word' id='word_1_550' title='bbox 1549 5009 1589 5070; x_wconf 91' lang='lat' dir='ltr'>sit</span> <span class='ocrx_word' id='word_1_551' title='bbox 1600 5011 1738 5075; x_wconf 88' lang='lat' dir='ltr'>inditum</span> <span class='ocrx_word' id='word_1_552' title='bbox 1749 5016 1871 5096; x_wconf 87' lang='lat' dir='ltr'>aliquid</span> 
     </span>
     <span class='ocr_line' id='line_1_52' title="bbox 283 5088 1870 5183; baseline 0.013 -34"><span class='ocrx_word' id='word_1_553' title='bbox 283 5111 349 5156; x_wconf 81' lang='lat' dir='ltr'>esse</span> <span class='ocrx_word' id='word_1_554' title='bbox 371 5092 405 5150; x_wconf 91' lang='lat' dir='ltr'>in</span> <span class='ocrx_word' id='word_1_555' title='bbox 424 5095 575 5169; x_wconf 88' lang='lat' dir='ltr'>potestate</span> <span class='ocrx_word' id='word_1_556' title='bbox 599 5088 766 5150; x_wconf 86' lang='lat' dir='ltr'>voluntatis</span> <span class='ocrx_word' id='word_1_557' title='bbox 795 5089 913 5170; x_wconf 86' lang='lat' dir='ltr'>aliquid</span> <span class='ocrx_word' id='word_1_558' title='bbox 937 5092 1049 5170; x_wconf 87' lang='lat' dir='ltr'>iacere,</span> <span class='ocrx_word' id='word_1_559' title='bbox 1100 5096 1231 5173; x_wconf 88' lang='lat' dir='ltr'>bomini,</span> <span class='ocrx_word' id='word_1_560' title='bbox 1245 5096 1299 5157; x_wconf 85' lang='lat' dir='ltr'>sed</span> <span class='ocrx_word' id='word_1_561' title='bbox 1316 5098 1521 5161; x_wconf 85' lang='lat' dir='ltr'>adventitium</span> <span class='ocrx_word' id='word_1_562' title='bbox 1537 5102 1591 5162; x_wconf 87' lang='lat' dir='ltr'>Dei</span> <span class='ocrx_word' id='word_1_563' title='bbox 1605 5103 1736 5183; x_wconf 92' lang='lat' dir='ltr'>donum,</span> <span class='ocrx_word' id='word_1_564' title='bbox 1750 5113 1781 5168; x_wconf 90' lang='lat' dir='ltr'>et</span> <span class='ocrx_word' id='word_1_565' title='bbox 1795 5109 1870 5169; x_wconf 85' lang='lat' dir='ltr'>aba·</span> 
     </span>
     <span class='ocr_line' id='line_1_53' title="bbox 282 5179 1870 5279; baseline 0.01 -33"><span class='ocrx_word' id='word_1_566' title='bbox 282 5186 346 5246; x_wconf 87' lang='lat' dir='ltr'>sive</span> <span class='ocrx_word' id='word_1_567' title='bbox 366 5182 455 5255; x_wconf 86' lang='lat' dir='ltr'>velle,</span> <span class='ocrx_word' id='word_1_568' title='bbox 471 5186 526 5241; x_wconf 90' lang='lat' dir='ltr'>aut</span> <span class='ocrx_word' id='word_1_569' title='bbox 552 5179 646 5254; x_wconf 89' lang='lat' dir='ltr'>nolle,</span> <span class='ocrx_word' id='word_1_570' title='bbox 674 5180 708 5241; x_wconf 91' lang='lat' dir='ltr'>in</span> <span class='ocrx_word' id='word_1_571' title='bbox 726 5181 807 5243; x_wconf 88' lang='lat' dir='ltr'>hano</span> <span class='ocrx_word' id='word_1_572' title='bbox 826 5181 949 5245; x_wconf 87' lang='lat' dir='ltr'>illamve</span> <span class='ocrx_word' id='word_1_573' title='bbox 967 5203 1050 5272; x_wconf 84' lang='lat' dir='ltr'>par·</span> <span class='ocrx_word' id='word_1_574' title='bbox 1098 5186 1197 5249; x_wconf 87' lang='lat' dir='ltr'>ritatis</span> <span class='ocrx_word' id='word_1_575' title='bbox 1208 5189 1387 5268; x_wconf 88' lang='lat' dir='ltr'>proprium:</span> <span class='ocrx_word' id='word_1_576' title='bbox 1401 5191 1486 5269; x_wconf 92' lang='lat' dir='ltr'>quod</span> <span class='ocrx_word' id='word_1_577' title='bbox 1500 5210 1574 5253; x_wconf 88' lang='lat' dir='ltr'>eum</span> <span class='ocrx_word' id='word_1_578' title='bbox 1592 5192 1707 5260; x_wconf 88' lang='lat' dir='ltr'>inesset</span> <span class='ocrx_word' id='word_1_579' title='bbox 1718 5199 1751 5260; x_wconf 91' lang='lat' dir='ltr'>in</span> <span class='ocrx_word' id='word_1_580' title='bbox 1764 5201 1870 5279; x_wconf 87' lang='lat' dir='ltr'>primo</span> 
     </span>
     <span class='ocr_line' id='line_1_54' title="bbox 282 5272 1578 5363; baseline 0.005 -23"><span class='ocrx_word' id='word_1_581' title='bbox 282 5283 347 5340; x_wconf 88' lang='lat' dir='ltr'>tem</span> <span class='ocrx_word' id='word_1_582' title='bbox 372 5272 455 5337; x_wconf 83' lang='lat' dir='ltr'>flecti</span> <span class='ocrx_word' id='word_1_583' title='bbox 467 5290 567 5353; x_wconf 87' lang='lat' dir='ltr'>posse,</span> <span class='ocrx_word' id='word_1_584' title='bbox 590 5272 710 5334; x_wconf 90' lang='lat' dir='ltr'>bonum</span> <span class='ocrx_word' id='word_1_585' title='bbox 727 5291 816 5353; x_wconf 88' lang='lat' dir='ltr'>posse</span> <span class='ocrx_word' id='word_1_586' title='bbox 833 5276 978 5356; x_wconf 90' lang='lat' dir='ltr'>amplecti</span> <span class='ocrx_word' id='word_1_587' title='bbox 999 5278 1051 5338; x_wconf 85' lang='lat' dir='ltr'>vel</span> <span class='ocrx_word' id='word_1_588' title='bbox 1100 5285 1240 5360; x_wconf 88' lang='lat' dir='ltr'>parente,</span> <span class='ocrx_word' id='word_1_589' title='bbox 1257 5281 1324 5361; x_wconf 86' lang='lat' dir='ltr'>ejus</span> <span class='ocrx_word' id='word_1_590' title='bbox 1336 5282 1427 5363; x_wconf 89' lang='lat' dir='ltr'>culpa</span> <span class='ocrx_word' id='word_1_591' title='bbox 1440 5284 1578 5363; x_wconf 89' lang='lat' dir='ltr'>perierit.</span> 
     </span>
    </p>
   </div>
   <div class='ocr_carea' id='block_1_4' title="bbox 309 5475 1239 5537">
    <p class='ocr_par' dir='ltr' id='par_1_5' title="bbox 309 5475 1239 5537">
     <span class='ocr_line' id='line_1_55' title="bbox 309 5475 1239 5537; baseline 0.004 -17"><span class='ocrx_word' id='word_1_592' title='bbox 309 5478 318 5520; x_wconf 93' lang='lat' dir='ltr'>t</span> <span class='ocrx_word' id='word_1_593' title='bbox 333 5476 381 5522; x_wconf 79' lang='lat' dir='ltr'>nn.</span> <span class='ocrx_word' id='word_1_594' title='bbox 392 5476 412 5522; x_wconf 91' lang='lat' dir='ltr'>n</span> <span class='ocrx_word' id='word_1_595' title='bbox 422 5476 449 5522; x_wconf 75' lang='lat' dir='ltr'>da</span> <span class='ocrx_word' id='word_1_596' title='bbox 460 5476 545 5521; x_wconf 72' lang='lat' dir='ltr'>roera</span> <span class='ocrx_word' id='word_1_597' title='bbox 552 5484 608 5520; x_wconf 75' lang='lat' dir='ltr'>mer.</span> <span class='ocrx_word' id='word_1_598' title='bbox 619 5477 641 5520; x_wconf 78' lang='grc' dir='ltr'>ιι</span> <span class='ocrx_word' id='word_1_599' title='bbox 651 5475 739 5521; x_wconf 68' lang='lat' dir='ltr'>raam.</span> <span class='ocrx_word' id='word_1_600' title='bbox 752 5486 801 5532; x_wconf 85' lang='lat' dir='ltr'>oap.</span> <span class='ocrx_word' id='word_1_601' title='bbox 814 5477 931 5521; x_wconf 72' lang='lat' dir='ltr'>xviia-t</span> <span class='ocrx_word' id='word_1_602' title='bbox 944 5476 992 5523; x_wconf 85' lang='lat' dir='ltr'>lAb.</span> <span class='ocrx_word' id='word_1_603' title='bbox 1004 5479 1034 5525; x_wconf 91' lang='lat' dir='ltr'>tlt</span> <span class='ocrx_word' id='word_1_604' title='bbox 1046 5481 1114 5536; x_wconf 81' lang='lat' dir='ltr'>panto</span> <span class='ocrx_word' id='word_1_605' title='bbox 1125 5487 1175 5537; x_wconf 81' lang='lat' dir='ltr'>post</span> <span class='ocrx_word' id='word_1_606' title='bbox 1189 5482 1239 5527; x_wconf 85' lang='lat' dir='ltr'>init.</span> 
     </span>
    </p>
   </div>
   <div class='ocr_carea' id='block_1_5' title="bbox 0 0 1972 6167">
    <p class='ocr_par' dir='ltr' id='par_1_6' title="bbox 0 0 1972 6167">
     <span class='ocr_line' id='line_1_56' title="bbox 0 0 1972 6167; baseline 0 0"><span class='ocrx_word' id='word_1_607' title='bbox 0 0 1972 6167; x_wconf 95' lang='lat' dir='ltr'> </span> 
     </span>
    </p>
   </div>
  </div>
 </body>
</html>
