3948 6172
287 321 348 383 ser
666 382 670 391 ,
795 308 1119 374 rnnonoorcouuu
1138 305 1356 374 ooeuarou

288 488 320 545 et
331 483 517 562 argumento
530 476 601 540 iicet
623 474 892 556 cognoscerent
912 474 997 537 enim
1017 475 1056 537 de
1146 474 1355 550 Quamobrem
1379 467 1531 552 generalis
1549 466 1618 529 hac
1632 466 1776 529 adversm
1798 467 1871 530 novi
1903 482 1956 529 ιιι

287 576 387 655 gratia
409 578 440 636 et
464 572 562 633 libero
582 569 726 646 arbitrio,
753 567 841 648 eujus
864 567 1057 630 occasionem
1105 572 1353 649 propugnatores
1389 561 1543 643 dogmatis
1568 561 1607 621 de
1640 560 1798 622 Bernardo
1829 565 1872 621 eet
1903 544 1956 643 ’ζ

290 667 347 727 sibi
359 672 465 727 natam
478 664 573 725 aiter
586 662 721 742 quodem
739 677 893 730 sermone,
910 677 1005 740 quem
1018 660 1056 721 de
1106 659 1262 739 exceptio:
1291 658 1375 718 hanc
1409 654 1448 716 ab
1476 672 1513 715 eo
1539 651 1776 727 necessitatem,
1803 669 1871 731 qua
1892 652 1956 739 ,iffi

288 756 670 836 gratiainstituerat,cum
688 751 876 814 oscilicetab
890 752 958 832 ipsa
972 770 1005 814 se
1023 753 1057 813 in
1106 770 1229 831 cogens,
1245 751 1372 829 vimque
1385 746 1524 809 inferens
1536 756 1592 812 est,
1617 743 1733 825 opponi
1743 742 1873 805 arbitrio
1928 748 1956 793 ’Β

288 849 372 911 bono
393 853 424 911 et
446 852 640 928 praeventum
659 848 855 923 agnosceret,
880 850 912 905 et
928 842 1071 924 provehi.
1106 844 1221 916 lihero;
1247 860 1313 903 non
1332 839 1417 920 quod
1437 838 1503 899 sola
1516 837 1576 918 ipsi
1589 834 1744 897 contraria
1757 834 1810 909 sit,
1823 836 1874 897 sed

286 941 424 1015 sentiret,
453 944 484 1001 et
505 942 642 1020 speraret
668 935 940 1017 perficiendum.»
969 934 1058 1008 Quod
1107 936 1191 1016 qnod
1203 935 1243 996 ad
1256 950 1353 1012 genus
1366 930 1455 1007 illud,
1480 928 1564 1009 quod
1584 926 1694 989 morale
1707 931 1832 1003 vocant,
1845 933 1874 989 et

286 1033 415 1093 audiens
429 1030 565 1111 qudam,
595 1050 610 1088 e
637 1029 717 1103 Quid
742 1033 779 1088 tu
805 1045 879 1107 ergo
906 1026 1058 1107 operaris,
1107 1027 1148 1089 ad
1160 1025 1281 1105 gratim,
1301 1019 1586 1105 cooperationisque
1607 1019 1770 1099 negotium
1792 1035 1872 1097 pra-

288 1124 376 1201 dixit,
396 1128 449 1185 aut
460 1122 538 1203 quid
551 1120 701 1184 mercedis
719 1136 834 1199 speras,
856 1119 905 1179 vel
919 1116 1053 1198 praemii,
1107 1119 1198 1199 cipue
1212 1121 1339 1198 spectet.
1360 1115 1555 1194 Quamquam
1567 1128 1633 1174 non
1645 1111 1685 1172 ad
1706 1110 1808 1172 solam
1822 1127 1872 1171 oo-

287 1216 313 1277 si
328 1221 429 1278 toturn
441 1214 514 1277 facit
538 1211 642 1275 Densi
659 1232 675 1270 o
692 1211 733 1273 ut
746 1209 922 1272 Bernardus
932 1217 964 1270 ct
983 1207 1060 1269 boni
1107 1215 1236 1290 gentem
1254 1207 1486 1286 necessitatem,
1500 1223 1536 1267 ac
1549 1202 1728 1265 violentiam
1742 1202 1874 1282 pertinet

286 1304 471 1384 suscipiendi
497 1304 700 1377 voluntatem,
718 1304 750 1360 et
768 1298 941 1379 exequendi
954 1302 1056 1377 potcs-
1107 1303 1161 1364 illa
1185 1301 1339 1363 Bernardi
1364 1299 1544 1378 disputatio,
1572 1312 1682 1357 verum
1695 1294 1737 1355 ad
1750 1310 1873 1354 omnem

286 1403 416 1458 tatema
439 1397 494 1457 Dei
514 1413 580 1457 esse
600 1393 722 1474 gratia3
744 1390 956 1452 ancbtsrero
965 1388 1056 1463 nihil,
1107 1395 1251 1476 penitus,
1277 1410 1347 1473 quae
1374 1390 1455 1453 tollit
1479 1389 1610 1451 liberam
1642 1387 1682 1449 ad
1708 1393 1872 1466 utrumque

287 1489 347 1550 nisi
358 1505 555 1563 consensum,
566 1486 676 1548 eadem
685 1483 852 1562 adjuvante
865 1499 931 1542 esse
945 1480 1057 1560 gratia
1107 1492 1301 1567 potestatem,
1314 1483 1543 1547 etvoluntatem
1553 1499 1617 1541 uno
1626 1480 1732 1560 aliquo
1745 1478 1871 1540 urcun-

287 1582 481 1643 demonstrat
494 1584 560 1640 toto
574 1577 627 1639 illo
643 1576 735 1638 libro.
756 1576 855 1649 Quem
874 1590 1058 1635 consensum
1107 1579 1222 1655 scribit,
1251 1577 1390 1657 adeoque
1413 1574 1584 1655 simplicem
1606 1573 1831 1644 necessitatem,
1845 1577 1873 1632 et

286 1671 496 1734 voluntarium
526 1687 592 1731 esse
624 1667 756 1743 debere,
784 1684 849 1727 non
877 1682 1058 1745 expressum
1108 1677 1344 1746 oumapontaaeo
1356 1669 1636 1730 coherentemnna
1649 1664 1871 1745 complectitur,

285 1766 477 1838 necessitate,
486 1761 519 1822 id
528 1765 574 1823 est
587 1765 738 1834 coactum,
750 1763 781 1820 et
794 1757 927 1818 invitum
939 1755 1056 1818 asserit.
1107 1769 1143 1824 ut
1151 1762 1322 1843 paulopost
1330 1761 1443 1822 dicam.
1453 1760 1560 1839 Neque
1568 1758 1683 1833 vim,et
1689 1754 1871 1819 coactionem

292 1858 371 1917 «Est
383 1855 467 1917 enirn
479 1853 607 1916 habitus
621 1852 719 1913 animi
732 1849 887 1924 libersui3
905 1849 1059 1928 siquidem
1108 1853 1228 1915 eliade
1255 1871 1348 1915 cause
1373 1850 1474 1913 libero
1496 1849 1635 1925 arbitrio,
1659 1854 1691 1910 et
1712 1846 1871 1910 consensui

287 1967 353 2010 non
380 1948 513 2027 cogitur,
536 1964 602 2007 non
625 1948 838 2022 extorquetur.
863 1943 918 2003 Est
944 1942 1059 2022 quippe
1107 1963 1282 2026 repugnare
1303 1944 1380 2018 vult,
1407 1942 1605 2023 quamun
1631 1940 1766 2021 integra,
1788 1946 1818 2003 et
1837 1942 1871 2003 ad

287 2039 471 2115 voluntatis,
500 2056 566 2099 non
588 2034 796 2109 necessitatis3
819 2051 878 2095 nec
894 2040 990 2113 negat
1012 2051 1059 2109 se,
1108 2032 1870 2116 utrumvisexpeditaeligendifacultaaeriperetrr,

288 2148 347 2192 neo
375 2129 493 2211 prebet
527 2128 696 2207 cuiqnam,
723 2125 783 2185 nisi
816 2143 855 2187 ex
888 2124 1059 2186 voluntate.
1109 2130 1378 2210 siillapartessuas
1386 2114 1665 2208 ageret3imovero
1674 2125 1869 2199 coactionem,
1950 2152 1956 2167 ·

289 2221 423 2303 Alioqui,
438 2221 465 2282 si
478 2218 621 2299 compelli
639 2218 731 2295 valet,
749 2210 905 2277 violentus
917 2222 974 2292 est,
995 2234 1060 2277 non
1109 2228 1141 2282 et
1157 2221 1338 2284 violentiam
1351 2219 1511 2281 interdum
1530 2218 1627 2299 accipi
1643 2219 1706 2295 sic,
1727 2224 1765 2280 ut
1777 2236 1871 2280 necm-

289 2312 493 2376 volnntarius.
508 2311 568 2374 Ubi
581 2316 687 2372 autern
696 2309 840 2371 voluntas
852 2327 917 2370 uon
929 2313 992 2385 est,
1002 2327 1061 2370 nec
1108 2313 1231 2375 sitatem
1240 2312 1391 2393 significet
1397 2308 1868 2393 simplicemsupramonuimus¹3

290 2424 468 2468 consensus.
500 2404 570 2464 Non
604 2408 650 2464 est
673 2400 759 2463 enim
784 2418 963 2477 consensus,
1000 2400 1061 2462 nisi
1110 2410 1262 2485 quatem
1275 2404 1308 2466 id
1322 2403 1424 2466 solum
1446 2403 1674 2480 consideratur,
1689 2421 1753 2483 quo
1770 2404 1871 2466 rolan-

289 2497 493 2560 volunterius.
509 2494 569 2556 Ubi
579 2492 891 2574 ergoconsensus,ibi
904 2492 1058 2554 voluntas.
1109 2498 1167 2558 tati
1178 2495 1382 2573 deliberandi,
1397 2494 1603 2571 consultandi,
1618 2499 1649 2556 et
1663 2513 1764 2556 unum
1780 2495 1869 2576 epiu-

291 2592 390 2651 Porro
404 2588 459 2649 ubi
472 2586 633 2662 voluntas,
654 2585 699 2645 ibi
713 2584 848 2646 libemus.
871 2585 911 2644 Et
929 2584 989 2646 hoc
1002 2588 1060 2661 est,
1111 2588 1196 2649 ribus
1210 2588 1339 2669 optandi
1348 2592 1484 2668 potestas
1493 2587 1650 2663 adimitur,
1659 2592 1764 2649 etuno
1777 2587 1869 2668 aliqm
1955 2664 1956 2669 ἵ

291 2681 375 2762 quod
388 2679 449 2741 dici
458 2683 534 2759 puto
547 2676 681 2738 liberum
693 2675 906 2737 arbitrium.»
1111 2680 1270 2741 definitur.

332 2772 387 2832 lli.
409 2771 548 2850 Disputat
569 2785 643 2847 ergo
664 2766 838 2829 Berraum
852 2765 890 2827 de
908 2764 1061 2844 libertate,
1149 2773 1200 2833 lV.
1225 2773 1291 2833 Hoc
1303 2788 1407 2847 sensu,
1422 2776 1507 2833 etea
1520 2770 1559 2832 de
1571 2788 1663 2833 causa
1683 2772 1869 2835 Bernardum

292 2869 444 2944 quatenus
458 2859 611 2922 musantit
624 2858 742 2939 gratie,
756 2864 787 2919 et
800 2857 834 2918 in
847 2857 1060 2938 peueremoris,
1110 2863 1209 2925 libero
1234 2863 1374 2938 arbitrio,
1409 2869 1441 2925 et
1475 2864 1638 2925 consensui
1667 2865 1868 2926 neoesmlatem

292 2955 376 3036 quod
399 2952 498 3025 aiunt,
523 2956 689 3032 spectatur,
704 2968 740 3011 ac
752 2948 832 3015 bene
846 2948 957 3028 agendi
976 2948 1064 3028 prin-
1111 2956 1197 3017 velut
1213 2955 1412 3032 contrariam,
1427 2961 1459 3017 et
1469 2961 1698 3035 repugnantem
1711 2974 1866 3037 opponere,

293 3047 410 3127 cipium
423 3050 481 3106 est.
503 3043 579 3104 Tale
592 3048 698 3103 autem
718 3060 783 3102 non
802 3042 896 3102 modo
915 3041 1061 3115 liberum,
1112 3047 1196 3126 quod
1210 3046 1358 3108 utriusvis
1370 3052 1569 3126 potestatem,
1590 3053 1622 3109 et
1634 3047 1867 3111 deponente

294 3138 348 3200 sed
383 3136 476 3198 etiam
511 3133 743 3208 voluntarium,
778 3133 842 3194 sive
875 3140 1063 3213 spontaneam
1111 3138 1280 3214 trebates
1297 3138 1364 3218 ipso
1385 3138 1524 3219 primum
1541 3138 1614 3200 libri
1632 3145 1868 3220 argumentuet

294 3234 416 3310 oportet
428 3246 513 3303 esse;
532 3227 696 3288 nonenim
715 3235 841 3306 συνεργεῖ,
860 3224 951 3286 idest
966 3243 1065 3306 coope-
1112 3230 1179 3309 ejus
1191 3230 1336 3294 universa
1348 3230 1488 3291 doctrina
1500 3230 1668 3310 colligitur.
1687 3232 1868 3312 Propadtum

294 3330 382 3383 retur
394 3319 512 3399 gratia,
528 3320 552 3379 si
576 3323 689 3395 coacte,
705 3321 737 3379 et
756 3316 896 3396 ingratiis
907 3322 989 3395 agat,
1007 3316 1064 3377 etsi
1110 3323 1198 3384 ‘enim
1212 3322 1243 3383 id
1256 3321 1351 3384 habet
1364 3322 1418 3382 illo
1430 3321 1464 3382 in
1474 3321 1556 3382 libro
1570 3322 1867 3403 demonstrare,quo

293 3413 389 3473 libere
422 3411 538 3491 alioqui
570 3409 670 3471 facim.
701 3408 861 3488 Siquidem
882 3408 1061 3482 laudabilis,
1112 3414 1206 3476 modo
1221 3432 1293 3476 cum
1314 3413 1370 3474 Dei
1390 3414 1490 3493 gratia
1509 3432 1677 3476 censemus
1690 3414 1867 3476 voluntarius

293 3504 485 3582 honestaque
509 3501 587 3563 actio
602 3501 688 3562 nulla
712 3506 865 3576 censetur,
880 3500 941 3560 nisi
954 3505 1064 3580 sponte
1112 3505 1248 3566 hominis
1270 3505 1444 3566 conveniat
1465 3505 1554 3579 Quod
1568 3505 1595 3567 si
1607 3505 1800 3568 voluntarius
1812 3522 1865 3566 non
1954 3554 1955 3583 ,

244 3648 246 3653 ,
295 3598 437 3673 suscepta
456 3593 506 3669 sit,
524 3591 822 3670 quodvoluatoriam
836 3590 950 3667 Latini,
966 3591 1065 3653 Graeci
1112 3597 1552 3679 aliudait,quamspoutancua,
1568 3596 1867 3660 hoceatmraimeoio

295 3694 404 3749 tataros
418 3684 602 3757 nominant;
631 3682 670 3743 de
683 3700 746 3762 quo
759 3682 924 3760 relegenda
936 3700 1064 3761 prorsus
1115 3687 1221 3765 katus,
1237 3689 1334 3750 otiosa
1354 3698 1401 3751 est
1417 3694 1449 3751 et
1461 3689 1567 3769 inepta
1579 3690 1720 3770 questio,
1734 3690 1784 3753 vel
1795 3688 1868 3752 nulls

296 3778 349 3839 illa
363 3781 445 3847 sunt,
461 3793 530 3855 que
547 3792 642 3857 supra
667 3774 706 3834 ad
730 3772 867 3835 Anselmi
880 3774 1064 3835 senteutiam
1112 3781 1225 3861 potius.
1241 3780 1399 3860 Numquis
1409 3780 1661 3860 adeoplumbeus
1672 3784 1866 3859 esautireo
1954 3840 1955 3863 ,

295 3867 559 3950 interpretandam
576 3865 746 3926 attulimus.
774 3863 890 3926 Eadem
913 3864 998 3926 euim
1018 3870 1065 3926 est
1113 3874 1209 3952 possit
1222 3873 1352 3949 haerere,
1369 3891 1427 3934 nec
1439 3873 1709 3954 statimexpediat,
1724 3873 1867 3955 uomodo
1954 3892 1955 3945 l

295 3981 397 4039 causa,
418 3979 474 4022 eur
501 3964 532 4020 et
556 3957 733 4033 Anselmus,
762 3962 793 4019 et
819 3957 1005 4034 Bernardus,
1034 3963 1065 4019 et
1114 3965 1222 4027 eadam
1236 3982 1286 4026 res
1309 3971 1340 4026 et
1361 3970 1471 4044 sponte
1494 3966 1597 4046 appeti
1610 3968 1715 4047 possit,
1732 3973 1763 4029 et
1774 3983 1866 4030 uoces·

294 4053 432 4134 plerique
452 4067 561 4113 omnes
574 4049 707 4130 antiqui,
722 4067 796 4111 cum
807 4049 845 4110 de
858 4049 955 4110 libero
981 4049 1063 4111 arbi·
1113 4055 1205 4133 sario,
1229 4056 1408 4136 impellente
1435 4057 1606 4120 scilicetne
1629 4065 1775 4122 movente
1791 4055 1868 4121 Deo?

294 4147 354 4206 trio
368 4145 533 4220 disserunt,
558 4141 652 4221 idque
667 4141 847 4203 necessitate
872 4141 937 4203 ulla
948 4147 1064 4222 negant
1114 4148 1274 4228 Siquidem
1285 4155 1316 4209 et
1327 4149 1440 4210 bestias
1454 4150 1535 4230 ipsas
1547 4150 1616 4231 rapi
1625 4151 1668 4213 sic
1680 4152 1825 4228 videmus,
1836 4167 1867 4211 ac

295 4236 429 4316 opprimi
442 4253 542 4316 posse,
563 4234 627 4294 um
641 4233 885 4310 etcoactionem,
900 4252 937 4301 ac
950 4234 1065 4295 violen-
1114 4247 1223 4320 sponte
1237 4241 1351 4302 attrahi
1373 4241 1476 4318 simul,
1492 4247 1524 4303 et
1543 4244 1734 4318 necessitate,
1749 4258 1867 4324 quarum

294 4327 372 4388 tiam
389 4327 563 4388 nominant.
587 4324 743 4386 Nimirum
762 4326 822 4387 hoc
842 4325 912 4387 ideo
935 4325 1063 4403 focium,
1114 4331 1148 4393 iu
1161 4337 1312 4412 potestate
1322 4350 1387 4394 uon
1400 4339 1474 4394 suut
1486 4333 1688 4415 appetitiones,
1702 4343 1733 4397 es
1745 4337 1865 4419 impetus,

296 4418 381 4499 quod
403 4418 567 4479 necessitas
593 4417 745 4497 simmaa,
766 4435 837 4496 quae
849 4417 894 4477 ita
907 4417 987 4478 tollit
1005 4418 1065 4480 eli·
1115 4439 1193 4500 ques
1205 4420 1304 4482 Graeci
1316 4429 1394 4501 tupi<
1405 4428 1529 4483 vocant.
1549 4422 1643 4485 Aliud
1656 4424 1772 4504 itaque,
1786 4440 1866 4506 quau

296 4508 390 4589 gendi
403 4509 592 4583 facultatem,
608 4514 644 4569 ut
655 4513 760 4570 tamen
768 4515 960 4588 spontaneum
973 4508 1065 4571 relin-
1114 4520 1144 4573 τὸ
1157 4520 1279 4582 ἑκούσιον,
1303 4512 1336 4575 id
1356 4518 1403 4575 est
1421 4522 1610 4594 spontaneam
1623 4517 1761 4596 precise,
1774 4522 1804 4578 et
1813 4532 1866 4578 non

296 4607 382 4681 quat,
406 4601 447 4663 ad
463 4617 590 4661 mamm
601 4600 827 4673 uastationem,
852 4606 884 4662 et
894 4601 1017 4663 honesti
1030 4609 1090 4663 ac*
1113 4603 1306 4678 violentum,
1336 4606 1515 4668 Bernardus
1539 4607 1671 4687 intelligi
1697 4610 1780 4682 vult,
1806 4623 1866 4669 cum

296 4692 396 4771 turpis
415 4692 599 4765 dmmmen,
616 4690 810 4769 etjudicium
822 4690 953 4753 mirume
966 4692 1065 4772 perti·
1115 4695 1318 4757 voluntarium
1346 4715 1512 4759 consensum
1535 4697 1698 4773 nominat,
1734 4720 1770 4763 ac
1793 4703 1866 4761 uoto

297 4788 387 4860 neat,
406 4783 460 4846 sed
473 4801 511 4844 ea
524 4781 775 4857 solanecessitas,
794 4799 864 4860 quae
877 4785 1066 4846 extrinsecus
1114 4787 1227 4864 studio,
1243 4795 1274 4849 et
1286 4789 1485 4851 contentione
1498 4789 1676 4870 disputandi
1689 4811 1760 4855 cum
1783 4790 1867 4874 gratis

297 4874 507 4949 admots,non
520 4873 620 4935 aufert
628 4872 748 4936 arbitrii
758 4872 943 4951 liberatem,
956 4893 1066 4936 verum
1115 4881 1283 4958 componit,
1307 4898 1348 4941 ne
1369 4881 1596 4961 propemodum
1619 4882 1750 4946 ridicula
1773 4883 1868 4960 uitet
1953 4880 1954 4887 ’

298 4973 327 5028 τὸ
342 4973 462 5037 ἑκούσιον,
471 4972 502 5029 et
513 4973 704 5047 spontaneum
718 4965 768 5027 vel
776 4965 906 5027 omnino
920 4967 1064 5045 detrahit,
1115 4988 1342 5051 supervacanea
1362 4972 1444 5033 tanti
1462 4972 1521 5034 viri
1540 4979 1607 5036 tam
1620 4976 1742 5039 strbtilis
1753 4984 1784 5039 et
1795 4974 1867 5037 laho-

298 5057 438 5119 veleerte
450 5060 582 5135 minuit;
597 5077 636 5120 ex
645 5077 707 5139 qno
717 5057 880 5120 laudabilis
889 5059 1066 5121 ethonestas
1114 5062 1198 5124 riusa
1213 5063 1339 5142 jactatio
1353 5063 1388 5125 in
1400 5082 1435 5128 re
1451 5063 1582 5128 minime
1595 5067 1731 5146 difficili,
1745 5073 1776 5131 et
1787 5062 1868 5131 snivi!

299 5148 428 5213 actionis
440 5150 583 5232 dignitas,
595 5151 818 5232 estimatioque
834 5150 965 5229 petitur,
981 5151 1066 5232 quod
1114 5154 1215 5216 obvia.

298 5242 341 5304 ibi
355 5243 477 5324 plenius
489 5244 665 5327 expositum
673 5249 728 5307 est.
823 5262 825 5266 ·
1028 5280 1029 5284 =
1155 5248 1195 5309 V.
1218 5247 1318 5328 Atque
1335 5248 1535 5332 hocinsuper
1551 5248 1867 5333 qmbusdamexilliu

326 5443 337 5487 t
353 5443 407 5490 tide
417 5457 438 5491 a.
448 5455 471 5489 u
485 5444 539 5491 libri
551 5444 673 5502 superioris
683 5451 706 5489 et
720 5455 767 5500 seq.
