3934 6172
406 399 454 461 DE
474 397 638 461 OPlFlCIO
661 397 738 459 SEX
761 396 936 473 DIERUM,
959 399 1031 459 LlB.
1055 399 1096 471 ΙΙ,
1119 397 1207 460 GAP.
1230 399 1281 459 iv.
1576 400 1635 459 237

67 564 139 646 quod
150 564 261 627 nullius
275 564 415 627 dominio
428 564 602 644 subjicitur,
613 570 644 626 ct
657 583 721 625 suaa
734 568 819 643 pote-
866 562 996 643 imagini
1010 563 1170 644 superfusa
1183 564 1444 645 pulchritudinem
1457 565 1636 645 ejiis,venu·

67 658 202 733 natisest,
217 677 253 720 ac
263 663 374 739 suapte
387 663 559 735 rotuntate,
577 663 608 718 et
620 657 718 718 libero
732 657 818 717 arbi·
867 660 1038 736 statemque
1061 656 1209 737 mmplet3
1237 663 1272 719 ιιι
1298 657 1332 718 in
1358 658 1498 737 sequenti
1525 660 1633 739 rapite,

68 750 327 830 biogubernatur.
344 751 441 830 Cujus
455 750 541 811 anim
558 750 720 830 proprium
741 747 819 809 illud
868 750 1009 825 suaviae
1021 749 1507 811 nitidaoraticnedeclaratidem
1521 753 1636 831 Grego-

67 848 117 915 οσι,
138 861 226 923 quain
250 842 359 922 regis?
379 845 535 903 Praeterea
560 842 730 922 imaginem
755 858 820 902 csse
867 839 1041 919 rius3et,ut
1054 841 1637 924 aitClemensAlexandrinus¹,sapiens

67 940 173 995 natura
194 934 342 996 omnibus
355 935 546 1016 imperantis,
561 934 642 994 nihil
657 934 741 994 aliud
761 938 818 1008 est,
868 933 901 992 in
931 950 968 994 ea
994 933 1135 1013 proxime
1164 934 1217 994 Dei
1244 934 1478 996 similitudinem
1501 935 1635 1015 attingit,

67 1044 150 1106 quam
163 1045 231 1088 cuin
244 1027 332 1107 regia
345 1027 494 1108 dignitate
504 1032 649 1088 naturam
659 1026 744 1087 illam
754 1042 820 1086 essa
868 1025 953 1105 quod
965 1031 1092 1103 ἀπάθειαν,
1105 1026 1139 1087 id
1153 1032 1199 1087 est
1210 1027 1481 1106 perturbationum
1495 1029 1637 1089 omnium

68 1119 240 1181 conditam⁶.
253 1142 271 1177 ο
867 1119 1052 1179 vacuitatem
1071 1118 1213 1197 anqiiirit.
1240 1120 1376 1180 Tametsi
1394 1122 1477 1200 quud
1500 1119 1638 1201 apposite

100 1213 148 1274 Vl.
168 1213 215 1273 Ad
226 1212 310 1273 bane
322 1212 516 1292 primariam,
528 1218 560 1274 et
572 1211 820 1289 nativam,ntque
868 1216 1011 1272 notatum
1022 1211 1115 1272 cstab
1128 1211 1328 1289 Tertulliano,
1345 1230 1409 1273 non
1419 1219 1520 1292 potest
1534 1222 1562 1276 τι
1575 1222 1636 1276 ἀνα·

69 1311 162 1381 οισιιιοη
176 1304 210 1364 in
221 1305 350 1366 homine
359 1305 580 1384 proprietatem
588 1303 821 1382 imaginis,quae
870 1311 1005 1383 μάριητσν,
1022 1303 1054 1364 id
1068 1309 1114 1364 est
1126 1310 1234 1364 statam
1245 1304 1359 1384 peceati
1371 1305 1463 1365 omncs
1477 1313 1637 1387 repertam,

69 1395 242 1473 iuratione,
270 1396 336 1457 sire
361 1396 576 1475 intelligentia,
606 1401 637 1456 et
662 1395 821 1456 voluntate
869 1395 1027 1473 quiinlieo
1042 1396 1410 1476 est,imitandoassequi;
1439 1420 1453 1455 ii
1461 1398 1545 1459 Sicut
1554 1400 1638 1460 enirn

69 1488 154 1566 posita
170 1499 225 1565 est,
245 1488 399 1551 accedunt
420 1493 551 1566 cratera,
572 1506 642 1567 quae
667 1488 823 1567 passima
869 1486 973 1566 imago
986 1487 1010 1564 ¹,
1022 1507 1092 1549 eum
1103 1506 1210 1550 omnes
1220 1489 1318 1549 lineas
1326 1489 1490 1569 exprimat,
1501 1492 1639 1552 veritatis

70 1579 204 1660 plerisque
218 1581 363 1641 Patribus
376 1580 549 1641 atteruntur
557 1601 566 1657 ;
582 1579 667 1642 velut
678 1578 821 1641 aeciden-
869 1575 901 1636 vi
913 1581 1019 1638 tamen
1032 1577 1098 1657 ipsa
1111 1583 1204 1647 earet,
1220 1597 1285 1639 non
1308 1578 1426 1640 habens
1440 1585 1581 1654 motiim3
1596 1583 1640 1641 ita

70 1673 105 1733 tia
132 1674 273 1754 quasdam
307 1679 502 1750 ornamenta,
532 1679 564 1735 et
596 1672 823 1752 complementa
870 1668 1642 1751 etanimaimagospiritiis‚solamvimejusexpri-

71 1764 272 1835 similitudinis,
282 1770 318 1826 ιιι
329 1771 376 1827 est
387 1765 613 1839 immortalitas,
626 1764 737 1839 virtus,
750 1782 821 1843 gra·
870 1778 955 1822 mere
969 1779 1034 1822 non
1047 1763 1154 1837 valuit,
1170 1762 1261 1823 idest
1274 1755 1342 1823 non
1356 1764 1559 1844 delinquendi
1572 1764 1639 1826 fcli-

71 1855 115 1928 tia,
130 1855 259 1934 justitia,
275 1862 307 1916 et
324 1855 350 1915 si
365 1855 440 1934 quid
453 1855 539 1915 aliud
559 1859 614 1928 est,
630 1872 692 1934 quo
711 1854 750 1914 ad
764 1852 824 1914 Dei
870 1853 1004 1917 citatem.
1016 1874 1032 1914 ο
1046 1855 1164 1935 Quippe
1177 1855 1224 1916 uti
1233 1856 1421 1917 Prudentius
1435 1858 1545 1919 cecinit
1555 1856 1578 1933 ³,

70 1946 298 2022 militudinem,
321 1947 588 2026 imitationemque
600 1946 729 2027 propius
750 1963 822 2023 per·

71 2040 184 2100 venitur.
199 2038 323 2101 Eximio
336 2040 375 2101 dc
388 2039 445 2100 bac
457 2057 491 2100 re
506 2039 660 2100 sententia
678 2042 724 2099 est
740 2039 822 2117 ejus·
1307 2050 1323 2087 (t
1343 2030 1516 2092 nonhabet
1531 2032 1641 2093 umbra

71 2131 280 2212 temqrggorfi
293 2132 435 2213 pyrroni,
449 2131 823 2211 quivtrffirnimrtrm.
871 2116 960 2191 Quod
981 2136 1092 2200 corpus
1117 2119 1263 2198 solidum,
1293 2121 1382 2201 enjus
1415 2122 1572 2183 simulatio
1606 2124 1640 2184 in

71 2242 121 2304 que
141 2224 255 2286 summi
279 2224 428 2306 principis
449 2223 584 2303 effigiem
612 2222 730 2284 confert
750 2240 823 2285 eum
1448 2214 1571 2293 [umbra
1582 2221 1638 2277 est.

72 2316 253 2397 lmpffltrtrir
265 2317 415 2396 imagine,
428 2334 499 2396 (μω
512 2317 552 2378 ab
566 2315 735 2377 artificibus
749 2334 822 2393 rer-0,
872 2301 972 2382 Atque
985 2303 1074 2366 aliud·
1084 2323 1193 2367 rerum
1207 2311 1263 2375 est,
1280 2306 1363 2367 aliud
1378 2307 1636 2369 simulationem.»

73 2409 111 2469 rel
121 2410 236 2490 pictura
248 2410 294 2471 sic
307 2408 502 2490 exprimitur,
510 2415 546 2471 ut
554 2409 647 2489 regiae
657 2408 824 2487 majestatis

72 2501 152 2572 calta,
185 2508 216 2565 et
249 2501 426 2581 insignibus
459 2501 631 2575 decoretur,
670 2518 821 2580 purpura,
912 2491 980 2551 Vll·
1012 2492 1169 2554 Postremo
1197 2492 1231 2552 in
1254 2492 1356 2572 ipsum
1383 2510 1507 2572 quoque
1530 2492 1640 2554 Adami
1704 2500 1773 2598 liqna

72 2600 186 2674 repro,
218 2594 404 2656 diademate,
438 2595 644 2674 Quapropter,
673 2593 718 2653 uti
743 2592 825 2672 regis
872 2600 983 2663 corpus
996 2583 1109 2646 dirinae
1122 2584 1265 2664 imaginis
1287 2584 1421 2664 dignitas
1441 2585 1637 2647 redundavit.
1665 2565 1810 2673 quoqmcor·

72 2686 158 2766 imago
182 2705 247 2748 110„
270 2687 372 2747 solum
390 2686 513 2747 vultum
532 2686 625 2761 iltius,
644 2692 675 2746 et
688 2685 825 2765 torporis
872 2677 986 2755 Deque
1001 2676 1154 2756 insignem
1165 2677 1259 2738 habet
1272 2678 1642 2739 locumlcanuesDama·
1666 2673 1740 2717 ¹¹¹¹⁸⁸⁰
1764 2660 1810 2705 ⁰⁰³·

71 2776 199 2857 figuram,
213 2797 250 2858 rr
270 2779 356 2840 velut
374 2779 577 2840 substantiam
600 2778 699 2857 ipsam
719 2778 823 2854 refert,
873 2786 982 2829 suenus
993 2768 1156 2850 inls'clcgi's
1169 2789 1208 2830 ex
1221 2769 1521 2850 antiqucseriptore:
1536 2772 1641 2832 «Nam

72 2871 115 2931 aad
125 2871 215 2932 ctiam
229 2877 378 2932 ornatum
391 2871 468 2950 ejus,
478 2877 509 2933 et
517 2870 723 2932 adventitium
735 2870 826 2931 dero-
873 2859 1055 2922 atvertum
1075 2862 1217 2923 divinum
1231 2864 1285 2934 ait,
1303 2863 1460 2924 Faciamus
1480 2862 1641 2925 hominem

71 2980 143 3036 rrrr3
157 2964 199 3024 sir
217 2964 315 3024 bomo
329 2963 461 3043 perfrrtr
476 2969 546 3024 tum
559 2962 729 3041 imaginem
742 2961 776 3021 in
792 2979 825 3023 se
874 2950 914 3012 ud
944 2952 1114 3033 imaginem
1148 2961 1298 3032 nostram,
1328 2961 1359 3015 et
1391 2954 1640 3018 similitudinem,

74 3054 169 3128 baiae
179 3055 415 3116 similitudinem
428 3055 541 3131 reddit,
566 3072 637 3117 rum
651 3054 690 3115 ad
704 3060 824 3116 naturae
873 3044 1047 3119 Quemnam
1059 3047 1270 3126 vercinempe
1281 3046 1437 3107 carnalem
1451 3044 1526 3106 dicit
1539 3046 1639 3108 homi-

73 3141 150 3220 bonn,
174 3163 244 3224 quae
279 3143 387 3210 deleri,
417 3143 618 3222 extinguique
651 3147 823 3221 nequeunt,
874 3160 958 3203 nem.
985 3139 1034 3198 Ait
1061 3140 1145 3200 enim
1175 3140 1327 3219 scriptura
1347 3158 1354 3200 ι
1371 3138 1416 3201 Et
1429 3139 1541 3220 occepit
1566 3139 1644 3202 Deus

73 3235 150 3296 mam
162 3236 212 3297 ille
226 3237 389 3310 virtutum,
401 3241 431 3296 et
440 3236 546 3314 gratim
556 3235 650 3311 nitor,
660 3253 695 3295 aa
705 3234 827 3313 reliqua
872 3235 1023 3316 pulverem
1035 3230 1070 3292 de
1093 3239 1174 3292 terro
1188 3236 1216 3292 οι
1229 3231 1370 3311 formarit
1385 3230 1541 3293 bominem.
1566 3234 1642 3296 Per·

73 3329 158 3390 omnia
178 3329 313 3409 dignitas
327 3329 508 3408 adjungitur
525 3348 533 3388 ι
552 3329 661 3388 «Cum
686 3328 827 3388 humana
875 3327 1019 3407 spicuum
1040 3329 1086 3385 est
1108 3323 1217 3402 igitur,
1241 3324 1403 3386 hominem
1427 3343 1512 3402 euin,
1538 3328 1592 3406 qni
1606 3320 1645 3389 ad

73 3428 168 3481 natura
181 3440 245 3483 ncn
259 3439 403 3501 purpura
419 3420 559 3497 vestitur,
577 3437 679 3498 neque
693 3424 825 3499 seeptro,
875 3419 1046 3499 imaginem
1061 3416 1115 3476 Dei
1137 3416 1338 3493 formabatur,
1366 3418 1458 3479 tuisse
1485 3420 1644 3482 carnalem

74 3512 114 3572 rel
141 3513 314 3575 diademate
344 3513 526 3592 dignitatem
561 3515 694 3572 ostentat
726 3528 825 3588 suam,
876 3511 981 3572 istum.
998 3508 1086 3583 Quod
1106 3509 1132 3569 si
1145 3509 1187 3569 ita
1201 3515 1258 3586 est,
1273 3528 1379 3571 nonne
1402 3510 1571 3573 absurdum
1586 3518 1641 3591 est,

76 3602 170 3684 [noque
181 3607 268 3667 enim
281 3605 487 3684 archetypum
501 3605 535 3664 in
550 3603 587 3664 iis
602 3601 761 3685 consistit),
776 3602 830 3664 sed
877 3621 1002 3664 earnem
1015 3620 1033 3661 a
1047 3601 1109 3662 Deo
1131 3600 1296 3662 formatam
1317 3601 1354 3662 ad
1374 3602 1544 3683 imaginem
1558 3623 1646 3666 suain

75 3693 129 3756 loca
139 3716 285 3778 purpurae
298 3698 412 3757 virtute
421 3701 466 3757 est
476 3697 599 3773 amicta,
615 3714 685 3775 quaa
699 3701 744 3756 est
758 3713 828 3756 om·
877 3694 1046 3773 ignobilem
1052 3711 1127 3769 esse,
1137 3711 1172 3754 ae
1181 3693 1296 3754 nullius
1308 3694 1507 3774 pretiidicere
1514 3696 1646 3781 ‘lacero

75 3787 150 3848 nium
162 3790 297 3850 maxime
316 3789 402 3868 regia
414 3789 526 3850 vestis:
542 3807 600 3867 pro
618 3792 738 3867 seeptro
755 3805 830 3848 vero
878 3787 974 3867 igitur
987 3787 1027 3848 ad
1040 3786 1210 3865 imaginem
1218 3787 1272 3847 Dei
1285 3785 1365 3847 facta
1374 3786 1498 3848 dicitur.
1513 3790 1600 3863 Quod
1610 3807 1647 3850 cc

74 3879 299 3943 immortalitatis
308 3880 454 3942 beatitate
463 3879 599 3956 fulcitur,
611 3898 646 3941 aa
656 3898 713 3961 prc
728 3879 830 3941 diade·
879 3896 973 3939 sensu
987 3878 1223 3957 intelligendum
1243 3884 1298 3954 est,
1315 3897 1410 3958 quem
1430 3899 1524 3960 supra
1537 3882 1645 3943 docui·

74 3979 142 4035 mate
150 3974 278 4052 justitiae
299 3991 415 4035 corona
437 3991 511 4035 eum
524 3971 684 4034 exornati.
714 3994 726 4029 i
752 3971 829 4032 Vide
880 3990 961 4048 mus,
977 3976 1013 4031 ut
1025 3989 1091 4031 non
1103 3971 1210 4031 anima
1224 3971 1299 4046 sola,
1310 3972 1427 4033 nedum
1439 3990 1510 4033 earo
1525 3973 1645 4050 solasit,

74 4062 252 4129 Dorotheum
266 4066 298 4126 in
311 4065 453 4128 Doctrina
468 4065 580 4145 prima,
596 4064 654 4125 suh
670 4064 807 4124 initium.
880 4064 919 4125 ad
933 4081 1029 4144 quam
1041 4063 1133 4124 iliosis
1146 4064 1203 4122 ista
1219 4062 1313 4123 verba
1326 4063 1513 4125 referuntur.
1536 4065 1646 4128 Facio-

105 4158 330 4239 ltaqueuirtus,
346 4157 826 4238 aeretiquusomnisapparatus,
880 4174 945 4217 mua
971 4155 1116 4216 hominem
1137 4153 1179 4217 ud
1199 4154 1367 4233 imaginem,
1392 4160 1452 4216 etc.
1477 4157 1531 4218 sed
1552 4158 1648 4220 bomo

75 4247 170 4312 coloris
196 4251 297 4313 instar
319 4255 376 4329 ast,
392 4256 423 4312 et
450 4250 611 4330 elegantia
635 4249 740 4326 totius,
757 4266 828 4329 quae
879 4253 962 4309 totus
976 4266 1068 4309 earne
1082 4251 1236 4322 constans,
1252 4245 1411 4309 etanima.
1428 4248 1486 4309 Oui
1507 4251 1650 4332 quamvis

102 4455 256 4513 dilassari.
274 4453 324 4511 lib.
342 4453 379 4510 de
398 4458 481 4509 Hom.
501 4452 711 4526 opif.eap.1v.
735 4449 773 4504 Ἥ
790 4449 832 4523 μὲν
880 4452 992 4506 κώτατον
1010 4449 1151 4523 ἐσθημάτων
1169 4447 1244 4502 ἐστίν.
1261 4447 1314 4503 ἀντι
1330 4449 1356 4504 st
1377 4452 1509 4524 σκήπτρου,
1525 4458 1555 4528 τῇ
1570 4475 1648 4529 pam.

75 4535 185 4611 thirsi
199 4540 229 4593 τό
249 4537 374 4609 βασιλικόν
395 4555 433 4601 τε,
447 4537 488 4589 καί
503 4534 638 4609 ἐπῃρμένον
656 4534 754 4588 αὐτόθεν
770 4534 833 4587 tetz-
882 4536 976 4608 ριότητι
990 4538 1033 4602 τῆς
1048 4532 1178 4594 ἀθανασίας
1200 4531 1349 4606 ἔρειδομίνῃ,
1368 4531 1459 4588 tritta
1477 4544 1520 4591 τοῦ
1533 4540 1651 4612 διαδήμα-

76 4639 120 4673 νοσι
130 4621 213 4694 addin
226 4626 271 4689 τῆς
282 4620 405 4687 ἰδιωτικῆς
419 4621 591 4687 ταπεινότητος
604 4618 796 4690 κεχωρισμένον,
807 4614 833 4670 ἔκ
881 4636 933 4684 τος,
948 4622 985 4689 τῷ
1000 4621 1043 4683 τῆς
1053 4617 1205 4683 δικαιοσύνης
1219 4617 1330 4690 στεφάνῳ
1340 4621 1520 4691 κεκοσμημένη,

76 4698 110 4755 αὖ
121 4704 253 4759 όδὲσκοτον
267 4702 342 4771 αὐτὴν
357 4697 428 4768 εἶναι,
442 4704 484 4755 καὶ
498 4700 663 4768 αὐτεξούσιον,
676 4699 747 4761 ἰδίοις
761 4699 832 4768 δελή·
918 4716 933 4755 o
952 4701 1068 4756 Damae.
1085 4699 1125 4755 lii.
1141 4702 1172 4755 Λ.
1186 4698 1228 4755 iit.
1245 4701 1349 4756 Lllllll.
1369 4700 1399 4754 El
1412 4700 1459 4774 γδιρ
1474 4706 1483 4769 (
1491 4698 1536 4773 οὗ)
1549 4708 1620 4778 ρησίν
1635 4706 1650 4761 ό

76 4803 135 4854 μασιν
151 4787 363 4859 ὠτοαρατορικῶς
378 4786 557 4858 διοικονμίνην.
572 4785 639 4847 τίνος
651 4782 709 4856 γὰρ,
721 4783 763 4836 καὶ
777 4781 833 4856 οδχί
880 4784 966 4856 λόγος·
990 4783 1131 4855 ποιήσωμεν
1148 4782 1274 4854 ἄνθρωπον
1287 4784 1342 4837 κατ’
1361 4783 1440 4837 εἰκόνα
1464 4784 1596 4860 ἡμετέραν,
1609 4789 1651 4843 καί

77 4867 181 4936 ,θαλίαις
191 4869 271 4936 ἰστίνς
281 4869 323 4922 καί
337 4869 373 4924 ἔτι
386 4868 447 4941 τρδς
457 4868 561 4932 τούτοις,
573 4869 603 4922 τό
618 4871 661 4935 τῆς
671 4865 833 4921 δυνασττνοό·
881 4865 935 4921 καθ’
954 4866 1083 4939 ὁμοίωσιν·
1101 4869 1188 4932 ποιονς
1209 4867 1324 4934 δηλονότι
1343 4868 1455 4939 σαρκικδν
1473 4868 1539 4942 λέγει
1560 4872 1651 4946 ἅνθρω-

77 4960 168 5017 σοςσιῗνν
183 4956 283 5009 πάντων
297 4952 392 5025 φύσεως
412 4952 493 5006 εἰκόνα
508 4951 635 5025 γενέσθαι,
661 4949 729 5005 abbis
750 4949 833 5022 ἕτερόν
881 4968 937 5004 πον.
949 4949 1067 5023 ρηοιγδρ
1081 4949 1096 5003 ό
1110 4950 1195 5022 λόγος·
1211 4949 1252 5003 καί
1266 4949 1352 5004 ἔλαόεν
1365 4950 1379 5004 ό
1393 4951 1445 5014 θεὸς
1463 4958 1525 5026 χοΰν
1544 4952 1593 5009 tat
1606 4960 1649 5024 τῆς

78 5024 164 5104 ἔσται
175 5036 241 5099 οὐδός
250 5036 366 5108 βασιλίδα
373 5036 580 5108 δημιουργηθῆναι
588 5034 632 5104 τὴν
646 5033 729 5105 ptos.
881 5038 937 5107 γῆς,
946 5034 987 5087 καί
1001 5033 1094 5087 ἔκλασα
1109 5032 1151 5085 τδν
1165 5034 1300 5105 ἄνθρωπον.
1316 5034 1390 5101 δῆλον
1404 5030 1447 5087 οὖν
1457 5037 1491 5099 ὡς
1504 5036 1559 5091 κατ’
1570 5036 1650 5092 εἰκόνα

106 5118 253 5177 biliam.
276 5118 345 5176 ibid.
372 5117 408 5173 Οὔ
429 5118 564 5192 πορφυρίδα
587 5117 753 5190 τερικοιρίνη,
777 5112 834 5168 ctat
881 5118 937 5172 θεοῦ
960 5114 1158 5189 τλασσόμινοςό
1176 5112 1375 5188 ἄνδρωτοςῆνό
1397 5120 1517 5188 σαρκικός.
1534 5116 1650 5182 είταπῶς

76 5200 189 5276 σόατριμ,
209 5204 248 5256 καί
264 5205 397 5275 διαδήματι
414 5202 457 5271 τὴν
473 5200 542 5264 ἀξίαν
557 5198 760 5273 ἐπισημαίνοντα·
778 5196 834 5251 eibi
882 5200 926 5255 otia
934 5202 1026 5256 ἄτοπον
1036 5199 1079 5269 τὴν
1094 5199 1143 5253 tut
1156 5199 1212 5253 θεοῦ
1230 5200 1308 5271 σάρκα
1320 5199 1469 5255 πλασθτῖσαν
1492 5202 1548 5256 κατ’
1569 5202 1650 5257 ιίκόνα

77 5282 115 5352 tiit
126 5286 153 5339 τδ
166 5285 302 5359 daimon
324 5284 348 5339 ἐν
363 5286 459 5349 τοίτοις
480 5281 555 5340 ἐστίν·
578 5284 635 5339 ἀλλ’
656 5283 710 5339 ἀντί
729 5282 772 5355 μὲν
790 5284 834 5349 τῆς
881 5283 926 5352 ris
937 5283 1022 5338 ἑαυτοῦ
1036 5284 1134 5355 φάσκειν
1144 5282 1232 5355 ἄτιμον
1246 5276 1309 5335 εἶναι
1322 5282 1363 5336 καί
1376 5282 1474 5345 οίιδενδς
1487 5282 1568 5352 ἀξίαις

77 5363 210 5440 ὢνιτιιοι
222 5369 265 5438 τιν
275 5367 364 5442 trivii
377 5367 541 5442 irruerat,
556 5367 610 5437 ist
622 5368 722 5422 raam
736 5364 832 5437 aaut.

100 5544 108 5590 Ι
122 5547 187 5595 Cin.
198 5548 260 5595 Δία.
269 5550 298 5595 ιι
306 5548 387 5597 Βόννα
397 5548 424 5594 ad
434 5548 551 5595 titia-l
563 5547 659 5595 tertull.
669 5545 757 5595 ίίσαιι.
767 5549 834 5595 lare.
846 5557 894 5603 cap.
906 5545 984 5592 iret
995 5543 1020 5589 la
1031 5543 1105 5598 dwib-
