3934 6172
326 366 387 429 266
831 368 1157 434 rismmolcouuu
1182 367 1401 432 connisos!

326 531 435 593 restria
457 530 556 593 solem
568 532 754 609 animantia,
780 532 834 593 sed
848 533 944 595 etiam
956 534 990 596 iu
1003 535 1092 614 equis
1141 533 1234 596 latius
1245 531 1407 612 edisserit⁸,
1421 532 1477 612 qui
1485 529 1889 593 divinnmrevelationamliir

326 623 483 702 degentia,
509 624 548 685 ad
561 624 716 689 ldamum
730 625 881 704 perducto
890 626 1023 706 propriis
1036 645 1092 707 up·
1142 626 1290 706 agnoscit.

326 715 513 796 peltataesse
526 717 716 778 nominibus.
740 718 858 779 Verum
872 718 970 798 pisces
980 719 1094 797 excipit
1183 717 1364 779 Theodorus
1395 714 1590 777 Heracleotes
1616 715 1650 775 in
1672 713 1890 776 GroecaOoteua

327 808 519 886 Augustinus
532 807 555 885 ²,
578 808 691 888 quibus
715 810 865 889 paulatim
890 811 988 871 indita
1000 810 1093 873 fiisse
1143 810 1362 890 manuscripta,
1385 826 1509 870 necnon
1521 807 1717 887 Procopium,
1742 807 1890 870 idciroode

327 903 416 977 putat
430 901 580 977 nomina,
604 919 799 982 quacumque
826 903 951 964 taudem
974 902 1091 981 lingue,
1144 902 1326 965 dormientis
1349 901 1445 962 latere
1469 899 1651 961 fabricatam
1674 917 1739 961 esse
1761 898 1891 978 feminam

327 1008 398 1070 quae
409 1008 465 1069 per
477 991 510 1051 id
523 996 646 1072 tempus
659 994 751 1055 unica
768 992 838 1055 luit.
850 995 920 1056 Non
934 995 1018 1056 enim
1032 995 1093 1056 Hs·
1143 994 1262 1071 asserit,
1291 1011 1355 1063 ue,
1384 991 1564 1071 sivign'lunti
1589 996 1673 1053 costa
1684 991 1891 1066 detraheretur,

327 1082 444 1145 braeam
456 1083 537 1145 huuc
556 1084 658 1162 luisse,
685 1105 742 1166 pro
763 1093 847 1148 oerto
861 1087 956 1149 habet
975 1089 1108 1167 Augus'
1144 1086 1208 1148 sive
1231 1086 1265 1148 id
1277 1085 1394 1165 absque
1408 1085 1514 1146 dolore
1526 1083 1626 1161 fieret,
1639 1082 1717 1144 imos
1739 1083 1797 1143 sihi
1808 1083 1893 1162 specie

327 1175 421 1251 tinus,
437 1180 468 1237 et
487 1176 619 1254 dubitat,
651 1199 667 1239 α
688 1197 730 1240 an
743 1179 844 1241 adhuc
865 1196 963 1260 usque
977 1198 1095 1260 perma-
1145 1178 1272 1240 illusum
1284 1178 1442 1240 crederet:
1468 1177 1532 1238 sire
1544 1175 1746 1247 cumdolore,
1757 1174 1894 1235 elienorlr

328 1271 427 1329 neret.
447 1288 463 1326 o
1144 1272 1198 1333 ille
1210 1275 1290 1333 esset
1314 1270 1433 1347 auimo,
1456 1270 1499 1329 ait
1524 1268 1714 1330 Theodorus.
1742 1267 1895 1345 Procopius

368 1360 715 1440 Tostatusprohahilem
732 1346 1027 1439 affert'raciouem¹‚
1040 1382 1096 1427 cur
1145 1362 1323 1443 simplicius,
1352 1380 1393 1422 ne
1412 1360 1478 1423 vim
1503 1360 1586 1421 illius
1599 1359 1678 1421 ferre
1699 1377 1765 1421 uon
1787 1364 1894 1439 pom

329 1450 402 1511 solis
415 1452 741 1531 interraviventibus,
757 1474 821 1516 non
842 1461 947 1516 autem
960 1454 1095 1535 piscihus
1146 1456 1203 1518 etsi
1228 1456 1466 1535 chrysostomus
1494 1454 1590 1514 etium
1613 1452 1691 1513 illud
1714 1451 1838 1531 adjicit,
1863 1468 1896 1512 ue

329 1543 480 1606 vocabula
505 1545 638 1621 dederit;
663 1547 816 1609 nimirum
843 1547 927 1627 quod
940 1549 1096 1612 terrestria
1146 1566 1271 1611 exosam
1283 1548 1427 1627 deinceps
1451 1546 1588 1608 haberet.
1606 1546 1688 1607 Sane
1713 1563 1753 1606 ex
1766 1562 1813 1618 eo,
1827 1543 1897 1623 quod

330 1634 542 1717 inconspeetu
550 1657 672 1719 semper
685 1646 764 1702 esset
776 1639 950 1718 habiturus,
966 1642 1097 1704 nonilla
1146 1642 1227 1703 altus
1252 1640 1381 1720 quidum
1409 1656 1502 1719 sopor
1513 1639 1670 1701 immissus
1693 1637 1897 1699 aDeodicitur

330 1747 401 1809 quae
415 1728 473 1791 sub
496 1731 583 1810 aquis
606 1732 729 1794 assiduo
742 1733 848 1808 latent,
869 1734 982 1814 quibus
996 1735 1098 1813 prime
1146 1734 1287 1806 Adamo,
1315 1732 1484 1812 significari
1504 1732 1646 1804 ridetur,
1673 1728 1897 1791 iucneoideac

331 1825 402 1883 ante
412 1821 564 1884 diluvium
574 1830 648 1886 aetas
661 1842 718 1885 usa
726 1843 792 1886 non
804 1831 861 1887 est.
877 1826 994 1906 ltaque,
1012 1833 1096 1905 post·
1146 1826 1273 1903 fernim
1286 1826 1381 1905 quod,
1396 1825 1422 1886 si
1435 1823 1548 1885 usitato
1574 1842 1611 1885 ac
1623 1822 1772 1884 mediocri
1793 1837 1898 1882 sommo

331 1930 427 1993 quem
449 1914 547 1994 pisces
574 1916 613 1976 ad
636 1917 899 1980 cibumadhihere
913 1925 1094 1998 cooperunt,
1147 1923 1331 1995 teneretur,
1360 1917 1540 1995 evigilaret,
1569 1921 1601 1977 et
1625 1915 1766 1977 dolorem
1778 1914 1899 1993 aliquem

331 2010 400 2067 tum
436 2005 564 2069 demum
607 2009 788 2071 nominibus
806 2011 889 2073 'suis
928 2011 1097 2092 appellatos
1148 2011 1291 2086 sentiret;
1307 2011 1391 2090 quod
1406 2009 1445 2070 ab
1460 2007 1546 2090 felici
1557 2004 1622 2084 illo,
1638 2014 1781 2088 quotum
1794 2005 1899 2066 frueba-

331 2094 437 2158 fuisse.
1148 2107 1211 2179 tur,
1226 2103 1297 2163 vitre
1310 2100 1628 2163 statueratalienum.

330 2188 978 2361 uvlldugllillfflbldmfflll
993 2197 1098 2302 Ψ
1150 2195 1459 2350 ulfflltttl,
1474 2188 1901 2347 ttttmtttttlt'

167 2310 299 2462 ‘¹⁰ffi¹¹⁸
331 2300 441 2447 circuite,
456 2373 578 2454 sibique
604 2305 778 2456 congruedrz
802 2305 937 2441 Aldsamrlsls
950 2306 1096 2442 apilplppp
1151 2305 1316 2442 dormi.
1460 2304 1481 2365 p
1580 2304 1601 2365 p

160 2459 307 2559 mmm*
331 2465 483 2543 vertisset,
499 2472 529 2529 et
543 2475 660 2549 optare,
676 2472 760 2551 quod
780 2471 895 2548 deerat,
910 2492 930 2533 a
941 2474 1007 2535 solo
1020 2475 1095 2552 Deo,

332 2575 368 2617 ac
378 2575 502 2638 sperare
519 2567 690 2640 cogeretur,
721 2561 852 2624 immisit
864 2564 1007 2627 Doricus
1019 2564 1098 2627 Deos
1155 2584 1170 2623 α
1190 2563 1344 2643 Cuipster
1370 2562 1568 2641 omnipotens
1587 2577 1730 2641 pressum
1743 2578 1799 2641 per
1823 2560 1903 2621 corda

331 2667 463 2729 soporem
475 2651 636 2724 iaAdoml,
647 2654 803 2730 aitMoses,
819 2655 1094 2735 Hebraioeunun,
1763 2656 1904 2733 [soporem

332 2740 538 2829 Symmachus
551 2745 637 2822 κάρον,
651 2746 763 2824 Aquila
773 2765 847 2808 vero
868 2750 1019 2826 καταφορὰν,
1037 2751 1097 2813 hoo
1150 2746 1253 2823 Misit,
1269 2753 1301 2809 et
1313 2746 1468 2807 immenso
1493 2746 1628 2808 terdavit
1644 2746 1781 2824 pondere
1795 2762 1902 2819 senam,

331 2838 378 2895 cst
385 2835 569 2916 profundum
578 2837 731 2917 quemdum
742 2839 936 2920 roporcmped
947 2840 1098 2920 iuterpre-
1151 2841 1204 2901 Vis
1218 2838 1352 2900 utnulla
1364 2843 1457 2918 queat
1465 2838 1581 2920 sopitas
1594 2838 1712 2899 solvere
1726 2843 1858 2899 mentes:

330 2931 377 2987 tes
390 2928 585 3007 septuaginta
600 2929 725 3004 ἔκστασιν,
742 2950 811 3010 quoe
834 2950 895 2993 vox
906 2931 1000 2993 otiam
1010 2941 1097 3013 truce,
1150 2935 1220 2995 Non
1234 2933 1260 2992 si
1274 2931 1352 2992 forte
1365 2931 1469 3010 fragor
1481 2948 1604 2993 securas
1614 2931 1756 2992 verberet
1768 2947 1869 3003 euros,

332 3019 363 3078 id
377 3024 564 3083 eotsomaum
579 3022 731 3102 significat
740 3023 904 3104 Hesychio.
916 3025 1100 3104 Complures
1151 3025 1213 3086 Nec
1219 3024 1246 3084 si
1259 3029 1415 3086 commoto
1426 3024 1539 3086 ooelum
1549 3030 1625 3086 tunc
1635 3024 1755 3085 intonet
1767 3040 1834 3083 axe.

331 3111 541 3190 antiquorum,
556 3132 621 3175 non
645 3116 816 3195 quemlibet
831 3134 988 3189 somnum,
1005 3119 1100 3180 etiem
1152 3118 1234 3185 Quin
1261 3134 1318 3177 nec
1344 3133 1448 3195 pressa
1473 3132 1563 3178 suam
1590 3116 1745 3196 rupissent
1777 3113 1905 3176 membre

331 3218 396 3263 non
409 3204 570 3283 vulgarem
583 3206 925 3290 interpretantiu,(quoe
938 3227 1004 3271 esse
1016 3212 1100 3272 vide-
1723 3207 1903 3287 [quietems

331 3299 384 3353 tur
404 3295 492 3357 notio
506 3295 591 3359 vocis
613 3298 764 3377 Hebraeae,
785 3307 821 3362 ut
834 3301 993 3363 adnotavit
1011 3302 1100 3364 Ahen
1870 3319 1877 3326 ·

333 3382 451 3457 Homul.
482 3388 519 3449 Et
545 3390 641 3450 David
670 3392 812 3454 Kimhius
845 3394 987 3473 exposuit
1014 3412 1099 3463 mrim
1188 3393 1274 3453 VIlI.
1290 3392 1370 3471 Ergo
1379 3390 1548 3452 dormienti
1558 3390 1626 3451 viro
1639 3396 1755 3452 costam
1771 3392 1907 3452 Deusex·

332 3477 626 3572 :iprumoolidumcc
638 3482 826 3549 vehaamon
838 3486 1101 3548 somaanerum
1118 3528 1124 3539 .
1149 3485 1255 3560 traxit,
1270 3501 1415 3564 erresque
1428 3482 1574 3544 lormevit
1591 3483 1766 3557 mulierem,
1794 3483 1865 3556 sive,
1878 3484 1908 3542 ut

333 3587 456 3645 sermm
465 3574 634 3651 quemdam
657 3593 815 3638 excessum
835 3578 933 3639 animi
946 3578 1101 3656 designari
1152 3576 1311 3657 Scriptura
1319 3576 1468 3656 loquitur,
1480 3573 1648 3657 (edificavit.
1664 3576 1761 3654 cujus
1772 3576 1858 3637 verbi
1869 3593 1909 3634 rs·

333 3666 456 3739 putent.
467 3664 513 3726 lta
526 3666 800 3748 Augustinus,<‹2Ut
809 3668 978 3747 ejusmena
987 3669 1098 3748 inquit,
1150 3669 1269 3730 tionem
1282 3675 1364 3730 recte
1379 3668 1548 3746 Procopius
1561 3668 1697 3728 reddidit
1709 3668 1803 3729 hono:
1823 3682 1910 3747 oqrro

333 3754 486 3834 particeps
496 3754 584 3817 fieret
595 3764 747 3837 tanquam
766 3760 923 3838 Angelicas
950 3761 1054 3836 curiae,
1070 3768 1102 3823 ct
1150 3761 1236 3821 iiiam
1249 3760 1461 3821 edifimtioms
1471 3760 1568 3820 instar
1578 3761 1659 3821 Deus
1666 3760 1744 3820 istud
1758 3761 1831 3840 egit.
1841 3761 1911 3820 Nam

332 3846 453 3908 intrans
476 3846 510 3907 in
530 3850 743 3911 sanctuarium
766 3852 821 3912 Dei
841 3851 1024 3930 intelligeret
1042 3871 1100 3913 no·
1151 3853 1233 3914 illius
1247 3852 1347 3914 ealex
1360 3859 1417 3928 est,
1428 3851 1634 3931 utabextguo
1643 3857 1753 3931 coepto,
1770 3850 1911 3932 paulatim

293 3994 299 4001 ,
332 3938 499 4001 sissima.»
518 3941 568 4002 Sic
578 3942 672 4004 etiam
686 3944 869 4023 Procopius,
885 3948 917 4005 et
930 3946 1100 4024 Rupertus,
1150 3945 1378 4005 incrementum
1392 3945 1502 4024 cupiat,
1517 3949 1549 4005 et
1572 3943 1614 4005 ed
1634 3942 1806 4023 perfectam
1825 3944 1910 4004 dedu

332 4049 368 4093 ac
378 4032 553 4093 Bernsrdus
564 4053 571 4093 :
584 4035 677 4095 «Mihi
692 4036 830 4114 quidem,
846 4036 889 4096 ait
901 4036 963 4113 hio,
976 4038 1090 4099 nonnis
1151 4038 1300 4097 cetur.lta
1309 4036 1526 4098 Deusmodioae
1534 4037 1614 4116 perti
1627 4035 1763 4115 corporis
1774 4035 1912 4097 densete

330 4122 595 4186 iucommutabilis
608 4128 746 4188 veritatis
759 4128 876 4190 intuitu
891 4126 914 4205 ⁸,
941 4134 973 4190 et
990 4129 1102 4209 abysso
1152 4129 1235 4209 quod
1249 4129 1355 4189 deerat
1367 4125 1539 4206 adjungitl.
1555 4146 1571 4185 ο

333 4214 445 4276 divina
457 4217 616 4295 supientiae
625 4220 780 4297 corporeis
791 4220 943 4281 excedens
950 4221 1101 4297 sensibus,
1192 4220 1252 4281 Sed
1267 4238 1323 4281 cur
1335 4238 1400 4281 nou
1413 4220 1453 4280 ob
1480 4219 1578 4280 humo
1602 4219 1742 4280 similiter
1755 4237 1792 4279 aa
1805 4218 1911 4293 virum

334 4304 525 4369 obdormisse
544 4310 677 4371 videtin.
701 4332 717 4369 ν)
747 4311 836 4384 Quod
854 4329 890 4371 eo
919 4317 1104 4391 argumento
1151 4311 1300 4373 feminam
1327 4311 1441 4372 finxit?
1474 4312 1608 4372 Causam
1641 4311 1723 4371 hunc
1756 4309 1914 4388 Procopius

334 4399 511 4476 persuadet,
527 4403 674 4479 quoniam
688 4421 744 4483 per
757 4421 902 4463 somnum
917 4404 1018 4477 illum,
1033 4422 1104 4483 quoe
1152 4409 1375 4465 commemorat
1388 4420 1462 4464 sane
1484 4403 1604 4463 futilem
1616 4449 1624 4479 ,
1640 4408 1671 4464 et
1683 4401 1913 4464 subabsurdum.

335 4488 484 4550 fiebanta
508 4492 583 4565 Deo,
610 4494 763 4572 velvidit,
778 4495 829 4556 vel
851 4496 1000 4557 divinitus
1022 4502 1105 4576 pate
1153 4499 1254 4569 Forte,
1270 4496 1384 4574 inquit,
1399 4496 1483 4574 quod
1493 4513 1560 4555 non
1580 4494 1707 4555 decebat
1719 4495 1841 4554 divinas
1853 4510 1913 4553 ma·
1952 4541 1953 4544 ,

335 4581 413 4642 faeta
429 4580 546 4658 didicit,
565 4589 595 4644 et
608 4586 712 4647 statim
734 4594 827 4667 atque
842 4594 888 4648 est
910 4589 1107 4669 expergefac·
1153 4605 1212 4647 nus
1226 4587 1384 4647 elaborare
1409 4588 1525 4667 aliquid
1547 4585 1776 4661 secundarium,
1791 4590 1822 4645 et
1841 4585 1916 4645 dete·
1945 4625 1965 4666 ὼ

300 4686 307 4698 ’
336 4677 409 4753 tus,
445 4675 598 4753 exposuit.
627 4676 715 4736 Idem
739 4683 771 4738 et
803 4680 905 4739 Moses
925 4680 1106 4762 Bar-Cepha
1153 4679 1229 4757 rius,
1245 4698 1339 4761 quarn
1353 4685 1419 4741 erat
1437 4679 1497 4741 vir.
1514 4678 1641 4741 Etenim
1656 4695 1777 4740 summe
1791 4675 1916 4758 perlecta
1962 4705 1965 4711 ·

372 4962 393 5002 a
410 4945 523 5003 Precor.
543 4944 575 5000 Εἴ
587 4966 614 5000 τε
630 4947 676 5019 γὰρ
693 4947 812 5017 νήφοντος
825 4946 1004 5017 ἀνεπαισθήτους
1017 4948 1104 5024 stepel-
1154 4949 1298 5024 οἰκοδομίας
1311 4952 1325 5005 ὁ
1337 4952 1423 5024 νόμος,
1439 4949 1487 5004 ἀπὸ
1507 4954 1609 5023 ομονροΰ
1627 4966 1692 5011 τινος
1707 4944 1920 5023 ἀρχομένης,πρδς

336 5031 395 5107 lero
404 5028 577 5102 τὴνπλεορὰν,
592 5030 621 5083 τὸ
635 5033 736 5102 πρᾶγμα
755 5031 886 5102 φαντασίαν
907 5030 1027 5104 ἐνόμιζεν,
1043 5031 1066 5086 el'
1079 5052 1107 5088 τε
1154 5035 1246 5089 τέλειον
1270 5035 1344 5106 πέρας
1354 5031 1497 5106 ἔμφέρεαθαι
1514 5034 1568 5094 ταῖς
1581 5030 1645 5087 κατὰ
1671 5033 1743 5105 μέρος
1766 5031 1917 5103 npoottwt·

337 5113 435 5187 γέγονεν
450 5111 569 5181 αἴσθησις,
584 5114 627 5182 τὴν
638 5113 723 5181 ὀδύνην
734 5114 778 5168 οὐκ
790 5114 883 5188 ἔφερεν.
1156 5117 1295 5192 βραχεῖγὰρ
1303 5117 1318 5171 ὁ
1327 5117 1379 5180 θεὸς
1386 5122 1422 5189 τῷ
1429 5116 1544 5189 ληφθέντι
1550 5115 1668 5170 τδλεΐπον
1676 5114 1763 5170 αὐτίκα
1769 5113 1917 5187 rapaciter-‘t

375 5194 392 5250 b
416 5193 529 5250 Puooor.
565 5195 721 5269 ’ῼαοδόμηοε
746 5196 788 5265 δὲ,
812 5198 898 5269 φησὶν,
929 5196 981 5253 ἐπεὶ
1000 5198 1041 5251 καὶ
1065 5200 1109 5266 τῆς

369 5427 380 5471 l
395 5425 442 5531 lito.
458 5425 485 5471 lx
496 5427 522 5472 dc
534 5427 612 5474 ocra.
623 5428 652 5472 oi
661 5428 694 5473 ar.
705 5439 755 5485 cop.
764 5439 846 5473 ma·
861 5429 876 5473 t
899 5427 941 5481 οο.
951 5437 1005 5478 riu,
1020 5425 1043 5471 to
1055 5424 1074 5468 lt
1085 5425 1139 5471 tica.
1152 5445 1180 5459 ·-
1190 5424 1205 5468 8
1218 5424 1272 5471 Gen.
1283 5424 1357 5471 u.-t
1370 5424 1435 5469 Bora.
1445 5433 1509 5477 urm,
1520 5434 1538 5468 u
1548 5421 1571 5468 tr
1579 5421 1741 5478 worp-tt
1752 5420 1802 5467 ut.
1812 5420 1839 5467 dc
1847 5417 1921 5466 m

341 5499 389 5543 por.
413 5520 419 5539 .
432 5500 481 5543 cup.
491 5499 565 5532 nun.
