3932 6172
386 338 438 402 DE
457 334 621 401 oratoru
642 332 717 397 SEX
736 333 910 410 DIERUM,
932 333 1005 397 ΗΒ.
1027 334 1079 408 lll,
1101 334 1189 400 OAP.
1210 334 1293 397 vlit.
1577 338 1637 400 ³29

24 551 71 599 W
117 516 185 578 Nam
203 522 243 587 τῆς
258 516 361 590 ἀνάγκης
377 505 575 573 uocabulum,
596 508 639 579 et,
653 501 737 581 quod
750 500 823 561 inde
871 499 1157 581 remunerari.»
1182 503 1311 582 Optatus
1330 501 1526 565 Milevitanus
1548 502 1639 564 initio

86 609 233 674 tornatur,
247 605 289 665 roi
302 606 487 681 ἀναγκάζεσθαι,
500 614 564 658 non
576 596 642 656 uim
655 611 822 673 semperne
870 594 943 655 libri
970 595 1105 675 septimi,
1129 595 1308 675 hujusmodi
1327 595 1404 672 vim,
1426 594 1552 674 ejusque
1566 612 1638 655 cum

84 698 239 763 dolentiam
250 692 430 771 significare,
446 691 499 752 sed
516 689 675 751 interdum
688 684 821 747 necessi·
871 686 1013 748 libertate
1027 705 1166 767 pugnam
1179 693 1261 749 recte
1284 688 1328 748 sic
1345 688 1500 767 exprimit.
1517 708 1532 744 ν
1549 687 1640 748 Deni-

85 801 165 856 tatem
186 786 363 868 simplicem,
391 802 461 864 que
496 780 762 855 deliberationem,
792 782 824 839 et
871 778 1099 859 querelantes,
1114 781 1227 859 inquit,
1242 779 1336 841 babet
1354 780 1638 858 poeucm;neeessi-

85 881 297 947 indifferentiam
318 876 409 945 tollit,
425 875 560 956 plurima
577 877 650 934 suut
667 870 820 951 exempla.
870 877 918 933 tas
943 867 1079 933 veniam.
1108 872 1269 933 Homicida
1297 872 1406 945 scelus,
1435 872 1512 931 dum
1545 889 1639 933 nemo

86 975 234 1037 Sedunum
248 968 340 1031 modo
354 967 493 1043 sufficiet,
507 967 591 1046 quod
609 964 649 1026 ad
661 981 729 1026 rem
741 980 821 1043 prm·
871 964 963 1043 cogit,
980 970 1083 1045 potest
1096 969 1127 1026 et
1139 965 1252 1040 faeere,
1275 971 1377 1044 potest
1396 970 1428 1025 et
1440 982 1505 1025 non
1526 962 1638 1051 facere.

86 1072 192 1138 sentem,
207 1063 235 1123 id
250 1067 295 1123 cst
311 1060 368 1121 inti
387 1059 578 1121 mentionem
596 1060 721 1137 spectat.
740 1054 821 1116 alei·
871 1056 1069 1117 Adulterium
1103 1056 1252 1133 manchus,
1288 1056 1365 1116 dum
1399 1055 1511 1117 defens
1544 1074 1638 1116 nemo

84 1177 146 1220 nous
162 1157 191 1216 iu
213 1154 311 1234 capite
325 1168 402 1214 xxvt.
415 1172 432 1210 ο
445 1148 653 1212 Dominationi
675 1166 741 1208 non
765 1152 820 1220 est,
870 1148 1037 1228 compellit,
1053 1154 1153 1228 potest
1180 1146 1354 1226 admittere,
1381 1153 1482 1228 potest
1511 1153 1542 1209 et
1574 1166 1639 1208 non

83 1250 173 1330 inquit,
194 1247 296 1308 enimn
316 1244 462 1323 subjecta,
482 1248 513 1304 et
533 1244 566 1304 in
589 1241 656 1320 ejus
671 1243 822 1321 potestate
870 1241 1049 1317 admittere3
1076 1247 1107 1302 et
1133 1246 1244 1304 catera
1262 1240 1452 1318 hujusmodi,
1474 1239 1640 1320 inquibus

84 1344 323 1417 situmestagere,
337 1336 388 1398 uel
401 1355 466 1396 non
479 1354 582 1413 agere,
599 1332 822 1413 nequeinhoc
870 1333 1004 1395 liberum
1026 1333 1157 1396 habetur
1180 1333 1356 1395 arbitrium.
1371 1355 1386 1391 ο
1409 1332 1470 1393 Ubi
1493 1333 1639 1412 graphice
1710 1376 1713 1381 -

83 1433 269 1497 nemiuem
297 1430 395 1491 ullam
420 1429 579 1509 patitur⁰,
605 1447 620 1485 ο
645 1444 707 1506 quo
727 1443 821 1504 ergu-
870 1426 1052 1506 descriptam
1076 1427 1172 1488 babes
1185 1426 1274 1487 liberi
1283 1426 1404 1487 arbitrii
1417 1425 1638 1505 proprietatem
1671 1503 1673 1507 y

83 1532 168 1588 uento
178 1522 295 1604 probat,
311 1521 397 1583 nulla
410 1539 480 1583 eam
490 1520 627 1581 latorum
641 1518 821 1580 necessitate
869 1517 903 1580 in
913 1519 1103 1582 indifferenti
1113 1525 1195 1581 statu
1202 1519 1344 1599 positam,
1353 1518 1459 1579 cuiuis
1474 1535 1588 1598 cogens
1599 1536 1638 1578 er

83 1617 191 1696 dtigari3
209 1614 358 1695 quomam
373 1611 822 1693 ο11οοιι1τοέφ’ἡμῖν,11οοοοο
869 1612 997 1673 adverso
1018 1612 1155 1692 ponitur,
1182 1616 1218 1672 ut
1235 1616 1267 1672 et
1292 1610 1376 1691 apud
1394 1611 1549 1672 loannem
1575 1610 1636 1670 cti-

84 1709 155 1770 lctcro
162 1714 292 1789 puteum,
306 1708 371 1785 siye
388 1704 509 1767 taleam
521 1704 683 1766 arbitrium
697 1703 820 1764 tollere·
869 1720 994 1765 marum
1005 1704 1039 1767 in
1050 1704 1112 1765 fine
1125 1703 1223 1766 Scala
1235 1720 1267 1772 ν,
1373 1721 1374 1724 “

19 1843 44 1875 „
83 1806 130 1861 tur.
153 1799 236 1858 Porro
252 1794 340 1856 istud
356 1797 499 1875 ipsumsi
513 1801 550 1875 ἐφ’
564 1803 622 1876 ἡμῖν
641 1794 676 1854 in
689 1792 752 1853 fine
769 1811 820 1854 eu·
910 1797 948 1857 V.
964 1797 1030 1858 Hoc
1043 1816 1135 1859 sensu
1156 1799 1217 1857 οἱον
1232 1795 1349 1874 aceepit
1369 1799 1476 1855 auctor
1498 1792 1561 1869 ille,
1584 1795 1638 1872 qui
1672 1831 1717 1886 s„
1747 1831 1797 1876 „„,
1899 1850 1905 1865 ,

19 1892 49 1929 '¹¹
84 1892 140 1971 pitis
150 1906 308 1970 exponens,
324 1889 368 1948 ait
385 1906 478 1948 anon
490 1904 555 1949 esse
566 1885 819 1961 determinatum,
869 1887 928 1949 sub
973 1889 1139 1952 Clementis
1165 1888 1292 1949 nomine
1321 1886 1481 1967 epistolam
1514 1885 1637 1947 tertiam
1662 1842 1764 1982 meffifs
1781 1938 1808 1981 ab

84 1990 164 2063 atpro
180 2000 211 2043 eo
229 1986 327 2060 atque
346 1980 379 2040 in
402 1979 583 2040 alterutram
606 1977 733 2039 inclinat
753 1994 823 2056 par·
870 1980 1067 2043 concinnavit
1088 1999 1128 2043 ex
1140 1979 1226 2041 libris
1234 1978 1487 2061 Reeopnitioaum.
1510 1978 1577 2052 Qua
1599 1996 1638 2039 ex
1662 1990 1802 2035 cacsiano-

85 2080 144 2149 bn,
159 2091 262 2149 verum,
295 2076 350 2132 aut
370 2070 484 2132 laisum
502 2072 631 2132 existere
645 2068 667 2131 ²².
686 2090 702 2127 u
720 2070 821 2143 Quare
870 2073 1001 2152 epistola
1022 2092 1111 2135 nove
1132 2079 1221 2134 secta
1250 2077 1398 2151 patronus
1424 2069 1638 2131 testimonium
1682 2056 1795 2142 affini,

17 2198 38 2253 ‚t
82 2174 284 2247 ammata
301 2163 521 2244 opponiturei,
535 2163 618 2243 quod
632 2167 677 2224 est
692 2160 821 2223 indeter-
871 2166 1042 2226 secundum
1056 2166 1174 2247 posuit3
1189 2165 1267 2225 adeo
1280 2165 1407 2225 testium
1417 2161 1536 2223 deiectu
1548 2162 1639 2224 incu-
1684 2151 1794 2196 mm·

81 2259 209 2331 aarum,
233 2262 331 2336 atqua
357 2255 535 2335 eontinpeos.
565 2253 720 2334 Quidquid
746 2270 820 2332 ergo
870 2257 970 2318 riosus
985 2263 1041 2331 est,
1053 2262 1089 2317 ut
1101 2256 1274 2337 promiscue
1286 2257 1431 2330 sincerae,
1446 2272 1482 2315 ae
1496 2254 1636 2334 supposi-

81 2350 204 2412 roluotati
216 2349 475 2427 contingentiam,
484 2352 552 2408 atri
566 2350 711 2425 ἀδιάφορον,
729 2345 761 2406 id
775 2351 821 2407 est
870 2348 954 2410 titios
966 2349 1090 2410 babeat.
1100 2349 1218 2411 Verum
1230 2347 1462 2428 qualiscumque
1476 2347 1533 2406 iste
1543 2346 1638 2426 scrip-

82 2440 283 2521 udiffereutiom
302 2439 405 2520 eripit,
420 2439 480 2500 hoe
495 2437 593 2499 libero
607 2435 735 2498 arbitrio
745 2456 819 2498 con·
869 2446 919 2501 tor
928 2446 984 2517 est,
996 2440 1258 2520 eujusauetoritas
1268 2439 1407 2500 estnulla
1417 2459 1426 2513 3
1437 2439 1534 2499 isnon
1542 2438 1636 2499 modo

80 2534 185 2595 mnam
207 2539 262 2609 est,
289 2536 324 2592 et
341 2538 387 2593 est
407 2531 570 2593 necessitas
603 2547 650 2605 ea,
686 2549 820 2609 quacum
869 2532 982 2594 falsum
995 2534 1033 2594 de
1044 2532 1185 2594 libertate
1205 2532 1319 2609 dogma
1336 2550 1401 2591 non
1418 2529 1567 2605 subleuat,
1583 2531 1637 2592 aed

81 2625 218 2687 illudstare
234 2642 306 2685 uon
323 2629 434 2703 potest.
458 2624 692 2701 Nonnunquam
713 2628 820 2683 tamen
869 2625 898 2686 ei
911 2644 1035 2704 quoque
1055 2624 1246 2687 cunundicit.
1269 2623 1330 2686 asi
1346 2625 1427 2704 quis,
1451 2623 1563 2704 inquit,
1580 2643 1635 2688 au·

79 2716 278 2790 ametystina
306 2715 459 2795 significat
473 2714 532 2776 uim
547 2714 669 2795 inferre,
688 2714 820 2775 sednon
869 2717 956 2778 diem
970 2735 1145 2779 sermonem
1158 2716 1489 2796 ueril'rophetae,uelit
1500 2717 1636 2796 racipere

80 2799 161 2869 talem
178 2821 243 2881 quse
254 2805 390 2867 liberam
403 2806 557 2867 uodonem
564 2823 692 2885 prorsus
700 2805 818 2883 adimit,
868 2814 923 2870 aut
936 2809 1025 2887 nolit,
1041 2815 1071 2870 et
1085 2809 1228 2889 amplecti
1245 2827 1324 2870 unus
1338 2809 1414 2888 ejus,
1437 2809 1469 2869 id
1491 2814 1536 2869 est
1549 2826 1637 2869 man-

79 2910 165 2955 rerum
177 2913 243 2974 quse
264 2899 462 2960 extrinsecm
482 2903 607 2959 tantum
624 2897 817 2961 admovetur.
868 2902 940 2964 data
952 2902 1035 2977 vita,
1051 2903 1145 2963 habet
1157 2902 1192 2962 in
1205 2920 1261 2962 sua
1271 2900 1536 2981 potestate3bberi
1551 2900 1636 2964 enim

80 2984 180 3047 Utrum
192 2988 345 3051 Macarius
355 2991 483 3051 homilia
496 3007 575 3052 nuru
588 2991 642 3066 ait,
663 2990 820 3052 demones
869 3012 976 3056 sumus
995 2993 1126 3056 arbitrii.
1141 3015 1157 3052 n
1180 2995 1253 3055 Haec
1269 2993 1363 3054 verbu
1382 2992 1473 3053 liberi
1492 2997 1636 3056 naturam

82 3080 361 3159 «myerebomines,
373 3089 407 3143 ut
416 3083 475 3144 sibi
486 3082 648 3163 nequitiae,
655 3099 691 3143 ac
703 3085 820 3161 peccati
868 3085 988 3147 arbitrii
1011 3086 1173 3148 commode
1192 3084 1359 3162 declarant,
1380 3102 1450 3162 quoe
1462 3084 1496 3145 in
1518 3102 1556 3145 eo
1577 3086 1636 3149 situ

79 3167 378 3236 medicante.»
403 3174 523 3236 Alludit
542 3179 648 3236 autem
666 3174 705 3234 ad
726 3175 820 3236 lsrae-
868 3183 925 3247 est,
953 3184 990 3239 ut
1015 3177 1156 3253 velimus,
1190 3183 1244 3238 aut
1275 3175 1413 3238 nolimus
1449 3176 1576 3255 aliquid,
1604 3184 1636 3239 et

77 3256 131 3322 litas
140 3263 283 3326 Pharaoni
299 3266 453 3345 subjectos
467 3267 501 3327 in
514 3268 661 3347 AEgypto,
677 3284 755 3346 quos
766 3268 817 3330 illa
869 3276 1037 3351 utrumque
1051 3270 1220 3331 habeamus
1233 3269 1266 3329 in
1280 3273 1430 3348 potestate
1442 3288 1450 3344 ;
1465 3287 1530 3331 non
1543 3268 1637 3331 babe-

77 3353 236 3418 tiadurbes
249 3359 440 3420 extruendas
453 3359 605 3438 adigebat.
620 3359 702 3419 alias
715 3365 820 3421 autem
868 3380 938 3423 mus
958 3368 1075 3437 numm,
1099 3364 1124 3423 si
1147 3381 1204 3423 nos
1225 3362 1264 3422 ad
1288 3378 1390 3421 unum
1414 3362 1637 3442 capessendum

78 3445 301 3512 mattolectis
323 3451 504 3512 nominatur
520 3452 563 3526 id,
579 3451 662 3531 quod
679 3450 820 3514 volunta·
868 3455 1032 3516 necessitas
1045 3455 1149 3535 aliqua
1166 3453 1513 3533 determinatostrabat.
1529 3455 1638 3534 Pergit

78 3541 192 3601 cmnon
202 3542 284 3622 cogit
294 3544 433 3622 quidem,
444 3544 498 3605 sed
510 3543 538 3605 ei
546 3542 678 3604 liberam
687 3543 820 3623 eligendi
868 3546 980 3609 deinde
997 3568 1005 3609 :
1025 3569 1041 3605 c
1063 3548 1153 3623 Nam,
1181 3547 1207 3608 si
1226 3546 1286 3607 boc
1311 3550 1400 3623 esset,
1423 3551 1459 3607 ut
1478 3546 1638 3608 audientes

77 3626 225 3694 taluam
237 3653 307 3696 non
319 3636 478 3715 relinquit,
495 3641 531 3698 ut
544 3641 618 3697 suunt
631 3654 669 3697 ea
681 3655 751 3716 ques
766 3656 820 3698 na·
869 3657 953 3712 eum,
969 3639 1037 3718 jam
1056 3657 1121 3700 non
1145 3638 1297 3701 haberent
1320 3639 1354 3699 in
1376 3643 1528 3718 potestate
1552 3639 1635 3699 aliud

77 3724 341 3789 tursiualinatione
351 3727 492 3804 brimus,
507 3735 562 3789 aut
575 3729 722 3808 patimur,
731 3734 819 3791 utcst
867 3731 977 3807 tacere,
1004 3751 1099 3811 quam
1126 3732 1302 3805 audierunt,
1329 3731 1377 3791 vis
1400 3736 1466 3792 erat
1491 3730 1636 3810 quaedm

76 3821 213 3890 tuentum
220 3820 355 3880 amorio
367 3818 463 3895 filios3
479 3838 575 3899 quam
581 3820 820 3900 Chrysostomus
868 3830 999 3901 natura,
1014 3843 1071 3904 per
1083 3842 1179 3905 quum
1189 3824 1323 3886 liberum
1332 3841 1397 3884 non
1405 3828 1484 3884 esset
1496 3823 1536 3883 ad
1542 3822 1636 3883 ubam

77 3920 138 3984 teos
147 3911 345 3987 tyrannidem
354 3911 498 3992 appellat.
519 3913 620 3991 Atque
633 3913 700 3974 baec
713 3932 818 3976 neces·
868 3917 1003 3993 migrare
1014 3916 1288 3990 sententiambut,
1300 3915 1327 3976 si
1340 3933 1448 3975 rursrrs
1457 3933 1496 3975 ex
1509 3914 1635 3975 audien-

76 3995 132 4057 aas
141 3999 338 4082 intelligenda
351 4004 464 4084 saepius
473 4010 519 4065 est
527 4004 610 4084 apud
622 4005 737 4079 Patres,
747 4025 819 4068 cum
867 4007 951 4068 tibus
964 4007 1069 4068 nullus
1082 4007 1210 4068 omnino
1224 4008 1384 4086 reciperet,
1400 4011 1431 4066 et
1443 4005 1503 4066 hoc
1514 4011 1634 4066 naturae

76 4091 233 4154 amdtamt
245 4094 357 4155 inferri
370 4095 533 4167 voluntati,
558 4102 590 4157 et
610 4114 679 4157 eam
697 4115 816 4176 eogere.
867 4098 916 4161 vis
928 4106 1006 4177 erat,
1023 4118 1093 4179 quae
1114 4117 1215 4160 unum
1228 4099 1343 4179 aliquid
1364 4097 1433 4158 fieri
1455 4102 1587 4175 rogaret,
1604 4104 1636 4158 et

75 4178 111 4238 ltu
125 4180 245 4245 Pbotius
264 4186 300 4247 ia
324 4184 454 4248 Seboliir
478 4188 517 4248 ad
536 4189 668 4249 Joannis
694 4191 820 4252 Climaci
868 4193 958 4254 alteri
978 4193 1058 4273 parti
1079 4210 1144 4252 non
1164 4191 1251 4252 daret
1273 4192 1387 4252 locum.
1410 4191 1500 4250 Nunc
1517 4196 1633 4263 autem,

77 4268 184 4335 (ἕνοονοι
195 4278 324 4338 tertium
338 4278 459 4356 citatus,
473 4279 821 4360 aiebatcperturbatio·
868 4284 943 4363 quia
954 4285 1088 4346 liberum
1103 4290 1148 4346 est
1161 4284 1277 4359 animo,
1288 4284 1321 4343 in
1330 4300 1425 4361 quam
1435 4281 1634 4362 uelitpartem
1676 4366 1679 4371 4

75 4379 134 4425 uum
151 4385 217 4446 quae
236 4370 270 4430 in
291 4370 381 4431 nobis
402 4370 489 4431 uelut
507 4371 672 4433 latibulum
690 4372 817 4447 habeut,
869 4376 1023 4437 declinare
1032 4375 1197 4455 judicium,
1220 4380 1251 4435 et
1265 4391 1360 4454 quam
1380 4375 1568 4455 probaverit,
1584 4374 1637 4436 eli·

75 4458 249 4531 lymunidem
258 4467 291 4521 et
304 4467 460 4523 tormenta
474 4468 506 4523 et
518 4463 667 4544 supplicia
685 4465 765 4526 nibil
778 4466 818 4527 ab
869 4483 940 4543 gere
954 4470 1047 4543 viam,
1072 4472 1192 4528 constat
1206 4467 1375 4545 evidenter,
1390 4467 1489 4529 inesse
1502 4466 1637 4528 homiui-

75 4553 178 4612 merua
190 4553 358 4632 tyrannide
372 4554 494 4616 distare.
519 4554 628 4634 ltaque
643 4556 698 4635 qui
711 4557 747 4617 iis
760 4557 820 4619 ior·
867 4558 926 4619 bus
940 4559 1058 4620 arbitrii
1068 4558 1254 4619 libertatem.
1273 4581 1286 4618 ν
1303 4558 1407 4633 Vides,
1419 4564 1455 4620 ut
1462 4559 1636 4620 libertatem

75 4637 128 4699 liter
138 4644 257 4721 resistit,
271 4663 373 4724 neque
382 4645 517 4706 liberum
530 4648 644 4709 mentis
656 4648 819 4710 arbitrium
869 4651 1062 4712 indifferenter
1072 4650 1294 4732 illapotestate
1314 4651 1450 4726 definiat,
1467 4669 1529 4731 qua
1542 4652 1637 4731 possit

75 4727 193 4812 dumet,
209 4736 263 4797 ille
276 4736 344 4815 pari
358 4754 432 4798 eum
446 4738 636 4818 martyribus
651 4741 820 4803 eermminc
869 4760 972 4820 agere,
988 4742 1037 4803 vel
1048 4760 1113 4803 non
1123 4758 1215 4818 agere
1226 4749 1258 4804 et
1271 4743 1304 4803 in
1314 4743 1637 4822 quamvolet,partem

75 4838 203 4905 musque
212 4829 413 4905 contendens,
425 4830 613 4893 eademcum
622 4831 820 4911 illispraemia
869 4834 1031 4912 inclinare,
1046 4840 1082 4896 ut
1091 4835 1177 4896 velut
1190 4834 1304 4899 arbiter
1317 4836 1454 4916 mudum,
1471 4854 1507 4897 nc
1521 4836 1637 4916 diseep

101 5034 295 5110 educimur).
310 5054 348 5093 vt.
371 5036 518 5095 Ἀδέοποτον
532 5034 604 5109 οὖνὴ
621 5040 697 5115 ψυχὴ,
721 5043 761 5095 καὶ
780 5040 819 5096 ἔπ’
902 5043 1024 5099 dPttor.
1046 5043 1100 5098 Eiet
1124 5050 1174 5099 τῶν
1189 5043 1382 5118 ἐμφωλενόντων
1402 5045 1461 5119 ἡμῖν
1484 5047 1568 5100 παθῶν
1595 5046 1635 5100 aci

75 5110 122 5186 ὠνῇ
134 5118 172 5189 μὲν
185 5120 215 5173 το
226 5118 326 5193 arefiat,
337 5123 353 5189 ἢ
366 5124 410 5194 μή·
428 5123 469 5175 καὶ
483 5122 511 5175 οὗ
525 5125 720 5195 κατηνάγναοται
734 5129 817 5180 τοῦτο.
867 5128 987 5199 supervie,
999 5129 1040 5182 καὶ
1054 5129 1166 5199 βάσανον,
1180 5129 1221 5183 aui
1235 5131 1434 5201 κολαστήριατῆς
1448 5128 1533 5193 ἔξωθεν
1548 5149 1635 5203 τνραν-

102 5197 218 5256 bisunt.
238 5202 308 5259 ibid.
332 5202 459 5276 Ἀόριοτον
471 5203 498 5258 u
510 5207 538 5258 du
562 5207 591 5260 rb
609 5204 646 5278 ἐφ’
668 5205 738 5279 ἡμῖν,
757 5207 820 5262 κατὰ
867 5211 932 5274 cibor
952 5210 1021 5264 οὐδὲν
1040 5213 1185 5284 διαφέροντα
1207 5212 1221 5265 ὁ
1240 5207 1299 5285 γοῦν
1314 5212 1437 5285 ἀντισχὼν
1447 5213 1564 5285 γενναίως
1575 5213 1635 5283 πρὸς

74 5277 110 5345 τὴν
121 5278 153 5353 ly’
165 5283 287 5357 dedrqpos
297 5285 374 5357 ῥοπὴν
387 5287 507 5359 tapidum
516 5290 545 5342 τὸ
559 5288 693 5357 ἀληθεύειν,
707 5291 723 5357 ἢ
739 5291 782 5361 μή.
868 5288 954 5359 ταῦτα,
964 5294 1005 5347 καὶ
1015 5293 1043 5347 το
1056 5298 1100 5348 τοῦ
1110 5289 1233 5366 λογισμοῦ
1247 5294 1280 5367 μὴ
1295 5292 1634 5368 specumentotenus,

101 5379 114 5418 ο
129 5366 228 5423 brun.
247 5367 385 5441 ’Ἂρχοντοις
406 5370 505 5443 πικροὺς
518 5372 574 5435 τοὺς
594 5373 821 5444 καταναγκάζοντας
868 5380 921 5440 τοῖς
933 5378 1089 5451 μαρτοροκοῖς
1099 5377 1178 5449 ἀγῶσι
1191 5378 1328 5449 παραθέων.

74 5443 275 5523 οὗτὴνοοιοοομεῖν
290 5451 373 5515 αὐτοῖς
382 5452 425 5516 τὰς
433 5457 477 5522 τῆς
490 5455 574 5516 κακίας
587 5456 670 5519 πόλεις
682 5454 818 5529 ἁμαρτιῶν.
