3934 6172
406 288 460 349 DE
479 288 643 352 orlatele
665 290 738 352 SEX
759 291 921 367 DIERUM,
943 293 1014 355 ΗΒ.
1039 293 1062 369 l,
1085 294 1169 356 cte.
1192 294 1271 355 xlv.
1581 292 1641 357 ‘tlt

76 452 569 537 aamhactenusoperirentaquae,
592 457 824 538 plurimumque

77 546 198 609 humoris
210 546 262 608 illa
274 548 480 627 combibisset,
494 550 540 611 ita
553 556 713 612 momento
723 568 825 613 unum

76 638 219 715 inlocum,
233 639 404 720 imperante
422 643 497 719 Deo,
516 642 619 723 licpnar
637 643 739 704 omnis
753 644 822 704 abs·
1067 645 1259 727 CAPUT
1314 645 1354 725 X
1366 646 1381 723 1
1392 644 1444 727 V,

76 731 160 802 masii,
186 731 306 792 nullum
334 744 368 793 ut
394 734 461 814 ejus
487 735 521 796 in
547 741 630 797 terra
645 736 821 816 vestigium,

77 822 140 886 nihil
151 822 280 903 uliginis,
296 825 494 908 humentique
504 834 683 909 superesset.

107 917 159 977 XI.
170 916 231 977 lloc
244 917 287 978 ita
300 918 416 983 factum
429 940 505 984 esse.
520 922 612 983 tacite
625 923 724 984 Moses
741 925 822 985 indi·
870 920 1055 1003 Explicatur
1082 921 1207 1004 insigms
1233 922 1315 984 locas
1340 942 1379 983 ea
1398 922 1493 1003 rapite
1516 918 1640 982 secanda

9 1028 51 1126 ff
77 1014 202 1084 cat;nao
215 1009 318 1071 solum
331 1017 367 1072 ut
380 1013 535 1075 infinitam
551 1033 639 1075 snam
652 1017 823 1095 potentiam
914 1012 1039 1091 Genesis,
1055 1013 1107 1074 abi
1119 1016 1183 1096 saras
1203 1015 1362 1078 ascendisse
1377 1014 1638 1076 dc'citureterra:

9 1146 26 1189 μ
77 1100 284 1165 commendaret
298 1106 380 1167 Deras
393 1106 428 1166 in
445 1107 534 1187 aquis
552 1109 740 1187 separandis,
769 1111 823 1172 sed
910 1104 989 1185 quod
1008 1104 1043 1166 de
1064 1105 1151 1183 aude,
1176 1107 1237 1168 siae
1256 1127 1334 1188 aqua
1352 1108 1435 1168 tenui
1453 1104 1639 1186 primigenia

9 1190 56 1289 ’ξ’
77 1192 157 1257 multo
169 1195 264 1274 mapa
276 1196 311 1257 in
324 1196 428 1259 herbis
441 1218 477 1260 ac
497 1200 644 1279 stirpibus
659 1218 823 1280 procrean-
909 1217 1001 1279 supra
1010 1205 1120 1259 terram
1128 1217 1262 1279 serapeum
1278 1198 1469 1279 intelligitur.
1483 1196 1637 1258 Perstrin-

9 1297 57 1341 ιιι·
77 1287 123 1359 dis,
135 1304 204 1365 quas
214 1288 364 1363 sciremus
381 1292 564 1372 neutiquam
582 1295 717 1354 naturali
731 1301 821 1357 terrae
909 1291 995 1370 attur
1007 1290 1064 1350 illa
1078 1293 1214 1370 quaestio,
1235 1300 1336 1355 atrum
1351 1311 1426 1369 cere,
1444 1311 1483 1352 aa
1498 1298 1638 1351 autumna

9 1412 47 1449 aa
76 1378 252 1459 postponis
265 1384 419 1461 protusas,
439 1390 547 1465 utpote
568 1405 638 1465 quae
658 1387 822 1450 siccissima
908 1382 1039 1445 cauditus
1049 1383 1086 1443 sit
1100 1383 1225 1445 muudus
1237 1404 1245 1460 ;
1259 1393 1287 1446 et
1295 1395 1437 1449 autuman
1446 1381 1638 1464 probabilius

76 1478 146 1547 caet,
171 1490 205 1531 ac
227 1473 360 1551 genitali
386 1476 525 1538 tirnditus
552 1478 683 1540 humare
714 1498 821 1542 carens
909 1494 966 1537 asae
978 1474 1091 1556 factum
1101 1476 1255 1541 asseritur.

76 1563 137 1624 nihil
149 1581 183 1625 er
199 1582 230 1627 se
253 1573 358 1645 posset
376 1569 514 1648 gignere.
540 1572 628 1645 Quod
646 1572 672 1632 si
684 1572 821 1651 pristinis

76 1675 105 1718 aa
120 1657 197 1736 aquis
214 1660 437 1737 commederet,
458 1662 546 1723 velut
571 1669 641 1742 post
666 1664 821 1727 diluvium
911 1661 933 1720 l.
958 1660 1125 1740 Postquam
1135 1662 1255 1741 Moyses
1268 1680 1322 1736 sex
1340 1662 1462 1723 dicrum
1476 1660 1636 1741 opificium

75 1749 170 1825 accidit,
184 1750 297 1811 mirum
319 1771 386 1814 non
407 1760 495 1829 esset,
516 1756 626 1835 stirpes
648 1776 684 1817 ex
700 1776 736 1818 ea
749 1757 820 1838 pul·
868 1757 933 1813 toto
948 1754 1049 1832 primo
1064 1755 1160 1832 capite
1174 1754 1344 1834 descripsit,
1363 1755 1480 1815 moxin
1495 1756 1636 1833 sequenti

75 1841 174 1919 uuae,
193 1842 249 1904 bac
271 1850 320 1906 est
344 1846 519 1927 virgultum,
540 1855 567 1909 ct
593 1846 709 1911 herbam
736 1851 818 1931 apri.
869 1845 1060 1919 summatim,
1072 1845 1276 1925 universeque
1286 1847 1442 1927 colligens,
1476 1846 1544 1908 lata
1556 1853 1634 1923 suut,

75 1933 128 1996 lloc
138 1936 210 1999 enim
222 1938 408 2000 naturaliter
420 1938 453 2000 in
466 1940 628 2018 humectis,
644 1943 822 2005 etrorulen·
868 1936 970 2016 inquit
984 1936 1006 2012 ¹,
1031 1938 1226 2018 generationes
1239 1939 1316 2015 cccli,
1342 1947 1371 2000 et
1396 1947 1496 2014 terrae,
1518 1937 1635 2020 quaudo

76 2026 109 2086 tis
127 2036 202 2090 terre
223 2030 368 2110 partibus
387 2032 543 2093 manvenit.
565 2035 606 2095 At
627 2035 726 2096 Moses
753 2055 818 2097 non
870 2037 1058 2103 creatarum,
1075 2029 1164 2091 indic
1177 2051 1231 2111 quo
1241 2032 1310 2113 fecit
1324 2031 1468 2093 Dominus
1482 2031 1562 2094 Deua
1575 2050 1634 2093 coc-

76 2119 213 2182 temelhoc
225 2124 557 2203 repetit,nonarb0res
570 2127 819 2208 solumetgran-
871 2121 945 2197 lum,
970 2133 999 2183 et
1017 2132 1139 2183 terram.
1165 2125 1240 2198 Quae
1261 2124 1356 2186 verba
1378 2143 1443 2185 non
1465 2125 1560 2187 unius
1574 2126 1636 2187 diei

76 2210 155 2273 dora
174 2215 280 2294 stirpes
305 2235 485 2296 procreasse
504 2218 600 2279 verbo
627 2220 737 2297 Deum,
764 2223 818 2283 sed
867 2216 1060 2277 mentionem
1086 2217 1212 2293 iaciunt,
1236 2223 1271 2278 ut
1289 2217 1474 2297 quibuisdam
1500 2218 1633 2292 videtur,

76 2302 186 2381 Medera
207 2309 302 2369 etiam
331 2310 464 2389 imperio
491 2316 606 2371 terram
627 2314 819 2392 gramineae
867 2307 921 2387 qui
937 2309 1075 2387 primum
1097 2309 1180 2371 diem
1200 2310 1356 2389 designari
1370 2314 1491 2389 putant,
1518 2310 1551 2370 in
1572 2330 1634 2390 quo

74 2396 357 2463 auiditatcvestitam
370 2420 446 2480 esse,
462 2422 534 2465 cum
553 2405 646 2484 paulo
659 2412 732 2466 ante
748 2425 818 2470 eam
867 2398 982 2461 lectiam
1005 2401 1081 2461 illud
1096 2407 1152 2479 est,
1176 2408 1288 2482 praeter
1306 2403 1418 2478 lucem,
1443 2403 1527 2480 quod
1545 2403 1634 2463 initio

75 2505 138 2557 ama
145 2490 175 2551 id
190 2496 234 2553 est
251 2492 374 2555 aridam
389 2496 587 2572 nominasset,
610 2497 818 2570 Quamobrem
867 2491 939 2553 libri
953 2495 1051 2555 Moses
1065 2494 1210 2574 explicat:
1220 2494 1258 2555 Iu
1269 2493 1422 2575 principio
1437 2494 1635 2556 ereaca'tDeus

75 2580 265 2660 nugnluriboc
284 2587 441 2651 miraculo
456 2588 642 2657 factumest,
658 2595 745 2650 atax
759 2592 816 2653 sia-
868 2584 972 2645 caelum
996 2598 1027 2646 et
1052 2593 1169 2648 terram.
1203 2586 1265 2647 Sed
1287 2604 1357 2647 eam
1377 2605 1434 2647 nos
1454 2587 1634 2667 opinionem

74 2689 147 2734 auco
158 2675 218 2736 solo
230 2684 261 2738 et
279 2679 373 2739 arido
395 2680 580 2756 laetissimus,
597 2685 628 2742 et
641 2681 818 2747 uberrimus
867 2679 997 2739 minime
1011 2679 1179 2759 probamus
1195 2702 1202 2741 :
1218 2700 1253 2741 aa
1270 2698 1362 2759 snpra
1386 2680 1558 2759 docuimus,
1572 2680 1636 2743 diei

75 2765 139 2826 chor
152 2770 316 2832 exsisteret.
335 2773 373 2831 ln
387 2791 450 2851 quo
463 2773 596 2834 alterum
617 2775 744 2854 hasuper
757 2779 817 2838 mi-
866 2788 983 2832 nomen
1009 2771 1078 2832 istic
1102 2775 1246 2853 usurpari
1279 2791 1336 2852 pro
1362 2778 1521 2852 tempore,
1549 2775 1633 2852 prod

74 2859 188 2922 acuam
197 2864 361 2943 Scriptura
369 2864 818 2945 demonstrat,quadillaterrae
865 2863 949 2942 apud
962 2865 1093 2938 Grecos,
1115 2866 1300 2944 Latinosque
1322 2883 1386 2925 non
1407 2864 1522 2941 minus,
1538 2884 1633 2945 quam

74 2948 122 3027 ipsa
148 2952 339 3034 iucunditas,
358 2957 411 3017 illa
424 2957 561 3037 lrugnm,
581 2959 760 3038 herbarum,
780 2982 817 3025 aa
866 2955 1012 3018 Hebraeos
1021 2958 1169 3018 unitatum
1182 2962 1238 3018 est.
1255 2957 1405 3035 Exemplo
1424 2956 1463 3015 sit
1477 2958 1633 3018 Ciceronis

74 3042 189 3124 shrpinm
200 3048 406 3127 incrementa,
437 3051 531 3112 nullis
557 3070 574 3113 e
602 3053 679 3114 coelo
705 3053 817 3133 pluviis
865 3046 940 3108 illud
955 3066 993 3108 ex
1006 3047 1085 3109 libro
1103 3049 1238 3109 secundo
1263 3049 1295 3108 iu
1322 3047 1460 3110 Verrem:
1481 3070 1497 3108 a
1510 3051 1630 3129 Itaque,

73 3131 221 3202 brucntm
241 3147 274 3203 et
292 3143 515 3206 adolescerent.
541 3146 629 3218 erod
643 3147 769 3225 quidem
781 3148 816 3208 in
865 3157 938 3202 oum
952 3159 1009 3221 ego
1022 3141 1105 3202 diem
1118 3142 1152 3202 in
1168 3142 1304 3202 Siciliam
1322 3142 1499 3221 inquirendi
1510 3145 1631 3223 perexi-

74 3230 139 3290 lanta
149 3232 199 3293 sali
212 3235 352 3296 aiaaitata
371 3236 552 3313 proximam
565 3243 632 3299 arat
651 3239 814 3317 adjuman.
864 3247 958 3306 guam
970 3233 1213 3313 postulavissem,
1233 3234 1352 3295 invenit
1372 3235 1440 3310 iste,
1456 3236 1511 3314 qui
1525 3236 1584 3297 sibi
1598 3238 1632 3298 in

73 3322 135 3383 hm.
147 3324 202 3386 Sed
214 3334 250 3388 ut
265 3327 383 3407 pluviae
403 3329 502 3390 instar
521 3349 650 3410 vapores
664 3338 766 3393 esseut
779 3334 813 3408 ii,
866 3325 1015 3387 Achaiam
1039 3326 1136 3387 biduo
1153 3326 1326 3387 breviorem
1339 3327 1423 3388 diem
1431 3328 1628 3407 postularetis

74 3412 156 3488 quiin
176 3436 331 3498 aquarum
355 3420 488 3481 divortio
512 3421 565 3482 illo
586 3440 680 3502 snpra
699 3430 815 3487 terram
864 3418 971 3496 lgitur,
987 3437 1058 3479 cum
1078 3418 1214 3495 dixisset,
1233 3419 1265 3479 in
1287 3418 1346 3497 die,
1370 3420 1402 3480 id
1424 3425 1470 3482 est
1491 3426 1632 3502 tempore

75 3511 185 3585 saman
196 3512 381 3585 manabant,
396 3531 432 3574 aa
444 3514 572 3593 genitali
585 3515 721 3593 quadam
735 3523 814 3579 tam.
863 3510 928 3584 illo,
944 3511 1058 3591 factum
1072 3529 1129 3572 esse
1138 3510 1242 3573 caelum
1256 3520 1286 3572 ct
1298 3520 1419 3589 terram,
1435 3512 1495 3575 hoa
1506 3520 1552 3575 est
1564 3534 1633 3596 per-

75 3603 259 3672 matarellos
270 3604 368 3665 foetus
381 3606 571 3683 recreabant,
584 3625 649 3668 naa
661 3614 696 3668 ut
707 3611 817 3689 spissa.
863 3603 1006 3683 politum,
1034 3609 1065 3665 et
1091 3604 1283 3666 elaboratum
1306 3623 1371 3666 csse
1397 3623 1451 3666 sex
1478 3608 1633 3671 continuis

75 3695 158 3752 untur
171 3694 202 3755 in
214 3696 452 3775 pluvias,sedut
465 3699 530 3759 solo
544 3698 684 3761 incubitu
696 3701 814 3763 faecun-
863 3695 982 3772 diebus,
1009 3695 1050 3777 (id
1071 3696 1155 3758 euim
1175 3696 1307 3775 jaciendi
1327 3716 1389 3757 vax
1407 3698 1545 3760 Hebraeis
1557 3701 1632 3779 ipsis

75 3776 174 3844 ᾶίίιιθω
184 3787 343 3866 afferrent,
356 3794 410 3850 ant
423 3790 601 3868 ctiamlcui,
616 3795 814 3856 aematutino
862 3785 1082 3868 interpretibus
1100 3789 1272 3865 significare
1288 3786 1421 3869 videtur)
1445 3791 1632 3852 nourinatim

75 3877 362 3955 rumperlunderent.
385 3882 458 3943 llaec
476 3883 562 3944 anim
581 3902 733 3963 vaporum
750 3906 816 3949 ma.
863 3878 993 3941 subinde
1007 3881 1103 3942 solius
1122 3881 1261 3961 virgulti,
1277 3887 1304 3941 et
1323 3880 1421 3941 derbe
1436 3883 1580 3943 meminit
1593 3901 1632 3943 ex

75 3964 217 4032 annorum
236 3972 388 4035 resolutio
405 3974 511 4053 pluvia
523 3976 653 4038 minime
672 3984 811 4042 vacatur.
863 3972 1008 4034 omnibus
1022 3973 1143 4034 dierum
1157 3992 1211 4033 sex
1225 3972 1369 4052 operibus
1385 3993 1393 4032 ε
1407 3973 1452 4033 Et
1465 3992 1558 4042 omne,
1574 3976 1629 4051 ait,

75 4052 120 4115 Sed
138 4058 233 4123 locum
256 4065 363 4145 ipsum
390 4068 568 4146 Scripturas,
597 4069 652 4148 qui
674 4069 814 4151 alioquin
864 4065 1029 4145 virgultum
1054 4066 1133 4145 apra,
1156 4074 1316 4145 autequam
1338 4071 1410 4125 esset
1432 4065 1464 4125 ta
1484 4073 1575 4143 terra,
1603 4077 1632 4128 et

76 4144 281 4217 0ὓδιῐῑνίθείιιιιιε
294 4163 352 4234 eat,
368 4158 443 4219 utile
466 4158 506 4218 sit
519 4161 714 4239 expendere3
730 4165 814 4243 qrvod
862 4176 974 4218 omnem
992 4158 1112 4219 tabam
1128 4157 1265 4237 reptantia,
1286 4156 1461 4236 priusquam
1480 4159 1629 4239 permina·

76 4235 342 4331 hamentieapite
354 4249 511 4312 iaciemus.
862 4258 918 4311 ret.
944 4250 1013 4312 Noa
1036 4250 1115 4311 euim
1135 4249 1257 4330 pluerat
1276 4247 1419 4310 [lominus
1441 4249 1518 4312 Deus
1541 4270 1631 4334 super

862 4351 987 4418 terram,
1003 4351 1033 4403 at
1046 4341 1130 4401 hama
1143 4360 1203 4401 uon
1217 4349 1292 4418 erat,
1307 4347 1361 4422 qut
1380 4350 1552 4422 operaretur
1565 4351 1629 4406 ter-

862 4455 939 4495 ram.
957 4433 1016 4497 Sed
1027 4434 1094 4514 saus
1108 4431 1273 4495 ascendebat
1286 4452 1302 4494 e
1316 4441 1409 4511 terra,
1425 4435 1553 4517 irrigaus
1564 4439 1630 4499 aui-

861 4545 974 4587 aersam
1002 4524 1188 4606 superficiem
1207 4532 1306 4587 terra.
1337 4527 1455 4588 Mirum
1469 4529 1630 4592 hievideri
1663 4561 1694 4605 a,
1711 4562 1795 4609 aaa„

861 4624 972 4698 potest,
988 4636 1043 4678 cur
1057 4617 1091 4677 in
1101 4617 1238 4696 generali
1250 4623 1281 4678 ct
1291 4619 1434 4698 perbrevi
1446 4622 1629 4702 repetitione
1654 4616 1802 4713 lacui‘iim

860 4711 914 4772 illa
928 4710 1105 4771 divinorum
1114 4727 1257 4789 operum,
1273 4712 1430 4790 speciatim
1443 4713 1628 4777 herbescen-
1664 4723 1793 4820 &wi

859 4803 899 4863 tis
923 4802 1094 4871 viriditatis,
1124 4821 1160 4862 aa
1178 4803 1355 4881 plantarum
1378 4806 1564 4868 meminerit.
1592 4811 1630 4870 Et
1768 4808 1774 4820 '

860 4895 933 4975 <pria
946 4895 1085 4956 nonsine
1096 4912 1186 4956 causa
1199 4895 1316 4956 factum
1322 4896 1400 4957 illud
1408 4915 1473 4958 esse
1482 4901 1629 4979 suspicari

860 5006 1037 5067 possumus,
1049 4988 1162 5048 memte
1176 4990 1626 5071 quanameasitauquirimus.

863 5081 945 5140 Suus
958 5081 1068 5159 ariique
1083 5098 1189 5141 sensus
1203 5086 1258 5141 est.
1275 5080 1363 5156 Mihi,
1387 5087 1422 5141 ut
1436 5086 1629 5147 antecedenti

861 5173 957 5251 capite
981 5172 1160 5251 significavi,
1184 5173 1282 5232 Moses
1304 5172 1428 5233 ridetur
1462 5176 1629 5237 mirificum

861 5263 950 5339 illud,
965 5268 995 5324 et
1009 5264 1208 5343 stupendum,
1224 5264 1308 5342 qnod
1321 5264 1370 5325 dle
1381 5267 1473 5326 tertio
1488 5268 1626 5346 contigit,

861 5355 1036 5434 diligentius
1055 5356 1210 5418 inculcare
1233 5355 1379 5433 voluisse,
1401 5357 1482 5434 quod
1506 5358 1626 5436 stirpes,
