4096 6166
696 393 813 455 LIBER
833 393 951 463 UNUS,
973 395 1061 456 CAP.
1083 397 1152 457 VIi.
1653 403 1714 463 673

123 559 159 616 et
179 559 252 617 ante
277 555 570 620 honestissimus
589 558 738 638 pontifex,
763 578 835 622 cum
857 562 896 623 de
945 560 1078 639 gloriam
1112 579 1149 622 ex
1184 560 1370 623 meritorum
1397 562 1588 642 praenotione
1614 565 1713 643 sequi,

123 647 293 726 Augustini
307 649 448 711 doctrina
469 656 535 711 tam
558 658 699 714 accurate
713 652 898 716 verbaface·
946 652 1139 714 damnandos
1167 653 1303 732 judicet,
1341 661 1492 736 tanquam
1530 661 1562 716 et
1596 658 1714 718 Roma-

124 741 239 801 ret.lle
253 759 315 819 quo
323 742 413 803 valde
427 743 510 803 istud
518 742 827 806 animadvertendum
839 750 896 822 est,
946 762 1061 805 norum
1080 745 1276 824 pontificum,
1299 752 1329 807 et
1348 734 1554 827 receptarnm‘
1562 748 1647 827 apud
1666 768 1718 810 ca·

125 831 330 910 scriptamab
344 833 399 894 iilo
413 834 558 913 pontifice
576 835 617 896 ad
634 835 804 897 Gallicanos
817 836 897 918 epis·
945 835 1075 898 thobcos
1115 837 1324 916 synodorum,
1367 857 1438 918 qua
1478 839 1717 918 explanatricem

125 940 223 1003 copos
239 925 402 1005 epistolam
422 931 553 1000 exsure,
577 945 647 1006 quae
660 927 783 989 duobus
804 928 900 990 ecnu—
946 926 1033 990 illam
1055 929 1231 990 Tridentini
1253 929 1375 991 concilii
1399 930 1439 990 ab
1461 931 1635 1009 Augustino
1654 938 1718 993 tra·

124 1020 222 1077 netur
234 1016 403 1098 capitibus;
425 1036 562 1097 quorum
581 1019 615 1079 in
626 1019 729 1099 priore
751 1020 790 1082 de
809 1023 900 1082 Pros-
947 1019 1044 1081 ditam
1059 1020 1232 1083 doctrinam
1244 1027 1347 1084 ratam
1359 1022 1510 1098 iecerunt,
1536 1023 1719 1086 auctoritate

123 1124 227 1187 pero,
255 1114 287 1169 et
313 1109 431 1171 Hilario
458 1110 533 1189 agit,
566 1115 597 1171 et
622 1128 733 1172 eorum
758 1112 901 1191 querelas
946 1110 1143 1193 proscriptos.

125 1200 257 1279 exponit
265 1200 304 1262 de
317 1200 504 1282 quibusdam
527 1202 725 1283 presbyteris,
739 1205 792 1284 qui
808 1202 900 1265 indis·

124 1290 286 1372 ciplinetas
291 1293 463 1374 questiones
472 1302 607 1357 cocantes
621 1295 653 1355 in
666 1293 794 1357 medinm
806 1296 901 1358 eccle·

125 1381 189 1443 sias
224 1384 463 1464 perturbabant,
499 1392 530 1448 et
562 1387 728 1465 Augustini
758 1387 901 1450 videlicet
1175 1397 1355 1482 CApUT
1406 1398 1491 1484 VH·

125 1475 250 1535 nomini
263 1476 483 1553 detrahebant3
499 1478 533 1539 in
544 1477 642 1539 altero
656 1480 766 1558 capite,
781 1480 902 1557 Augus·

125 1565 232 1628 tinum
246 1569 454 1646 commendat,
475 1569 604 1649 ejusque
630 1570 803 1632 doctrinam
821 1570 902 1632 nibil

127 1658 169 1718 ab
185 1661 340 1737 Romana,
353 1667 385 1723 et
396 1662 545 1723 catholica
562 1662 624 1724 fide
637 1662 785 1725 dissidere
807 1669 899 1725 testa·
948 1673 1144 1757 Expenditur
1157 1681 1259 1738 carena
1273 1676 1333 1740 illa
1348 1679 1599 1761 ,requieturam
1612 1681 1721 1745 doctri.

125 1755 192 1812 tur.
203 1751 283 1812 Huic
294 1753 430 1833 epistolae
444 1754 577 1833 Prosper
589 1753 697 1815 decem
712 1755 815 1834 capita
827 1756 902 1817 sub-
988 1786 1059 1828 nam
1072 1767 1224 1848 relliquias,
1237 1787 1326 1849 qnam
1337 1787 1494 1851 perperam
1508 1762 1720 1854 interpretetur

123 1840 212 1921 jecit,
229 1862 299 1923 quae
313 1862 331 1904 a
344 1844 499 1924 plerisque
516 1862 588 1906 cum
602 1844 760 1907 Caelestini
773 1847 902 1926 epistola
988 1858 1437 1942 epistola.Semipelapionornm
1443 1882 1528 1925 error
1536 1865 1567 1925 in
1573 1864 1722 1929 illanoto·

129 1935 306 1996 continuari
333 1936 451 2010 solent,
480 1936 515 1997 in
544 1937 657 2017 quihus
684 1940 902 2001 Romanorum
990 1958 1053 2020 tna·
1064 1959 1128 2012 tem
1142 1951 1295 2013 calumnie
1314 1952 1346 2013 in
1361 1951 1527 2016 Catholicos
1538 1954 1574 2018 ab
1587 1955 1643 2018 ilia
1655 1977 1722 2019 ecn-

131 2026 326 2106 pontifioum,
345 2032 377 2089 et
398 2029 591 2108 synodorum
618 2028 656 2090 de
675 2031 773 2108 gralia
795 2037 902 2093 eontra
983 2041 1065 2122 jecta
1078 2041 1167 2123 tabo.
1183 2043 1335 2106 Probatur
1355 2063 1393 2107 en
1410 2044 1579 2107 Tridentini
1601 2048 1724 2111 concilii

131 2118 334 2198 Pelagianam
353 2120 498 2181 baercsim
520 2121 642 2182 decreta
666 2128 900 2201 commemorat,
991 2133 1143 2212 doctrina,
1160 2134 1341 2199 voluntatem
1356 2137 1486 2198 pomini,
1500 2137 1722 2201 amedeum

132 2210 221 2271 nulia
242 2211 520 2290 praedestinationis
537 2213 617 2274 iacta
635 2214 805 2276 mentione.
821 2217 901 2276 Pos·
990 2227 1114 2301 minare,
1129 2231 1158 2289 et
1169 2247 1228 2308 quo
1243 2226 1276 2289 td
1290 2246 1373 2290 senen
1385 2228 1519 2295 Mater.

133 2308 245 2379 tremo,
274 2303 329 2365 ubi
354 2303 392 2365 dc
418 2304 533 2382 gratia,
562 2309 594 2365 et
619 2303 717 2366 libera
742 2306 901 2368 voluntate

134 2394 258 2472 copiose
278 2395 434 2473 disseruit,
458 2396 539 2456 hanc
559 2396 729 2457 clausulam
747 2399 899 2478 apponit:
989 2398 1055 2477 Age
1068 2417 1153 2460 nunc
1167 2404 1308 2460 catenam
1329 2399 1425 2479 illam,
1442 2417 1586 2478 quamcx
1599 2402 1721 2483 Augus·

138 2486 386 2548 sProiundiores
412 2505 497 2561 vero,
525 2488 772 2568 difficilioresque
799 2496 902 2570 partes
950 2489 1010 2550 tini
1033 2490 1175 2551 doctrina
1194 2491 1234 2551 ad
1257 2495 1347 2551 sectae
1367 2491 1508 2568 genium,
1533 2491 1594 2554 hoc
1611 2501 1658 2555 est
1682 2496 1721 2556 ad

74 2596 80 2608 ·
134 2579 360 2641 incurrentium
382 2581 602 2659 quaestionum,
624 2600 695 2661 quae
715 2581 807 2642 latius
836 2601 903 2663 per·
950 2583 1108 2661 lprensem
1121 2582 1355 2643 accommodata
1363 2601 1499 2655 sensum,
1512 2584 1641 2663 epistola
1651 2605 1723 2647 con·

133 2672 381 2751 tractarunt,qui
390 2671 541 2735 baereticis
550 2674 741 2750 restiterunt,
750 2675 829 2736 sicut
837 2693 902 2738 non
951 2673 1059 2746 tertrit,
1082 2674 1230 2736 attentius
1255 2674 1462 2754 exploremus.
1477 2675 1512 2735 ld
1529 2676 1554 2735 si
1579 2675 1719 2754 boimus,

133 2764 903 2837 audemuscontcmnere,itancnnccessebabemus
952 2766 1055 2826 statim
1074 2766 1246 2845 apparebit,
1267 2764 1368 2844 sunem
1392 2766 1479 2826 istem
1499 2784 1556 2828 esse
1576 2787 1613 2829 er
1631 2788 1722 2833 arena

133 2855 302 2917 adstruere.
318 2855 395 2929 Quia
408 2856 448 2916 ad
471 2856 678 2919 confitendam
691 2857 822 2933 gratiam
836 2859 901 2936 Dei,
951 2875 1074 2934 mrum,
1085 2875 1149 2918 non
1156 2866 1238 2937 σειρὴν
1247 2857 1333 2918 iliam
1346 2858 1553 2933 Homericam,
1569 2879 1721 2940 quaecum

134 2947 221 3025 cujus
234 2946 333 3026 operi,
347 2966 384 3008 ac
404 2947 575 3027 dignationi
589 2948 668 3008 nihil
685 2950 807 3028 penitus
830 2950 902 3010 sub·
952 2949 1125 3010 scelestibus
1138 2954 1261 3010 terrena
1275 2967 1422 3029 suspensa
1435 2951 1606 3031 conjungit.
1620 2953 1721 3032 Hujus

133 3039 320 3100 trahendum
333 3044 389 3115 est,
405 3041 478 3099 satis
490 3039 628 3101 sufficere
640 3040 804 3116 credimus,
813 3041 903 3121 quid·
952 3040 1124 3113 vinculum,
1154 3041 1197 3101 ait
1230 3040 1370 3120 epistola,
1396 3041 1550 3102 contineri
1571 3043 1721 3106 doctrinae

135 3131 209 3211 quid
220 3132 390 3193 secundum
400 3131 561 3212 praedictas
572 3131 904 3213 regulaslquasdecem
952 3132 1188 3212 Augustinianae
1201 3132 1721 3211 capiteisto,quodiundamentum

134 3223 196 3285 iilis
216 3222 368 3302 capitibus
386 3223 565 3303 complexus
588 3229 634 3285 est
647 3222 790 3304 Prosper)
805 3226 903 3305 Apos·
953 3226 1097 3288 omnium
1117 3222 1274 3304 appellat:
1300 3248 1313 3276 ι
1332 3224 1470 3300 Homini,
1490 3243 1563 3286 cum
1579 3226 1613 3285 in
1634 3227 1721 3288 nullo

134 3314 236 3375 tciicae
249 3314 329 3376 sedis
341 3332 399 3374 nos
409 3314 522 3395 scripta
532 3315 715 3386 docuerunt,
731 3322 766 3377 ut
778 3334 904 3396 prorsus
953 3317 992 3378 de
1006 3336 1038 3378 se
1050 3315 1177 3396 gloriari
1191 3333 1297 3377 coram
1310 3316 1373 3377 Deo
1391 3317 1499 3396 possit,
1518 3319 1723 3379 necessariam

134 3424 200 3467 non
220 3405 386 3485 opinemur
405 3407 602 3484 catholicum,
622 3407 706 3489 quod
726 3408 905 3489 apparuerit
952 3409 1048 3488 hujus
1071 3426 1136 3469 esse
1159 3407 1305 3487 gratiam,
1329 3412 1367 3467 ut
1386 3407 1483 3487 possit
1504 3408 1614 3479 iacere,
1626 3416 1669 3472 -et
1687 3417 1724 3472 ut

133 3497 288 3578 praedictis
301 3498 462 3558 sententiis
475 3516 540 3559 esse
556 3500 757 3561 contrarium.
773 3500 906 3561 »Verin-
953 3500 1095 3582 applicet,
1118 3518 1153 3561 ac
1180 3499 1366 3560 determinet
1386 3517 1452 3561 sese
1470 3500 1511 3563 ad
1527 3501 1617 3577 iliud,
1638 3503 1724 3582 quod

134 3589 208 3650 mile
222 3595 269 3651 est
290 3606 376 3668 ergo,
400 3590 587 3668 Prosperum
609 3590 817 3669 quaestionum
835 3591 903 3652 illa·
953 3592 1036 3667 iacit,
1060 3591 1279 3670 exequendum
1302 3590 1441 3667 bonum;
1454 3609 1495 3653 ne
1516 3593 1555 3653 de
1575 3593 1723 3656 alterutro

134 3680 904 3761 rumproiundiorum,sedminimenecessariarum
954 3683 1113 3745 vttnditare
1137 3700 1170 3744 se
1192 3682 1297 3762 possit,
1326 3682 1390 3745 sive
1416 3701 1471 3763 per
1498 3701 1564 3745 sese
1582 3684 1615 3745 id
1628 3685 1725 3765 possit

133 3772 262 3834 nomine
284 3772 352 3833 illas
368 3772 646 3852 comprehendisse,
669 3792 739 3854 quae
760 3775 799 3835 de
824 3775 903 3837 elec·
954 3777 1064 3850 fscere,
1080 3775 1213 3855 adquod
1225 3774 1403 3835 iaciendum
1421 3774 1575 3853 obligatus
1588 3781 1645 3854 est,
1659 3776 1724 3837 sive

134 3865 220 3927 tione
240 3864 280 3925 ad
307 3865 448 3941 gloriam,
473 3864 524 3926 rel
551 3866 833 3944 predestinatione,
869 3886 905 3928 ac
954 3866 995 3926 ad
1016 3866 1076 3926 hoc
1101 3864 1258 3943 agendum
1279 3861 1502 3937 accommodet,
1530 3862 1724 3944 applicatque

134 3956 363 4037 reprobatione,
373 3956 412 4016 ab
426 3957 603 4034 Augustino
617 3957 746 4037 alilsque
753 3964 823 4037 post
832 3977 905 4021 eum
955 3975 999 4031 se,
1015 3956 1099 4036 quod
1110 3956 1211 4034 reipsa
1223 3955 1401 4014 nonfacere
1415 3958 1546 4033 poterat,
1557 3955 1615 4015 etsi
1628 3974 1646 4016 a
1660 3957 1723 4017 Deo

135 4052 300 4109 commotae
326 4047 461 4110 fueram.
486 4049 574 4111 Certe
602 4049 641 4110 dc
664 4050 724 4111 illis
754 4050 852 4111 altum
871 4050 904 4110 in
955 4054 991 4109 ut
1009 4053 1122 4128 posset,
1146 4048 1353 4125 accepisset.»
1372 4045 1606 4105 Hcestructurae
1628 4047 1724 4108 totius

134 4140 314 4220 hujusmodi
334 4138 446 4201 litteris
464 4140 622 4201 silentium
649 4146 706 4215 cat,
729 4147 761 4203 et
777 4143 906 4202 minime
954 4140 1193 4201 tundamentum
1204 4136 1371 4215 ambiguis,
1384 4141 1416 4197 et
1434 4135 1583 4210 obscuris,
1597 4154 1722 4199 accon-

135 4232 253 4312 alioqui
276 4231 452 4308 ferendum,
482 4232 508 4292 si
532 4250 604 4294 cuns
626 4232 733 4310 gratiae
758 4233 907 4295 catholica
954 4231 1158 4311 tortuplicatis
1177 4229 1290 4302 verbis,
1306 4233 1343 4289 ut
1354 4234 1427 4290 sunt
1444 4227 1582 4308 epistole
1602 4228 1724 4309 reliqua

135 4323 336 4407 professione,
351 4328 417 4386 tam
431 4329 514 4385 arcte
525 4325 729 4404 conjunctum
743 4330 908 4404 cssetprae·
956 4325 1074 4403 omnia,
1107 4328 1294 4403 conceptum
1322 4320 1401 4382 nihil
1435 4319 1521 4397 boni,
1555 4337 1591 4381 ac
1614 4321 1724 4384 sinceri

136 4414 350 4479 destinationis
368 4415 538 4495 negotium,
568 4435 662 4497 mam
682 4418 821 4479 tractatio
841 4417 908 4497 ipsa
954 4415 1193 4498 repromittit.1n
1208 4431 1270 4493 quo
1284 4412 1363 4473 illud
1376 4410 1475 4474 obiter
1487 4415 1726 4495 respectandum

136 4509 256 4587 metite,
286 4513 323 4569 ut
354 4506 483 4587 epistola
511 4508 628 4587 iprensi
652 4527 744 4570 succo
769 4508 908 4571 delibuta
956 4515 1011 4588 est,
1028 4504 1232 4571 necessariam
1243 4503 1365 4565 bomini
1373 4503 1507 4583 gratiam
1517 4504 1573 4564 Dei
1585 4522 1728 4586 nonpro·

136 4602 225 4662 toties
244 4599 406 4678 significat.
429 4599 526 4680 Cujus
544 4606 701 4662 auctorem
716 4601 816 4680 magis
825 4601 907 4663 istud
955 4603 1007 4672 bo,
1026 4607 1057 4663 et
1076 4598 1225 4663 catholico
1243 4614 1331 4659 more
1350 4594 1484 4671 definiri,
1507 4595 1562 4656 sed
1575 4614 1614 4658 ex
1632 4598 1725 4659 dimi·

137 4692 206 4754 aliis
219 4697 310 4754 secta
325 4692 485 4772 imperitis,
512 4697 544 4753 et
561 4693 600 4754 ad
619 4693 741 4772 quidvis
754 4694 907 4754 tuendum
956 4694 1111 4755 diatorum
1124 4689 1365 4764 Pelagianorum
1375 4686 1519 4756 formula,
1530 4687 1727 4768 quigratiam

137 4783 254 4865 paratis
281 4801 503 4864 persuasurum
523 4784 666 4855 arbitror,
687 4802 782 4864 quam
804 4784 907 4864 ipsum
958 4784 1069 4847 Christi
1081 4782 1201 4844 nuliam
1214 4780 1318 4857 aliam
1329 4779 1390 4840 nisi
1402 4785 1571 4856 actuosam,
1580 4785 1611 4840 et
1619 4780 1728 4842 adere-

137 4876 207 4937 sibi.
222 4876 292 4936 Non
310 4875 395 4937 enim
408 4879 531 4937 acutam
542 4876 630 4951 adeo,
650 4881 681 4937 et
700 4876 907 4957 perspicacem
957 4876 1083 4957 quenda
1111 4874 1258 4936 mandata
1290 4872 1447 4947 idoneam,
1483 4889 1520 4932 ac
1552 4870 1724 4947 robustam,

137 4967 286 5041 indolem,
300 4967 423 5047 qualem
436 4967 471 5027 iu
484 4966 595 5029 abbate
606 4968 809 5030 domesticum
830 4986 909 5047 praa·
956 4964 1326 5045 necessariamputabant,
1339 4962 1491 5025 initialem
1497 4980 1571 5023 vero
1581 4963 1725 5042 gratiam,

137 5059 262 5120 intinnis
273 5059 484 5121 testimonium
509 5060 716 5134 commendat,
733 5061 776 5120 ita
795 5078 909 5122 caecam
957 5078 1020 5140 qua
1032 5057 1177 5120 credendi
1189 5057 1332 5117 voluntas
1344 5053 1524 5135 inspiratur,
1544 5057 1728 5134 neutiquam

138 5151 173 5212 in
186 5150 364 5213 causaferri
376 5150 519 5228 arbitror,
541 5153 588 5213 uti
605 5151 765 5231 theologos
787 5170 906 5227 omnes,
956 5150 1173 5213 admittebant.
1189 5150 1277 5227 Hanc
1288 5148 1373 5209 enim
1386 5146 1589 5223 voluntatem,
1613 5147 1673 5209 hoc
1684 5152 1730 5209 est

138 5243 194 5339 (pri
208 5249 240 5305 et
252 5243 339 5303 libris
359 5243 394 5303 in
417 5243 530 5322 vulgus
548 5244 648 5320 aditis,
663 5261 700 5305 ac
716 5242 862 5323 probatis,
878 5251 909 5304 et
957 5241 1154 5319 volendi,sed
1167 5242 1310 5303 nondum
1322 5238 1453 5317 faciendi
1465 5237 1629 5318 impetum,
1638 5245 1729 5300 natu·

137 5334 591 5415 quotidianisdisputationibus
598 5335 789 5397 contrarium
798 5335 909 5396 docent
957 5352 1001 5396 rae
1013 5333 1131 5395 viribus
1144 5333 1289 5414 exprimi,
1310 5349 1374 5394 non
1392 5347 1432 5392 ex
1453 5329 1572 5391 meritis
1592 5331 1728 5412 pendere

136 5427 289 5489 nimirum
297 5427 498 5579 rsle'lectipp'em,
512 5432 543 5488 et
554 5426 856 5506 predestinationem
869 5425 908 5487 ad
957 5425 1071 5488 Christi
1083 5424 1239 5487 volebant.
1568 5516 1608 5576 43

323 5534 374 5581 ou.
441 5562 450 5579 .
