4004 6168
647 408 909 493 transenna,
932 410 1016 477 mr.
1039 408 1094 477 rn.
1468 452 1472 459 ,
1605 424 1662 483 au

85 578 283 663 persingulas
294 576 398 656 horas,
409 576 661 661 autpersingula
673 585 842 659 momenta,
898 576 1027 643 ioannis
1063 578 1272 664 chrysostomi
1299 578 1427 647 homilia
1446 603 1490 664 ιι,
1523 582 1557 646 in
1587 587 1667 667 epis-

85 673 132 736 ssd
146 672 240 734 etiem
253 671 461 752 persingulas
474 678 560 734 aetus
573 691 638 735 non
658 692 723 736 esse
736 690 845 736 neees-
898 670 993 734 talam
1002 666 1199 750 adliomonoa
1210 676 1274 757 qui,
1288 678 1394 758 «quod
1406 676 1532 759 propria
1543 686 1667 759 peecata

85 765 205 841 sarium3
221 770 253 825 et
266 764 414 844 qulbane
427 764 723 843 conantur-auferre,
738 781 847 847 poenas
898 767 1018 847 sepulta
1037 775 1120 842 sunt,
1137 768 1234 830 divini
1257 789 1322 832 esse
1347 773 1486 833 muneris
1510 772 1665 847 affirmat3

86 856 253 918 sortiuntur
265 860 405 918 eternas.
422 878 437 915 o
455 858 735 937 Augustinusvero
760 858 848 920 istius
898 860 983 940 quod
1010 865 1114 922 autem
1137 856 1309 924 seeundum
1331 865 1524 944 Baptismum
1550 864 1667 926 mortui

85 949 186 1030 gratim
206 946 357 1012 roeabmo
384 946 492 1012 callide
514 946 678 1027 significari
702 948 775 1013 dieit
799 966 847 1013 re·
899 954 1022 1031 peceato
1045 971 1296 1033 perseveremus,
1325 954 1423 1018 nostri
1460 957 1553 1019 studii
1589 976 1667 1038 opus

86 1040 258 1105 missionem
279 1046 486 1123 peecatorum.
506 1057 628 1124 nquam
642 1042 848 1125 persingulas
899 1062 974 1108 esse.
992 1067 1007 1104 ι)
1037 1048 1231 1128 Quanquam,
1257 1049 1294 1110 ut
1320 1055 1401 1110 reete
1423 1048 1518 1124 addit,
1539 1049 1668 1130 «pluri-

85 1136 181 1210 hores,
196 1148 254 1215 per
273 1130 393 1215 singula
406 1142 576 1214 momenta,
589 1142 621 1198 et
634 1148 691 1217 per
709 1134 848 1217 singulos
898 1156 987 1200 mum
1015 1139 1108 1201 etiam
1132 1134 1175 1202 ibi
1201 1158 1258 1203 uos
1280 1137 1421 1222 adjuvari
1447 1162 1466 1204 a
1492 1144 1555 1205 Deo
1570 1142 1669 1206 cerni·

85 1232 164 1290 ram
184 1226 390 1290 neeessariam
416 1244 482 1290 esse
504 1222 646 1309 dinotet
666 1240 787 1310 semper
813 1226 848 1291 in
899 1240 1003 1294 musa.
1018 1253 1033 1290 o

52 1392 54 1396 ,
85 1320 230 1383 memoria
256 1320 437 1395 retinentes,
467 1325 497 1382 et
524 1316 771 1400 reminiscentes,
800 1315 847 1383 rii·
938 1326 1059 1405 Exque
1074 1316 1333 1388 aanediffleiiisad
1346 1319 1561 1408 explieandum
1570 1344 1668 1408 quas
1703 1352 1828 1405 ornans

85 1411 275 1476 mimanobis
288 1416 503 1493 essepeeeata‚
518 1430 583 1475 non
596 1411 848 1495 pereamusulte
898 1408 942 1478 tio
955 1414 1110 1479 nascitur:
1126 1418 1180 1499 qui
1201 1416 1328 1481 tandem
1349 1414 1495 1501 Pelagius
1516 1421 1666 1499 docuerit,
1714 1407 1818 1471 erastus

85 1502 262 1585 rius‚arliuti
275 1502 460 1585 naualique
481 1502 767 1568 subministratione
788 1504 849 1568 vir·
898 1509 1112 1573 remissionem
1125 1518 1322 1591 peecatorum
1344 1508 1410 1574 sine
1431 1513 1503 1575 ullis
1524 1512 1591 1575 dari
1604 1531 1668 1576 me·
1706 1473 1823 1561 respergu-

85 1598 161 1676 tatis,
177 1598 231 1660 ssd
252 1598 371 1660 viribus
398 1592 532 1679 proprie
557 1594 742 1667 voluntatis.
772 1600 846 1681 quid
898 1596 976 1664 ritis.
992 1604 1073 1667 Nam
1091 1604 1283 1666 eontrarium
1303 1602 1408 1685 potius
1421 1606 1610 1668 existimasse
1623 1607 1667 1667 vi·
1692 1578 1838 1689 &iiiiii

85 1690 138 1753 sibl
149 1689 331 1753 remissione
345 1696 542 1771 peecatorum
556 1688 728 1772 praestitum
742 1686 845 1768 fuerit,
899 1692 1000 1757 detur.
1017 1694 1157 1760 Primum
1170 1698 1253 1776 quod
1266 1694 1459 1761 universeita
1481 1699 1667 1780 pronuntia-
1725 1678 1812 1724 Μ·

84 1787 230 1865 perustam
244 1780 384 1864 singulos
403 1780 610 1846 recordantes.
632 1800 647 1842 ι
666 1778 711 1846 ita
723 1784 756 1846 in
770 1784 849 1864 ejus·
899 1786 963 1867 bat,
987 1792 1119 1870 pretium
1132 1786 1290 1851 secandam
1316 1790 1424 1853 merito
1451 1789 1521 1853 dari
1530 1836 1537 1867 ,
1554 1792 1587 1851 in
1605 1810 1668 1871 quo

85 1876 150 1938 dem
161 1874 232 1938 iibri
243 1875 345 1957 eapite
355 1886 462 1938 xxxvii
473 1878 504 1938 et
517 1888 651 1938 xxxrrrr.
666 1876 704 1938 Et
717 1877 751 1938 in
768 1877 848 1940 libro
899 1879 1071 1960 Pelagianae
1084 1874 1211 1943 haeresis
1228 1888 1329 1963 eaput,
1346 1902 1382 1944 ae
1393 1901 1515 1944 summa
1527 1883 1671 1945 consiste·

85 1966 227 2050 &pratia
249 1976 281 2030 el
303 1966 396 2030 litera
415 1964 723 2049 arbitrio,eapiier1.
742 1991 758 2029 a
775 1968 847 2049 aaa,
900 1970 964 2050 bat,
989 1978 1024 2034 nt
1046 1974 1240 2036 antecedenti
1266 1973 1364 2054 eapite
1388 1974 1467 2052 dixi3
1493 1982 1540 2037 est
1564 1981 1669 2038 autem

86 2074 150 2122 eum
163 2062 273 2123 dieunt
297 2056 465 2141 Pelagiani,
479 2060 561 2124 hane
575 2076 641 2124 esse
663 2060 760 2124 solam
785 2078 849 2125 non
900 2056 1065 2144 singularis
1076 2064 1220 2146 quaedam
1238 2067 1338 2146 gratia
1351 2073 1548 2147 peecatorum
1561 2068 1671 2130 remis-

86 2154 246 2216 seoundum
263 2154 372 2215 merita
385 2159 491 2214 nostra
501 2155 643 2234 gratiam,
654 2167 716 2235 qua
728 2150 849 2217 bomini
900 2156 957 2219 sio.
971 2152 1086 2219 Deinde
1099 2156 1285 2220 nominatim
1308 2166 1503 2239 peecatorum
1517 2160 1672 2221 remissio-

87 2244 425 2326 peeoatadimittuntur3
440 2240 526 2307 illam
539 2260 623 2323 vero,
634 2262 704 2326 quoe
718 2242 850 2308 daturin
901 2267 975 2312 nem
988 2270 1052 2312 non
1062 2252 1158 2331 gratis
1172 2246 1278 2328 triberi,
1290 2252 1344 2313 sed
1357 2270 1396 2314 ex
1407 2251 1526 2314 meritis
1537 2254 1672 2314 affirma-

87 2338 152 2414 fine,
167 2338 199 2400 id
224 2342 274 2401 est
296 2343 445 2400 aeternam
471 2332 577 2413 sitam
593 2332 713 2400 meritis
737 2336 850 2402 nostris
901 2340 946 2404 vit
963 2338 1137 2424 Pelagius³3
1154 2340 1238 2424 quod
1256 2344 1290 2405 in
1311 2345 1440 2407 oonsilio
1458 2345 1671 2425 Diospolitano

88 2429 326 2512 pretonantibus
347 2425 453 2508 reddi;
466 2428 718 2512 respondendum
732 2438 779 2494 est
793 2428 847 2512 eis,
902 2430 1056 2515 exipsius
1077 2430 1165 2496 libris
1190 2432 1346 2515 objectum
1359 2441 1405 2496 est
1425 2435 1470 2496 ilii
1495 2436 1620 2513 ultimo,
1642 2443 1673 2499 et

89 2526 140 2585 ete.
153 2540 169 2582 s
182 2524 220 2585 Et
233 2522 272 2585 in
289 2521 387 2604 rapite
405 2522 848 2605 1111.a[lieuntetiam,gra2
902 2521 1083 2588 duodecimo
1119 2523 1197 2588 loeo.
1226 2549 1241 2585 a
1268 2528 1466 2605 Duodeeimo,
1494 2527 1611 2609 inquit,
1640 2535 1673 2591 et

90 2616 157 2677 fiam
166 2614 229 2690 eei,
242 2628 317 2696 quse
331 2612 402 2677 data
411 2619 522 2695 estper
535 2612 630 2677 iidem
644 2617 717 2678 iesu
727 2609 848 2694 Christi,
903 2620 985 2699 quod
999 2618 1176 2699 petentibus
1195 2616 1287 2680 venia
1300 2638 1364 2681 non
1391 2620 1483 2681 detur
1500 2621 1672 2683 seeundum

90 2720 152 2790 que
168 2719 274 2790 neque
298 2710 344 2769 est
359 2707 421 2786 lex,
448 2720 551 2789 neque
577 2714 707 2786 natura,
731 2708 770 2770 ad
791 2705 852 2772 hoo
902 2710 1045 2792 gratiam,
1061 2716 1092 2773 et
1105 2706 1350 2774 misericordiam
1360 2711 1425 2789 Dei,
1438 2713 1491 2774 sed
1500 2714 1672 2775 seeundum

90 2802 203 2864 unium
214 2802 332 2874 valere,
348 2802 515 2881 utpeceata
524 2801 681 2881 praeterita
693 2796 850 2864 dimittan-
904 2798 1024 2881 merite,
1040 2810 1071 2865 et
1083 2798 1223 2865 laborem
1245 2823 1364 2883 eorum,
1377 2805 1431 2884 qui
1453 2823 1509 2884 per
1522 2805 1674 2885 poeniten·

91 2894 146 2974 tar,
157 2906 220 2956 non
233 2898 275 2956 ut
296 2890 400 2955 lutura
411 2886 559 2969 vitentur,
574 2894 624 2955 vel
643 2896 850 2976 repugnantia
902 2896 977 2957 tiam
990 2892 1077 2976 digni
1091 2892 1209 2959 inerint
1221 2897 1463 2959 misericordias
1486 2899 1673 2976 Quanquam

92 2992 311 3069 superemines
350 3062 353 3067 γ
903 2988 1002 3050 hoea
1028 2984 1149 3067 Pelagio
1176 2995 1381 3067 recantatum,
1412 2994 1444 3051 et
1477 2989 1673 3052 anathemate

126 3078 242 3143 aduae
255 3077 337 3141 libro
346 3070 436 3140 tertio
450 3084 551 3139 rostro
564 3072 735 3157 dationum,
751 3076 852 3159 eapite
903 3076 1085 3143 damnatum
1098 3087 1144 3142 est
1157 3078 1190 3142 in
1204 3082 1312 3143 eadem
1335 3082 1466 3162 synodo.
1482 3083 1588 3161 Neque
1599 3100 1673 3144 vero

92 3184 176 3251 nrrr,
195 3192 210 3233 r
226 3187 342 3235 reram
358 3176 394 3233 tu
407 3189 426 3232 a
438 3174 541 3233 vestro
555 3171 700 3251 dogmate
725 3190 789 3232 non
804 3191 852 3235 re·
903 3168 1026 3236 mentiti
1045 3179 1127 3247 simi,
1143 3180 1198 3234 aut
1221 3174 1297 3235 salso
1319 3174 1364 3235 illi
1383 3174 1466 3235 istud
1495 3174 1675 3253 objecerunt

93 3264 176 3342 tedis,
195 3265 314 3346 inquit,
335 3282 397 3344 quo
419 3258 545 3345 putatis,
575 3261 707 3342 gratiam
730 3260 785 3325 Dei
798 3283 854 3345 per
903 3260 1053 3327 inlibello
1075 3284 1131 3327 suo
1146 3267 1254 3344 Heros,
1269 3273 1300 3329 et
1323 3269 1459 3329 Lazarus
1470 3286 1478 3343 ;
1499 3268 1552 3328 sed
1567 3286 1675 3329 revera

93 3354 371 3421 launomarum
395 3358 565 3418 Dominum
589 3360 732 3417 nostrum
752 3352 795 3416 sio
820 3356 855 3417 in
904 3359 1034 3421 sensisse
1044 3360 1098 3435 sie,
1113 3376 1149 3420 aa
1162 3359 1316 3439 scripsisse
1330 3358 1462 3433 videtur,
1482 3359 1566 3439 quod
1580 3360 1675 3422 enam

94 3447 151 3511 sola
174 3454 375 3532 parentorum
393 3445 572 3510 remissione
594 3446 771 3524 versarint
791 3466 855 3509 non
904 3448 1117 3525 illiusbaeresi,
1132 3470 1168 3512 ao
1182 3450 1329 3531 primario
1353 3452 1475 3514 darneto
1486 3450 1585 3531 magis
1600 3472 1675 3515 eon·

95 3540 208 3622 atteret
221 3543 264 3605 ed
281 3536 407 3604 vitanda
420 3545 557 3620 peecata,
572 3543 604 3601 et
616 3534 766 3601 desideria
785 3539 854 3601 vin·
906 3540 999 3619 gruit.

95 3632 183 3696 aenda
205 3628 354 3711 earrmiia,
382 3628 584 3695 diffundendo
618 3628 799 3693 charitatem
821 3632 855 3693 in
946 3630 1000 3692 Ill.
1017 3628 1138 3692 Etenim
1158 3637 1322 3713 propterea
1335 3629 1468 3713 gratiam
1481 3648 1545 3694 non
1558 3633 1678 3714 putarit

94 3724 227 3789 sordibus
241 3722 368 3788 nostris.
385 3744 400 3784 ι)
419 3720 457 3788 nt
468 3724 503 3785 in
525 3720 606 3785 libro
620 3716 655 3785 de
677 3731 798 3803 natare,
824 3728 855 3785 et
907 3718 972 3785 sine
993 3722 1103 3785 merito
1123 3720 1239 3803 aliquo,
1255 3725 1413 3805 gratisque
1436 3724 1575 3799 concedi,
1592 3726 1678 3806 quod

94 3816 186 3897 pratia
198 3814 220 3898 ¹,
236 3813 338 3899 eapite
349 3830 456 3878 xxxiv.
479 3832 494 3875 s
508 3818 595 3877 Hane
607 3815 663 3877 iste
684 3812 855 3877 miseriror-
907 3812 1022 3893 alioqui
1035 3808 1177 3892 injustus,
1189 3818 1221 3874 et
1230 3831 1434 3893 personarum
1448 3818 1589 3893 aeeeptor
1597 3816 1678 3876 Deus

93 3908 179 3989 diam,
194 3917 225 3974 et
234 3908 420 3973 medicinale
430 3904 597 3971 salvatoris
608 3903 768 3983 auxilium,
784 3913 853 3968 tan·
906 3900 1085 3968 haberetur.
1103 3903 1138 3966 in
1163 3904 1241 3965 libro
1264 3903 1300 3965 de
1319 3907 1410 3985 gestia
1436 3904 1676 3985 Pelopr'anorum,

94 4005 154 4063 tum
167 4002 199 4064 in
212 4001 275 4066 boe
288 4001 387 4083 pouit,
403 3994 591 4081 utignosoat
604 4000 771 4081 praeterita,
791 4017 855 4061 non
907 3999 1005 4078 eapite
1024 4017 1089 4071 xre,
1103 3994 1226 4076 Pelagio
1250 3994 1282 4056 id
1301 3997 1456 4075 objectum
1483 4016 1548 4063 esse
1573 3998 1679 4059 soribit

94 4098 125 4153 nt
140 4094 265 4175 urbevet
290 4090 448 4155 adiutura
470 4088 638 4154 uitanda.»
663 4092 802 4171 idipsum
827 4096 857 4152 et
906 4086 1098 4171 Augustinus
1122 4104 1160 4150 ex
1183 4086 1324 4168 eapitulis
1351 4088 1550 4162 Gmiestianis,
1583 4110 1598 4147 a
1624 4089 1680 4150 Dei

94 4185 227 4249 Julianus
239 4188 307 4268 ipse
319 4183 457 4248 defendit
468 4180 552 4265 apud
572 4178 815 4263 Augustinum¹.
906 4183 1039 4263 gratiam
1052 4176 1224 4243 seeundum
1233 4180 1345 4241 merita
1355 4186 1462 4241 nostra
1475 4180 1562 4256 dari;
1578 4182 1677 4260 quasi,

129 4278 169 4342 11.
181 4278 271 4342 Hane
281 4292 355 4341 vero
365 4272 577 4339 remissionem
587 4281 783 4356 peecatorum
793 4293 857 4336 non
907 4273 933 4335 si
947 4270 1158 4355 peecatoribus
1178 4270 1264 4334 illam
1289 4272 1355 4348 det,
1378 4272 1519 4334 videatur
1545 4292 1609 4335 esso
1624 4275 1681 4335 ini·

95 4374 261 4434 seeundum
283 4370 393 4432 merita
421 4374 527 4430 nostra
549 4368 627 4442 dari,
651 4368 703 4430 sed
726 4368 859 4448 gratiae
909 4385 999 4448 quus.
1024 4388 1039 4424 a
1060 4362 1097 4426 Et
1124 4358 1158 4426 in
1184 4362 1273 4445 epist.
1298 4381 1345 4441 ot,
1363 4364 1447 4425 idem
1469 4365 1679 4446 Augustinusj

96 4460 151 4525 lieo
166 4460 303 4536 cenredi,
317 4458 464 4542 Pelagius
477 4460 642 4522 arbitratus
657 4462 711 4536 est,
728 4465 763 4520 ut
777 4477 858 4539 saepe
913 4455 1018 4539 «quid
1030 4454 1081 4519 bio
1096 4454 1209 4518 dicturi
1229 4463 1313 4534 sunt,
1328 4456 1438 4536 inquit,
1454 4458 1520 4538 qui,
1535 4464 1571 4519 ut
1581 4460 1682 4539 gratia

94 4558 218 4618 ratam
236 4556 451 4632 augustinum
477 4558 513 4615 ut
535 4550 569 4613 in
595 4548 743 4626 locedio,
766 4568 860 4632 quem
910 4549 977 4613 dari
1000 4550 1108 4632 possit,
1132 4549 1287 4610 nonnulla
1307 4550 1482 4629 praeoedere
1496 4552 1608 4613 merita
1619 4552 1681 4614 hu·

97 4645 264 4726 alhuinus,
280 4660 319 4709 er
339 4647 437 4729 eapite
452 4651 537 4707 sexto
562 4642 633 4705 libri
652 4638 687 4704 de
706 4638 819 4725 pratia,
834 4644 861 4703 et
910 4661 1003 4705 mana
1023 4641 1226 4714 contendunt,
1241 4658 1282 4702 ne
1307 4641 1346 4701 sit
1358 4660 1562 4723 personarum
1575 4658 1681 4726 aecep-

98 4737 183 4801 tileo
201 4736 344 4815 orts'tsto3
371 4744 402 4801 et
423 4738 458 4799 in
478 4733 606 4818 epistola
620 4750 667 4799 er.
700 4736 861 4797 «Possunt
910 4740 960 4795 tor
975 4730 1105 4796 Densi»
1122 4733 1261 4813 Denique
1275 4732 1309 4793 in
1322 4732 1448 4797 libreria
1461 4733 1631 4799 Hoereaitaa
1645 4732 1685 4796 od

99 4830 229 4912 quidam,
245 4828 300 4910 eit,
325 4830 426 4893 disere
439 4827 652 4892 remissionem
666 4832 863 4910 peecatorum
913 4818 1155 4903 Quadratiana,
1172 4826 1289 4900 asserit,
1316 4826 1503 4907 Pelagium,
1518 4832 1684 4907 postquam

99 4936 158 4986 esse
170 4924 316 5005 gratiam,
332 4938 401 5005 quas
415 4919 508 4986 nullis
521 4918 764 5003 precedentibus
770 4919 862 4982 meri·
912 4920 971 4981 hoe
985 4918 1144 4981 damnavit
1165 4919 1198 4979 in
1212 4919 1341 4980 oonsilio
1360 4918 1580 5000 Diospolitano,
1599 4920 1684 5000 quod

99 5014 136 5077 tis
153 5018 255 5079 denir.
268 5014 348 5084 Quid
364 5010 449 5078 enirn
461 5014 576 5076 habere
590 5007 667 5075 boni
681 5012 781 5075 meriti
792 5030 863 5093 pos·
914 5008 1044 5089 dixerat,
1071 5033 1083 5069 o
1109 5011 1242 5091 gratiam
1271 5011 1338 5089 Dei,
1366 5030 1427 5092 qua
1452 5010 1622 5073 liberamur
1643 5012 1684 5073 ab

101 5107 409 5191 suntpeoratores‘ir
428 5106 494 5182 Quo
510 5110 542 5168 et
554 5104 632 5168 illud
645 5104 753 5168 reierri
765 5107 864 5187 potest
913 5100 1083 5185 impietate,
1104 5104 1276 5167 seeundum
1295 5106 1408 5167 merita
1431 5110 1538 5166 nostra
1557 5105 1635 5183 dari,
1651 5106 1685 5166 in

135 5290 153 5334 α
172 5281 272 5337 Cusus»
292 5276 328 5334 'ib
342 5274 385 5353 pls
399 5272 447 5352 pip
459 5276 565 5351 aspirat
583 5268 619 5333 'ti
635 5276 742 5350 πρότερα
757 5270 867 5350 ἇγιαρτή-
915 5270 987 5347 ἔργον
997 5272 1112 5343 σπουδῆς·
1130 5268 1151 5328 ti
1161 5275 1200 5329 eei
1210 5272 1240 5330 sd
1255 5274 1363 5348 μάλιστα
1379 5275 1697 5349 sententiantium

104 5376 166 5432 pesa
180 5362 225 5431 τῆς
236 5356 312 5418 sisoi
324 5364 410 5436 pipere
420 5364 522 5435 διιριᾶς.
538 5362 567 5416 ri
577 5360 604 5415 a
620 5360 682 5434 pres
697 5360 727 5415 eb
741 5358 867 5431 βάπτισμα
916 5355 968 5413 ists
982 5356 1079 5431 ὁρῶμεν
1093 5353 1227 5430 βοηθοῦντα
1240 5354 1310 5431 ἡμῖν.

105 5447 180 5515 priver
192 5449 291 5518 νεκροὺς
314 5450 344 5520 τῇ
372 5445 489 5520 ἁμαρτίᾳ,
515 5449 558 5513 τῆς
571 5444 689 5518 ἡμετέρας
706 5445 747 5497 isi
757 5442 868 5515 γενέσθαι

132 5595 141 5642 i
157 5590 210 5641 tros
223 5603 246 5641 st
256 5610 276 5646 o.
291 5597 402 5643 nrt-t
416 5596 735 5661 uro.10p‚imp..-ssog.
748 5604 782 5653 ep.
796 5601 830 5640 err
838 5599 860 5638 et
870 5604 890 5639 e.
903 5596 955 5641 mt
969 5595 996 5640 ds
1008 5595 1066 5641 θυι.
1078 5594 1126 5641 Psi.
1139 5600 1161 5639 st
1172 5591 1296 5640 rocellae.
1310 5593 1440 5644 cresson·-
1451 5593 1465 5641 t
1478 5594 1530 5652 inp.
1544 5604 1645 5645 emina
