<?xml version="1.0" encoding="UTF-8"?>
<!DOCTYPE html PUBLIC "-//W3C//DTD XHTML 1.0 Transitional//EN"
    "http://www.w3.org/TR/xhtml1/DTD/xhtml1-transitional.dtd">
<html xmlns="http://www.w3.org/1999/xhtml" xml:lang="en" lang="en">
 <head>
  <title>
</title>
<meta http-equiv="Content-Type" content="text/html;charset=utf-8" />
  <meta name='ocr-system' content='tesseract 3.04.00' />
  <meta name='ocr-capabilities' content='ocr_page ocr_carea ocr_par ocr_line ocrx_word'/>
</head>
<body>
  <div class='ocr_page' id='page_1' title='image "./dogmatatheologi00goog_0394.png"; bbox 0 0 3936 6172; ppageno 0'>
   <div class='ocr_carea' id='block_1_1' title="bbox 425 418 1644 504">
    <p class='ocr_par' dir='ltr' id='par_1_1' title="bbox 425 418 1644 504">
     <span class='ocr_line' id='line_1_1' title="bbox 425 418 1644 504; baseline 0.008 -24"><span class='ocrx_word' id='word_1_1' title='bbox 425 418 475 480; x_wconf 85' lang='lat' dir='ltr'>DE</span> <span class='ocrx_word' id='word_1_2' title='bbox 495 418 661 483; x_wconf 59' lang='lat' dir='ltr'>cellulum</span> <span class='ocrx_word' id='word_1_3' title='bbox 681 420 755 485; x_wconf 82' lang='lat' dir='ltr'>SEX</span> <span class='ocrx_word' id='word_1_4' title='bbox 774 420 943 504; x_wconf 75' lang='lat' dir='ltr'>niueum,</span> <span class='ocrx_word' id='word_1_5' title='bbox 965 425 1037 487; x_wconf 88' lang='lat' dir='ltr'>LlB.</span> <span class='ocrx_word' id='word_1_6' title='bbox 1061 425 1111 488; x_wconf 84' lang='lat' dir='ltr'>lv.</span> <span class='ocrx_word' id='word_1_7' title='bbox 1133 425 1216 489; x_wconf 70' lang='grc' dir='ltr'><strong>ΠΛΡ.</strong></span> <span class='ocrx_word' id='word_1_8' title='bbox 1239 427 1277 488; x_wconf 88' lang='grc' dir='ltr'>ΙΙ.</span> <span class='ocrx_word' id='word_1_9' title='bbox 1586 431 1644 492; x_wconf 82' lang='grc'>377</span> 
     </span>
    </p>
   </div>
   <div class='ocr_carea' id='block_1_2' title="bbox 8 574 1748 5452">
    <p class='ocr_par' dir='ltr' id='par_1_2' title="bbox 8 574 1748 5452">
     <span class='ocr_line' id='line_1_2' title="bbox 79 574 1748 675; baseline 0.006 -27"><span class='ocrx_word' id='word_1_10' title='bbox 79 589 161 667; x_wconf 85' lang='lat' dir='ltr'>juste,</span> <span class='ocrx_word' id='word_1_11' title='bbox 171 589 201 645; x_wconf 88' lang='lat' dir='ltr'>et</span> <span class='ocrx_word' id='word_1_12' title='bbox 212 583 262 664; x_wconf 92' lang='lat' dir='ltr'>pie</span> <span class='ocrx_word' id='word_1_13' title='bbox 275 583 417 662; x_wconf 83' lang='lat' dir='ltr'>vivendo,</span> <span class='ocrx_word' id='word_1_14' title='bbox 432 584 469 647; x_wconf 93' lang='lat' dir='ltr'>ad</span> <span class='ocrx_word' id='word_1_15' title='bbox 482 583 617 665; x_wconf 87' lang='lat' dir='ltr'>beatam,</span> <span class='ocrx_word' id='word_1_16' title='bbox 634 585 828 666; x_wconf 84' lang='lat' dir='ltr'>eamdenque</span> <span class='ocrx_word' id='word_1_17' title='bbox 878 592 1165 668; x_wconf 66' lang='lat' dir='ltr'>sacramencum</span> <span class='ocrx_word' id='word_1_18' title='bbox 1171 593 1646 675; x_wconf 67' lang='lat' dir='ltr'>coelestianumatPelagiauum</span> <span class='ocrx_word' id='word_1_19' title='bbox 1739 574 1748 585; x_wconf 44' lang='lat'><em>⁴</em></span> 
     </span>
     <span class='ocr_line' id='line_1_3' title="bbox 84 677 1646 767; baseline 0.006 -27"><span class='ocrx_word' id='word_1_20' title='bbox 84 677 324 740; x_wconf 84' lang='lat' dir='ltr'>eternemvitam</span> <span class='ocrx_word' id='word_1_21' title='bbox 336 678 498 758; x_wconf 86' lang='lat' dir='ltr'>pervenire</span> <span class='ocrx_word' id='word_1_22' title='bbox 511 684 709 741; x_wconf 83' lang='lat' dir='ltr'>mereatur.»</span> <span class='ocrx_word' id='word_1_23' title='bbox 733 679 830 759; x_wconf 88' lang='lat' dir='ltr'>igitur</span> <span class='ocrx_word' id='word_1_24' title='bbox 876 683 1032 760; x_wconf 83' lang='lat' dir='ltr'>voeari;o</span> <span class='ocrx_word' id='word_1_25' title='bbox 1059 684 1102 745; x_wconf 91' lang='lat' dir='ltr'>ita</span> <span class='ocrx_word' id='word_1_26' title='bbox 1123 684 1205 748; x_wconf 89' lang='lat' dir='ltr'>inter</span> <span class='ocrx_word' id='word_1_27' title='bbox 1227 692 1338 749; x_wconf 76' lang='lat' dir='ltr'>catera</span> <span class='ocrx_word' id='word_1_28' title='bbox 1365 688 1500 748; x_wconf 83' lang='lat' dir='ltr'>occrurit</span> <span class='ocrx_word' id='word_1_29' title='bbox 1526 690 1646 767; x_wconf 82' lang='lat' dir='ltr'>Augus</span> 
     </span>
     <span class='ocr_line' id='line_1_4' title="bbox 85 767 1646 859; baseline 0.006 -28"><span class='ocrx_word' id='word_1_30' title='bbox 85 769 208 847; x_wconf 75' lang='lat' dir='ltr'>Pelagius</span> <span class='ocrx_word' id='word_1_31' title='bbox 221 767 438 846; x_wconf 89' lang='lat' dir='ltr'>arbitrabatur,</span> <span class='ocrx_word' id='word_1_32' title='bbox 452 769 588 832; x_wconf 88' lang='lat' dir='ltr'>liberum</span> <span class='ocrx_word' id='word_1_33' title='bbox 601 769 831 851; x_wconf 88' lang='lat' dir='ltr'>arbitriumper</span> <span class='ocrx_word' id='word_1_34' title='bbox 880 775 980 837; x_wconf 83' lang='lat' dir='ltr'>tinus:</span> <span class='ocrx_word' id='word_1_35' title='bbox 1001 796 1017 834; x_wconf 86' lang='lat' dir='ltr'>a</span> <span class='ocrx_word' id='word_1_36' title='bbox 1038 777 1185 838; x_wconf 90' lang='lat' dir='ltr'>Liberum</span> <span class='ocrx_word' id='word_1_37' title='bbox 1205 778 1311 859; x_wconf 89' lang='lat' dir='ltr'>itaque</span> <span class='ocrx_word' id='word_1_38' title='bbox 1331 778 1366 839; x_wconf 92' lang='lat' dir='ltr'>iu</span> <span class='ocrx_word' id='word_1_39' title='bbox 1388 779 1570 841; x_wconf 92' lang='lat' dir='ltr'>hominibus</span> <span class='ocrx_word' id='word_1_40' title='bbox 1580 797 1646 841; x_wconf 90' lang='lat' dir='ltr'>esse</span> 
     </span>
     <span class='ocr_line' id='line_1_5' title="bbox 85 860 1646 944; baseline 0.006 -21"><span class='ocrx_word' id='word_1_41' title='bbox 85 880 122 936; x_wconf 86' lang='lat' dir='ltr'>se,</span> <span class='ocrx_word' id='word_1_42' title='bbox 135 860 364 940; x_wconf 87' lang='lat' dir='ltr'>acuullagratia</span> <span class='ocrx_word' id='word_1_43' title='bbox 377 862 595 923; x_wconf 78' lang='lat' dir='ltr'>corroborante</span> <span class='ocrx_word' id='word_1_44' title='bbox 607 867 638 923; x_wconf 91' lang='lat' dir='ltr'>et</span> <span class='ocrx_word' id='word_1_45' title='bbox 650 863 828 942; x_wconf 83' lang='lat' dir='ltr'>adjuvante,</span> <span class='ocrx_word' id='word_1_46' title='bbox 878 867 1053 944; x_wconf 80' lang='lat' dir='ltr'>arbitrium,</span> <span class='ocrx_word' id='word_1_47' title='bbox 1068 874 1099 931; x_wconf 91' lang='lat' dir='ltr'>et</span> <span class='ocrx_word' id='word_1_48' title='bbox 1125 871 1222 932; x_wconf 88' lang='lat' dir='ltr'>Deum</span> <span class='ocrx_word' id='word_1_49' title='bbox 1245 889 1310 933; x_wconf 88' lang='lat' dir='ltr'>esse</span> <span class='ocrx_word' id='word_1_50' title='bbox 1330 871 1523 932; x_wconf 86' lang='lat' dir='ltr'>nascentium</span> <span class='ocrx_word' id='word_1_51' title='bbox 1539 872 1646 932; x_wconf 88' lang='lat' dir='ltr'>eondi-</span> 
     </span>
     <span class='ocr_line' id='line_1_6' title="bbox 84 952 1647 1040; baseline 0.006 -26"><span class='ocrx_word' id='word_1_52' title='bbox 84 960 272 1036; x_wconf 82' lang='lat' dir='ltr'>praterquam</span> <span class='ocrx_word' id='word_1_53' title='bbox 285 952 350 1015; x_wconf 89' lang='lat' dir='ltr'>sola</span> <span class='ocrx_word' id='word_1_54' title='bbox 361 954 441 1034; x_wconf 86' lang='lat' dir='ltr'>lage,</span> <span class='ocrx_word' id='word_1_55' title='bbox 455 973 491 1016; x_wconf 90' lang='lat' dir='ltr'>ac</span> <span class='ocrx_word' id='word_1_56' title='bbox 511 955 569 1016; x_wconf 92' lang='lat' dir='ltr'>Dei</span> <span class='ocrx_word' id='word_1_57' title='bbox 586 956 744 1033; x_wconf 90' lang='lat' dir='ltr'>mandato,</span> <span class='ocrx_word' id='word_1_58' title='bbox 766 957 829 1035; x_wconf 90' lang='lat' dir='ltr'>pie,</span> <span class='ocrx_word' id='word_1_59' title='bbox 878 961 1121 1040; x_wconf 85' lang='lat' dir='ltr'>torem,utrique</span> <span class='ocrx_word' id='word_1_60' title='bbox 1132 962 1278 1039; x_wconf 89' lang='lat' dir='ltr'>dicimus;</span> <span class='ocrx_word' id='word_1_61' title='bbox 1290 961 1436 1024; x_wconf 88' lang='lat' dir='ltr'>nouhiuc</span> <span class='ocrx_word' id='word_1_62' title='bbox 1449 962 1521 1024; x_wconf 89' lang='lat' dir='ltr'>estis</span> <span class='ocrx_word' id='word_1_63' title='bbox 1535 963 1647 1024; x_wconf 82' lang='lat' dir='ltr'>Coeles·</span> 
     </span>
     <span class='ocr_line' id='line_1_7' title="bbox 84 1045 1645 1133; baseline 0.004 -25"><span class='ocrx_word' id='word_1_64' title='bbox 84 1046 194 1124; x_wconf 86' lang='lat' dir='ltr'>acjuste</span> <span class='ocrx_word' id='word_1_65' title='bbox 204 1062 294 1125; x_wconf 89' lang='lat' dir='ltr'>posse</span> <span class='ocrx_word' id='word_1_66' title='bbox 304 1045 418 1108; x_wconf 86' lang='lat' dir='ltr'>vivere.</span> <span class='ocrx_word' id='word_1_67' title='bbox 878 1053 968 1128; x_wconf 90' lang='lat' dir='ltr'>tiani,</span> <span class='ocrx_word' id='word_1_68' title='bbox 983 1057 1015 1114; x_wconf 90' lang='lat' dir='ltr'>et</span> <span class='ocrx_word' id='word_1_69' title='bbox 1027 1053 1199 1133; x_wconf 86' lang='lat' dir='ltr'>Pelagiani,</span> <span class='ocrx_word' id='word_1_70' title='bbox 1215 1075 1230 1112; x_wconf 85' lang='grc' dir='ltr'>ι</span> <span class='ocrx_word' id='word_1_71' title='bbox 1247 1061 1304 1117; x_wconf 88' lang='lat' dir='ltr'>etc.</span> <span class='ocrx_word' id='word_1_72' title='bbox 1323 1054 1491 1116; x_wconf 87' lang='lat' dir='ltr'>Siinvoce</span> <span class='ocrx_word' id='word_1_73' title='bbox 1504 1059 1645 1115; x_wconf 91' lang='lat' dir='ltr'>tantum-</span> 
     </span>
     <span class='ocr_line' id='line_1_8' title="bbox 14 1137 1647 1208; baseline 0.006 -11"><span class='ocrx_word' id='word_1_74' title='bbox 14 1162 39 1205; x_wconf 67' lang='grc' dir='ltr'>,ι</span> <span class='ocrx_word' id='word_1_75' title='bbox 118 1138 149 1199; x_wconf 95' lang='lat' dir='ltr'>ll</span> <span class='ocrx_word' id='word_1_76' title='bbox 170 1137 245 1199; x_wconf 88' lang='lat' dir='ltr'>liuic</span> <span class='ocrx_word' id='word_1_77' title='bbox 264 1137 454 1200; x_wconf 86' lang='lat' dir='ltr'>contrarium</span> <span class='ocrx_word' id='word_1_78' title='bbox 467 1138 539 1200; x_wconf 85' lang='lat' dir='ltr'>fidei</span> <span class='ocrx_word' id='word_1_79' title='bbox 553 1138 710 1202; x_wconf 79' lang='lat' dir='ltr'>catholicae</span> <span class='ocrx_word' id='word_1_80' title='bbox 724 1139 830 1201; x_wconf 91' lang='lat' dir='ltr'>decre·</span> <span class='ocrx_word' id='word_1_81' title='bbox 879 1144 973 1206; x_wconf 91' lang='lat' dir='ltr'>modo</span> <span class='ocrx_word' id='word_1_82' title='bbox 1007 1145 1097 1207; x_wconf 81' lang='lat' dir='ltr'>liberi</span> <span class='ocrx_word' id='word_1_83' title='bbox 1134 1144 1260 1207; x_wconf 81' lang='lat' dir='ltr'>arbitrii</span> <span class='ocrx_word' id='word_1_84' title='bbox 1295 1165 1367 1207; x_wconf 87' lang='lat' dir='ltr'>curn</span> <span class='ocrx_word' id='word_1_85' title='bbox 1397 1146 1552 1208; x_wconf 90' lang='lat' dir='ltr'>Catholica</span> <span class='ocrx_word' id='word_1_86' title='bbox 1585 1146 1647 1207; x_wconf 91' lang='lat' dir='ltr'>fide</span> 
     </span>
     <span class='ocr_line' id='line_1_9' title="bbox 14 1225 1647 1315; baseline 0.003 -22.065"><span class='ocrx_word' id='word_1_87' title='bbox 14 1225 63 1313; x_wconf 60' lang='lat'>2⁸¹</span> <span class='ocrx_word' id='word_1_88' title='bbox 84 1237 140 1293; x_wconf 90' lang='lat' dir='ltr'>tum</span> <span class='ocrx_word' id='word_1_89' title='bbox 157 1230 195 1291; x_wconf 91' lang='lat' dir='ltr'>ita</span> <span class='ocrx_word' id='word_1_90' title='bbox 219 1231 324 1293; x_wconf 88' lang='lat' dir='ltr'>statim</span> <span class='ocrx_word' id='word_1_91' title='bbox 338 1231 473 1313; x_wconf 83' lang='lat' dir='ltr'>concaprt</span> <span class='ocrx_word' id='word_1_92' title='bbox 484 1230 718 1312; x_wconf 78' lang='lat' dir='ltr'>Augustinus</span> <span class='ocrx_word' id='word_1_93' title='bbox 739 1234 831 1295; x_wconf 85' lang='lat' dir='ltr'>uNos</span> <span class='ocrx_word' id='word_1_94' title='bbox 879 1238 1102 1299; x_wconf 90' lang='lat' dir='ltr'>concordarent</span> <span class='ocrx_word' id='word_1_95' title='bbox 1113 1237 1254 1299; x_wconf 78' lang='lat' dir='ltr'>haeretici</span> <span class='ocrx_word' id='word_1_96' title='bbox 1268 1239 1326 1315; x_wconf 93' lang='lat' dir='ltr'>illi,</span> <span class='ocrx_word' id='word_1_97' title='bbox 1341 1256 1376 1299; x_wconf 88' lang='lat' dir='ltr'>re</span> <span class='ocrx_word' id='word_1_98' title='bbox 1394 1243 1498 1299; x_wconf 89' lang='lat' dir='ltr'>autem</span> <span class='ocrx_word' id='word_1_99' title='bbox 1512 1256 1548 1298; x_wconf 89' lang='lat' dir='ltr'>ao</span> <span class='ocrx_word' id='word_1_100' title='bbox 1560 1237 1647 1299; x_wconf 79' lang='lat' dir='ltr'>verbu</span> 
     </span>
     <span class='ocr_line' id='line_1_10' title="bbox 14 1322 1648 1409; baseline 0.004 -25"><span class='ocrx_word' id='word_1_101' title='bbox 14 1322 58 1364; x_wconf 74' lang='lat'>¹¹⁰·</span> <span class='ocrx_word' id='word_1_102' title='bbox 84 1330 172 1385; x_wconf 84' lang='lat' dir='ltr'>autam</span> <span class='ocrx_word' id='word_1_103' title='bbox 197 1323 341 1394; x_wconf 78' lang='lat' dir='ltr'><strong>dicimus,</strong></span> <span class='ocrx_word' id='word_1_104' title='bbox 370 1326 542 1386; x_wconf 90' lang='lat' dir='ltr'>humanam</span> <span class='ocrx_word' id='word_1_105' title='bbox 567 1324 760 1388; x_wconf 81' lang='lat' dir='ltr'>voluntatem</span> <span class='ocrx_word' id='word_1_106' title='bbox 784 1327 827 1388; x_wconf 90' lang='lat' dir='ltr'>sie</span> <span class='ocrx_word' id='word_1_107' title='bbox 879 1322 1007 1391; x_wconf 87' lang='lat' dir='ltr'>notione</span> <span class='ocrx_word' id='word_1_108' title='bbox 1021 1329 1237 1407; x_wconf 88' lang='lat' dir='ltr'>dissentirent;</span> <span class='ocrx_word' id='word_1_109' title='bbox 1254 1330 1451 1392; x_wconf 76' lang='lat' dir='ltr'>riduculehoc</span> <span class='ocrx_word' id='word_1_110' title='bbox 1460 1330 1648 1409; x_wconf 80' lang='lat' dir='ltr'>Augustanus</span> 
     </span>
     <span class='ocr_line' id='line_1_11' title="bbox 13 1415 1647 1507; baseline 0.003 -31"><span class='ocrx_word' id='word_1_111' title='bbox 13 1432 68 1472; x_wconf 77' lang='grc' dir='ltr'>ιιι</span> <span class='ocrx_word' id='word_1_112' title='bbox 84 1418 211 1477; x_wconf 79' lang='lat' dir='ltr'>drumms</span> <span class='ocrx_word' id='word_1_113' title='bbox 223 1415 362 1495; x_wconf 75' lang='lat' dir='ltr'>adparari</span> <span class='ocrx_word' id='word_1_114' title='bbox 375 1418 415 1479; x_wconf 94' lang='lat' dir='ltr'>ad</span> <span class='ocrx_word' id='word_1_115' title='bbox 426 1417 771 1496; x_wconf 75' lang='lat' dir='ltr'>iaciendampustrtram</span> <span class='ocrx_word' id='word_1_116' title='bbox 783 1423 830 1497; x_wconf 90' lang='lat' dir='ltr'>ut,</span> <span class='ocrx_word' id='word_1_117' title='bbox 879 1421 1006 1482; x_wconf 89' lang='lat' dir='ltr'>diecret.</span> <span class='ocrx_word' id='word_1_118' title='bbox 1021 1422 1091 1482; x_wconf 91' lang='lat' dir='ltr'>Nou</span> <span class='ocrx_word' id='word_1_119' title='bbox 1105 1440 1189 1484; x_wconf 83' lang='lat' dir='ltr'>euim</span> <span class='ocrx_word' id='word_1_120' title='bbox 1201 1440 1302 1492; x_wconf 85' lang='lat' dir='ltr'>voces</span> <span class='ocrx_word' id='word_1_121' title='bbox 1314 1423 1368 1484; x_wconf 88' lang='lat' dir='ltr'>scd</span> <span class='ocrx_word' id='word_1_122' title='bbox 1380 1422 1506 1483; x_wconf 77' lang='lat' dir='ltr'>vocibus</span> <span class='ocrx_word' id='word_1_123' title='bbox 1520 1421 1647 1507; x_wconf 89' lang='lat' dir='ltr'>subjecti</span> 
     </span>
     <span class='ocr_line' id='line_1_12' title="bbox 13 1490 1648 1595; baseline 0.003 -27"><span class='ocrx_word' id='word_1_124' title='bbox 13 1490 54 1525; x_wconf 51' lang='grc' dir='ltr'>ω</span> <span class='ocrx_word' id='word_1_125' title='bbox 84 1515 180 1588; x_wconf 80' lang='lat' dir='ltr'>prater</span> <span class='ocrx_word' id='word_1_126' title='bbox 191 1509 273 1587; x_wconf 88' lang='lat' dir='ltr'>quod</span> <span class='ocrx_word' id='word_1_127' title='bbox 302 1514 424 1570; x_wconf 89' lang='lat' dir='ltr'>creatus</span> <span class='ocrx_word' id='word_1_128' title='bbox 450 1513 496 1570; x_wconf 89' lang='lat' dir='ltr'>est</span> <span class='ocrx_word' id='word_1_129' title='bbox 520 1510 615 1570; x_wconf 91' lang='lat' dir='ltr'>homo</span> <span class='ocrx_word' id='word_1_130' title='bbox 638 1528 710 1571; x_wconf 91' lang='lat' dir='ltr'>cum</span> <span class='ocrx_word' id='word_1_131' title='bbox 733 1511 832 1572; x_wconf 88' lang='lat' dir='ltr'>libero</span> <span class='ocrx_word' id='word_1_132' title='bbox 879 1514 1158 1576; x_wconf 81' lang='lat' dir='ltr'>sensushaereticos</span> <span class='ocrx_word' id='word_1_133' title='bbox 1171 1515 1296 1595; x_wconf 87' lang='lat' dir='ltr'>proprie</span> <span class='ocrx_word' id='word_1_134' title='bbox 1315 1514 1447 1590; x_wconf 85' lang='lat' dir='ltr'>iaciunt,</span> <span class='ocrx_word' id='word_1_135' title='bbox 1466 1519 1521 1573; x_wconf 88' lang='lat' dir='ltr'>aut</span> <span class='ocrx_word' id='word_1_136' title='bbox 1534 1514 1648 1573; x_wconf 90' lang='lat' dir='ltr'>Catho-</span> 
     </span>
     <span class='ocr_line' id='line_1_13' title="bbox 84 1599 1650 1685; baseline 0.004 -26"><span class='ocrx_word' id='word_1_137' title='bbox 84 1599 192 1660; x_wconf 77' lang='lat' dir='ltr'>arbium</span> <span class='ocrx_word' id='word_1_138' title='bbox 200 1599 376 1672; x_wconf 77' lang='lat' dir='ltr'>reluctatus,</span> <span class='ocrx_word' id='word_1_139' title='bbox 392 1605 566 1681; x_wconf 81' lang='lat' dir='ltr'>praeterque</span> <span class='ocrx_word' id='word_1_140' title='bbox 576 1603 760 1679; x_wconf 81' lang='lat' dir='ltr'>doctrinam,</span> <span class='ocrx_word' id='word_1_141' title='bbox 771 1622 833 1683; x_wconf 87' lang='lat' dir='ltr'>qua</span> <span class='ocrx_word' id='word_1_142' title='bbox 879 1606 965 1667; x_wconf 86' lang='lat' dir='ltr'>licos.</span> <span class='ocrx_word' id='word_1_143' title='bbox 994 1608 1064 1667; x_wconf 93' lang='lat' dir='ltr'>Non</span> <span class='ocrx_word' id='word_1_144' title='bbox 1092 1606 1247 1668; x_wconf 79' lang='lat' dir='ltr'>dubitaret</span> <span class='ocrx_word' id='word_1_145' title='bbox 1279 1624 1369 1685; x_wconf 79' lang='lat' dir='ltr'>ergo,</span> <span class='ocrx_word' id='word_1_146' title='bbox 1403 1605 1479 1685; x_wconf 85' lang='lat' dir='ltr'>quin</span> <span class='ocrx_word' id='word_1_147' title='bbox 1512 1604 1650 1666; x_wconf 76' lang='lat' dir='ltr'>haretici</span> 
     </span>
     <span class='ocr_line' id='line_1_14' title="bbox 85 1691 1648 1778; baseline 0.004 -28"><span class='ocrx_word' id='word_1_148' title='bbox 85 1692 107 1751; x_wconf 86' lang='lat' dir='ltr'>ei</span> <span class='ocrx_word' id='word_1_149' title='bbox 117 1691 293 1770; x_wconf 70' lang='lat' dir='ltr'>proripitur,</span> <span class='ocrx_word' id='word_1_150' title='bbox 310 1693 574 1773; x_wconf 87' lang='lat' dir='ltr'>quemadmodum</span> <span class='ocrx_word' id='word_1_151' title='bbox 593 1694 696 1756; x_wconf 87' lang='lat' dir='ltr'>rivere</span> <span class='ocrx_word' id='word_1_152' title='bbox 709 1695 830 1773; x_wconf 89' lang='lat' dir='ltr'>debeat,</span> <span class='ocrx_word' id='word_1_153' title='bbox 880 1696 993 1774; x_wconf 89' lang='lat' dir='ltr'>forent,</span> <span class='ocrx_word' id='word_1_154' title='bbox 1008 1705 1039 1760; x_wconf 89' lang='lat' dir='ltr'>et</span> <span class='ocrx_word' id='word_1_155' title='bbox 1052 1717 1089 1759; x_wconf 92' lang='lat' dir='ltr'>eo</span> <span class='ocrx_word' id='word_1_156' title='bbox 1100 1698 1355 1773; x_wconf 86' lang='lat' dir='ltr'>detestabiliores,</span> <span class='ocrx_word' id='word_1_157' title='bbox 1368 1698 1453 1778; x_wconf 88' lang='lat' dir='ltr'>quod</span> <span class='ocrx_word' id='word_1_158' title='bbox 1466 1696 1524 1757; x_wconf 88' lang='lat' dir='ltr'>sub</span> <span class='ocrx_word' id='word_1_159' title='bbox 1538 1695 1648 1757; x_wconf 90' lang='lat' dir='ltr'>eodem</span> 
     </span>
     <span class='ocr_line' id='line_1_15' title="bbox 84 1783 1648 1869; baseline 0.004 -27"><span class='ocrx_word' id='word_1_160' title='bbox 84 1783 192 1862; x_wconf 79' lang='lat' dir='ltr'>accipiat</span> <span class='ocrx_word' id='word_1_161' title='bbox 204 1784 357 1862; x_wconf 90' lang='lat' dir='ltr'>Spiritum</span> <span class='ocrx_word' id='word_1_162' title='bbox 370 1790 522 1862; x_wconf 90' lang='lat' dir='ltr'>sanctum,</span> <span class='ocrx_word' id='word_1_163' title='bbox 538 1805 599 1866; x_wconf 91' lang='lat' dir='ltr'>quo</span> <span class='ocrx_word' id='word_1_164' title='bbox 613 1786 667 1847; x_wconf 89' lang='lat' dir='ltr'>fiat</span> <span class='ocrx_word' id='word_1_165' title='bbox 680 1786 833 1848; x_wconf 91' lang='lat' dir='ltr'>inanimo</span> <span class='ocrx_word' id='word_1_166' title='bbox 880 1789 1022 1851; x_wconf 79' lang='lat' dir='ltr'>vocabuli</span> <span class='ocrx_word' id='word_1_167' title='bbox 1036 1808 1114 1851; x_wconf 91' lang='lat' dir='ltr'>sono</span> <span class='ocrx_word' id='word_1_168' title='bbox 1133 1791 1303 1867; x_wconf 84' lang='lat' dir='ltr'>diversum,</span> <span class='ocrx_word' id='word_1_169' title='bbox 1323 1795 1354 1852; x_wconf 88' lang='lat' dir='ltr'>et</span> <span class='ocrx_word' id='word_1_170' title='bbox 1370 1789 1505 1869; x_wconf 88' lang='lat' dir='ltr'>impium</span> <span class='ocrx_word' id='word_1_171' title='bbox 1523 1789 1648 1867; x_wconf 91' lang='lat' dir='ltr'>dogma,</span> 
     </span>
     <span class='ocr_line' id='line_1_16' title="bbox 85 1873 1648 1963; baseline 0.004 -29"><span class='ocrx_word' id='word_1_172' title='bbox 85 1873 503 1957; x_wconf 79' lang='lat' dir='ltr'>ejusdelectatio,dilectioque</span> <span class='ocrx_word' id='word_1_173' title='bbox 513 1880 628 1940; x_wconf 91' lang='lat' dir='ltr'>summi</span> <span class='ocrx_word' id='word_1_174' title='bbox 637 1879 730 1952; x_wconf 91' lang='lat' dir='ltr'>illius,</span> <span class='ocrx_word' id='word_1_175' title='bbox 740 1885 831 1959; x_wconf 87' lang='lat' dir='ltr'>atque</span> <span class='ocrx_word' id='word_1_176' title='bbox 880 1899 979 1961; x_wconf 89' lang='lat' dir='ltr'>eoque</span> <span class='ocrx_word' id='word_1_177' title='bbox 1002 1883 1042 1943; x_wconf 89' lang='lat' dir='ltr'>ad</span> <span class='ocrx_word' id='word_1_178' title='bbox 1076 1882 1294 1963; x_wconf 90' lang='lat' dir='ltr'>decipiendum</span> <span class='ocrx_word' id='word_1_179' title='bbox 1319 1882 1420 1962; x_wconf 89' lang='lat' dir='ltr'>aptius</span> <span class='ocrx_word' id='word_1_180' title='bbox 1449 1880 1648 1941; x_wconf 88' lang='lat' dir='ltr'>occultarent.</span> 
     </span>
     <span class='ocr_line' id='line_1_17' title="bbox 86 1967 1649 2054; baseline 0.003 -27"><span class='ocrx_word' id='word_1_181' title='bbox 86 1967 324 2029; x_wconf 85' lang='lat' dir='ltr'>incommutabilis</span> <span class='ocrx_word' id='word_1_182' title='bbox 346 1969 433 2045; x_wconf 88' lang='lat' dir='ltr'>boni,</span> <span class='ocrx_word' id='word_1_183' title='bbox 453 1971 538 2049; x_wconf 89' lang='lat' dir='ltr'>quod</span> <span class='ocrx_word' id='word_1_184' title='bbox 561 1972 642 2032; x_wconf 85' lang='lat' dir='ltr'>Deus</span> <span class='ocrx_word' id='word_1_185' title='bbox 667 1976 723 2048; x_wconf 85' lang='lat' dir='ltr'>est,</span> <span class='ocrx_word' id='word_1_186' title='bbox 738 1991 754 2030; x_wconf 83' lang='grc' dir='ltr'>ι</span> <span class='ocrx_word' id='word_1_187' title='bbox 771 1978 829 2034; x_wconf 89' lang='lat' dir='ltr'>etc.</span> <span class='ocrx_word' id='word_1_188' title='bbox 881 1975 1001 2053; x_wconf 87' lang='lat' dir='ltr'>ltaque,</span> <span class='ocrx_word' id='word_1_189' title='bbox 1015 1990 1089 2035; x_wconf 91' lang='lat' dir='ltr'>cum</span> <span class='ocrx_word' id='word_1_190' title='bbox 1103 1974 1137 2035; x_wconf 94' lang='lat' dir='ltr'>in</span> <span class='ocrx_word' id='word_1_191' title='bbox 1145 1974 1262 2053; x_wconf 79' lang='lat' dir='ltr'>Pelagii</span> <span class='ocrx_word' id='word_1_192' title='bbox 1276 1973 1394 2054; x_wconf 88' lang='lat' dir='ltr'>seriptis</span> <span class='ocrx_word' id='word_1_193' title='bbox 1407 1972 1530 2052; x_wconf 80' lang='lat' dir='ltr'>legisset</span> <span class='ocrx_word' id='word_1_194' title='bbox 1543 1970 1649 2047; x_wconf 82' lang='lat' dir='ltr'>illud³,</span> 
     </span>
     <span class='ocr_line' id='line_1_18' title="bbox 87 2058 1651 2145; baseline 0.004 -27"><span class='ocrx_word' id='word_1_195' title='bbox 87 2059 120 2118; x_wconf 86' lang='lat' dir='ltr'>Et</span> <span class='ocrx_word' id='word_1_196' title='bbox 136 2058 164 2118; x_wconf 91' lang='lat' dir='ltr'>iu</span> <span class='ocrx_word' id='word_1_197' title='bbox 181 2059 308 2139; x_wconf 89' lang='lat' dir='ltr'>epistola</span> <span class='ocrx_word' id='word_1_198' title='bbox 330 2077 400 2122; x_wconf 84' lang='lat' dir='ltr'>xcv.</span> <span class='ocrx_word' id='word_1_199' title='bbox 433 2083 448 2120; x_wconf 89' lang='grc' dir='ltr'>ο</span> <span class='ocrx_word' id='word_1_200' title='bbox 478 2063 526 2123; x_wconf 83' lang='lat' dir='ltr'>Ad</span> <span class='ocrx_word' id='word_1_201' title='bbox 544 2080 609 2124; x_wconf 92' lang='lat' dir='ltr'>non</span> <span class='ocrx_word' id='word_1_202' title='bbox 627 2064 830 2143; x_wconf 87' lang='lat' dir='ltr'>peccandum,</span> <span class='ocrx_word' id='word_1_203' title='bbox 884 2066 984 2127; x_wconf 82' lang='lat' dir='ltr'>«Sive</span> <span class='ocrx_word' id='word_1_204' title='bbox 993 2082 1049 2145; x_wconf 87' lang='lat' dir='ltr'>per</span> <span class='ocrx_word' id='word_1_205' title='bbox 1061 2066 1205 2144; x_wconf 89' lang='lat' dir='ltr'>gratiam,</span> <span class='ocrx_word' id='word_1_206' title='bbox 1220 2065 1285 2127; x_wconf 88' lang='lat' dir='ltr'>sive</span> <span class='ocrx_word' id='word_1_207' title='bbox 1300 2083 1355 2145; x_wconf 88' lang='lat' dir='ltr'>per</span> <span class='ocrx_word' id='word_1_208' title='bbox 1366 2064 1568 2144; x_wconf 89' lang='lat' dir='ltr'>adjutorium,</span> <span class='ocrx_word' id='word_1_209' title='bbox 1583 2063 1651 2126; x_wconf 86' lang='lat' dir='ltr'>sive</span> 
     </span>
     <span class='ocr_line' id='line_1_19' title="bbox 87 2149 1651 2239; baseline 0.004 -30"><span class='ocrx_word' id='word_1_210' title='bbox 87 2149 177 2229; x_wconf 85' lang='lat' dir='ltr'>inquit,</span> <span class='ocrx_word' id='word_1_211' title='bbox 189 2151 278 2214; x_wconf 89' lang='lat' dir='ltr'>idest</span> <span class='ocrx_word' id='word_1_212' title='bbox 292 2153 334 2213; x_wconf 90' lang='lat' dir='ltr'>ad</span> <span class='ocrx_word' id='word_1_213' title='bbox 347 2171 412 2214; x_wconf 89' lang='lat' dir='ltr'>uon</span> <span class='ocrx_word' id='word_1_214' title='bbox 425 2155 507 2216; x_wconf 92' lang='lat' dir='ltr'>male</span> <span class='ocrx_word' id='word_1_215' title='bbox 519 2154 706 2231; x_wconf 85' lang='lat' dir='ltr'>faciendum,</span> <span class='ocrx_word' id='word_1_216' title='bbox 717 2173 831 2234; x_wconf 77' lang='lat' dir='ltr'>quam·</span> <span class='ocrx_word' id='word_1_217' title='bbox 880 2176 937 2239; x_wconf 92' lang='lat' dir='ltr'>per</span> <span class='ocrx_word' id='word_1_218' title='bbox 949 2158 1202 2231; x_wconf 87' lang='lat' dir='ltr'>misericordiam,</span> <span class='ocrx_word' id='word_1_219' title='bbox 1214 2163 1245 2220; x_wconf 88' lang='lat' dir='ltr'>et</span> <span class='ocrx_word' id='word_1_220' title='bbox 1259 2157 1411 2238; x_wconf 87' lang='lat' dir='ltr'>quidquid</span> <span class='ocrx_word' id='word_1_221' title='bbox 1424 2156 1502 2218; x_wconf 92' lang='lat' dir='ltr'>illud</span> <span class='ocrx_word' id='word_1_222' title='bbox 1522 2161 1580 2231; x_wconf 89' lang='lat' dir='ltr'>est,</span> <span class='ocrx_word' id='word_1_223' title='bbox 1594 2173 1651 2236; x_wconf 89' lang='lat' dir='ltr'>per</span> 
     </span>
     <span class='ocr_line' id='line_1_20' title="bbox 85 2241 1649 2330; baseline 0.003 -27"><span class='ocrx_word' id='word_1_224' title='bbox 85 2241 123 2302; x_wconf 84' lang='lat' dir='ltr'>uis</span> <span class='ocrx_word' id='word_1_225' title='bbox 134 2260 191 2304; x_wconf 81' lang='lat' dir='ltr'>csse</span> <span class='ocrx_word' id='word_1_226' title='bbox 207 2262 271 2305; x_wconf 92' lang='lat' dir='ltr'>non</span> <span class='ocrx_word' id='word_1_227' title='bbox 293 2244 455 2307; x_wconf 82' lang='lat' dir='ltr'>dubitetur</span> <span class='ocrx_word' id='word_1_228' title='bbox 475 2246 638 2308; x_wconf 86' lang='lat' dir='ltr'>arbitrium</span> <span class='ocrx_word' id='word_1_229' title='bbox 652 2247 829 2315; x_wconf 86' lang='lat' dir='ltr'>voluntatis,</span> <span class='ocrx_word' id='word_1_230' title='bbox 881 2251 966 2330; x_wconf 89' lang='lat' dir='ltr'>quod</span> <span class='ocrx_word' id='word_1_231' title='bbox 976 2267 1040 2310; x_wconf 90' lang='lat' dir='ltr'>esse</span> <span class='ocrx_word' id='word_1_232' title='bbox 1054 2250 1149 2311; x_wconf 93' lang='lat' dir='ltr'>homo</span> <span class='ocrx_word' id='word_1_233' title='bbox 1163 2250 1279 2330; x_wconf 85' lang='lat' dir='ltr'>absque</span> <span class='ocrx_word' id='word_1_234' title='bbox 1293 2254 1417 2329; x_wconf 86' lang='lat' dir='ltr'>peccato</span> <span class='ocrx_word' id='word_1_235' title='bbox 1427 2253 1539 2330; x_wconf 85' lang='lat' dir='ltr'>potest,</span> <span class='ocrx_word' id='word_1_236' title='bbox 1552 2247 1649 2309; x_wconf 87' lang='lat' dir='ltr'>confi·</span> 
     </span>
     <span class='ocr_line' id='line_1_21' title="bbox 85 2335 1651 2422; baseline 0.003 -26"><span class='ocrx_word' id='word_1_237' title='bbox 85 2338 171 2396; x_wconf 81' lang='lat' dir='ltr'>umen</span> <span class='ocrx_word' id='word_1_238' title='bbox 191 2335 256 2414; x_wconf 87' lang='lat' dir='ltr'>ejus</span> <span class='ocrx_word' id='word_1_239' title='bbox 276 2342 414 2417; x_wconf 89' lang='lat' dir='ltr'>potestas</span> <span class='ocrx_word' id='word_1_240' title='bbox 433 2357 497 2399; x_wconf 92' lang='lat' dir='ltr'>uon</span> <span class='ocrx_word' id='word_1_241' title='bbox 511 2337 641 2415; x_wconf 80' lang='lat' dir='ltr'>suflicit,</span> <span class='ocrx_word' id='word_1_242' title='bbox 662 2337 722 2400; x_wconf 91' lang='lat' dir='ltr'>nisi</span> <span class='ocrx_word' id='word_1_243' title='bbox 743 2339 831 2417; x_wconf 89' lang='lat' dir='ltr'>adju·</span> <span class='ocrx_word' id='word_1_244' title='bbox 880 2346 974 2417; x_wconf 88' lang='lat' dir='ltr'>tetur,</span> <span class='ocrx_word' id='word_1_245' title='bbox 988 2341 1126 2421; x_wconf 87' lang='lat' dir='ltr'>quisquis</span> <span class='ocrx_word' id='word_1_246' title='bbox 1139 2360 1207 2405; x_wconf 91' lang='lat' dir='ltr'>rem</span> <span class='ocrx_word' id='word_1_247' title='bbox 1220 2343 1320 2422; x_wconf 91' lang='lat' dir='ltr'>ipsam</span> <span class='ocrx_word' id='word_1_248' title='bbox 1334 2341 1515 2416; x_wconf 82' lang='lat' dir='ltr'>confitetur3</span> <span class='ocrx_word' id='word_1_249' title='bbox 1532 2336 1651 2416; x_wconf 77' lang='lat' dir='ltr'>ait¹,se</span> 
     </span>
     <span class='ocr_line' id='line_1_22' title="bbox 86 2426 1652 2514; baseline 0.004 -29"><span class='ocrx_word' id='word_1_250' title='bbox 86 2426 359 2489; x_wconf 77' lang='lat' dir='ltr'>vaurummitas.»</span> <span class='ocrx_word' id='word_1_251' title='bbox 370 2430 413 2491; x_wconf 87' lang='lat' dir='ltr'>lle</span> <span class='ocrx_word' id='word_1_252' title='bbox 420 2429 554 2491; x_wconf 89' lang='lat' dir='ltr'>naturali</span> <span class='ocrx_word' id='word_1_253' title='bbox 562 2431 666 2510; x_wconf 88' lang='lat' dir='ltr'>itaque</span> <span class='ocrx_word' id='word_1_254' title='bbox 674 2429 829 2505; x_wconf 81' lang='lat' dir='ltr'>facultate,</span> <span class='ocrx_word' id='word_1_255' title='bbox 880 2431 988 2494; x_wconf 78' lang='lat' dir='ltr'>laetitia</span> <span class='ocrx_word' id='word_1_256' title='bbox 997 2440 1124 2514; x_wconf 87' lang='lat' dir='ltr'>repente</span> <span class='ocrx_word' id='word_1_257' title='bbox 1134 2452 1201 2496; x_wconf 87' lang='lat' dir='ltr'>esse</span> <span class='ocrx_word' id='word_1_258' title='bbox 1214 2432 1384 2514; x_wconf 85' lang='lat' dir='ltr'>pertusum,</span> <span class='ocrx_word' id='word_1_259' title='bbox 1401 2432 1485 2512; x_wconf 89' lang='lat' dir='ltr'>quod</span> <span class='ocrx_word' id='word_1_260' title='bbox 1504 2431 1562 2493; x_wconf 78' lang='lat' dir='ltr'>liei</span> <span class='ocrx_word' id='word_1_261' title='bbox 1581 2447 1652 2507; x_wconf 86' lang='lat' dir='ltr'>gra-</span> 
     </span>
     <span class='ocr_line' id='line_1_23' title="bbox 85 2517 1652 2606; baseline 0.003 -28"><span class='ocrx_word' id='word_1_262' title='bbox 85 2517 159 2579; x_wconf 81' lang='lat' dir='ltr'>idest</span> <span class='ocrx_word' id='word_1_263' title='bbox 174 2519 268 2582; x_wconf 85' lang='lat' dir='ltr'>libero</span> <span class='ocrx_word' id='word_1_264' title='bbox 292 2521 434 2599; x_wconf 90' lang='lat' dir='ltr'>arbitrio,</span> <span class='ocrx_word' id='word_1_265' title='bbox 449 2522 632 2584; x_wconf 88' lang='lat' dir='ltr'>nullainter</span> <span class='ocrx_word' id='word_1_266' title='bbox 649 2521 717 2583; x_wconf 91' lang='lat' dir='ltr'>illos</span> <span class='ocrx_word' id='word_1_267' title='bbox 730 2540 834 2585; x_wconf 89' lang='lat' dir='ltr'>move-</span> <span class='ocrx_word' id='word_1_268' title='bbox 880 2525 957 2586; x_wconf 90' lang='lat' dir='ltr'>tiam</span> <span class='ocrx_word' id='word_1_269' title='bbox 973 2544 1038 2585; x_wconf 90' lang='lat' dir='ltr'>nou</span> <span class='ocrx_word' id='word_1_270' title='bbox 1062 2533 1206 2604; x_wconf 78' lang='lat' dir='ltr'>negaret,</span> <span class='ocrx_word' id='word_1_271' title='bbox 1234 2543 1291 2606; x_wconf 87' lang='lat' dir='ltr'>per</span> <span class='ocrx_word' id='word_1_272' title='bbox 1317 2543 1412 2604; x_wconf 85' lang='lat' dir='ltr'>quam</span> <span class='ocrx_word' id='word_1_273' title='bbox 1436 2523 1534 2585; x_wconf 91' lang='lat' dir='ltr'>solam</span> <span class='ocrx_word' id='word_1_274' title='bbox 1556 2522 1652 2583; x_wconf 92' lang='lat' dir='ltr'>homo</span> 
     </span>
     <span class='ocr_line' id='line_1_24' title="bbox 85 2608 1653 2697; baseline 0.003 -27"><span class='ocrx_word' id='word_1_275' title='bbox 85 2608 159 2671; x_wconf 90' lang='lat' dir='ltr'>batur</span> <span class='ocrx_word' id='word_1_276' title='bbox 169 2613 310 2691; x_wconf 77' lang='lat' dir='ltr'>quaesfio,</span> <span class='ocrx_word' id='word_1_277' title='bbox 325 2613 380 2675; x_wconf 93' lang='lat' dir='ltr'>sed</span> <span class='ocrx_word' id='word_1_278' title='bbox 401 2614 439 2675; x_wconf 90' lang='lat' dir='ltr'>de</span> <span class='ocrx_word' id='word_1_279' title='bbox 461 2614 616 2695; x_wconf 84' lang='lat' dir='ltr'>adjutorio</span> <span class='ocrx_word' id='word_1_280' title='bbox 638 2614 728 2676; x_wconf 90' lang='lat' dir='ltr'>liberi</span> <span class='ocrx_word' id='word_1_281' title='bbox 752 2615 833 2676; x_wconf 87' lang='lat' dir='ltr'>arbi-</span> <span class='ocrx_word' id='word_1_282' title='bbox 879 2616 1041 2696; x_wconf 86' lang='lat' dir='ltr'>justificari</span> <span class='ocrx_word' id='word_1_283' title='bbox 1054 2624 1154 2697; x_wconf 87' lang='lat' dir='ltr'>potest</span> <span class='ocrx_word' id='word_1_284' title='bbox 1165 2637 1202 2693; x_wconf 81' lang='lat' dir='ltr'>;o</span> <span class='ocrx_word' id='word_1_285' title='bbox 1219 2635 1332 2680; x_wconf 85' lang='lat' dir='ltr'>verum</span> <span class='ocrx_word' id='word_1_286' title='bbox 1346 2616 1451 2678; x_wconf 89' lang='lat' dir='ltr'>statim</span> <span class='ocrx_word' id='word_1_287' title='bbox 1463 2615 1653 2691; x_wconf 62' lang='lat' dir='ltr'>fraudemur</span> 
     </span>
     <span class='ocr_line' id='line_1_25' title="bbox 87 2701 1653 2789; baseline 0.002 -25"><span class='ocrx_word' id='word_1_288' title='bbox 87 2701 202 2775; x_wconf 78' lang='lat' dir='ltr'>tuiiboc</span> <span class='ocrx_word' id='word_1_289' title='bbox 215 2710 260 2765; x_wconf 91' lang='lat' dir='ltr'>est</span> <span class='ocrx_word' id='word_1_290' title='bbox 277 2705 381 2784; x_wconf 89' lang='lat' dir='ltr'>gratia</span> <span class='ocrx_word' id='word_1_291' title='bbox 399 2706 520 2777; x_wconf 80' lang='lat' dir='ltr'>Christi,</span> <span class='ocrx_word' id='word_1_292' title='bbox 546 2724 617 2786; x_wconf 76' lang='lat' dir='ltr'>quea</span> <span class='ocrx_word' id='word_1_293' title='bbox 640 2707 833 2769; x_wconf 80' lang='lat' dir='ltr'>volumtatem</span> <span class='ocrx_word' id='word_1_294' title='bbox 884 2709 991 2770; x_wconf 93' lang='lat' dir='ltr'>dolum</span> <span class='ocrx_word' id='word_1_295' title='bbox 1031 2709 1250 2789; x_wconf 89' lang='lat' dir='ltr'>comperisse,</span> <span class='ocrx_word' id='word_1_296' title='bbox 1290 2726 1363 2770; x_wconf 87' lang='lat' dir='ltr'>cum</span> <span class='ocrx_word' id='word_1_297' title='bbox 1382 2708 1416 2769; x_wconf 94' lang='lat' dir='ltr'>in</span> <span class='ocrx_word' id='word_1_298' title='bbox 1453 2705 1653 2787; x_wconf 89' lang='lat' dir='ltr'>sequentibus</span> 
     </span>
     <span class='ocr_line' id='line_1_26' title="bbox 86 2793 1652 2881; baseline 0.001 -25"><span class='ocrx_word' id='word_1_299' title='bbox 86 2793 195 2856; x_wconf 80' lang='lat' dir='ltr'>lbuum</span> <span class='ocrx_word' id='word_1_300' title='bbox 207 2797 421 2877; x_wconf 82' lang='lat' dir='ltr'>Adamiculpa</span> <span class='ocrx_word' id='word_1_301' title='bbox 441 2798 580 2859; x_wconf 80' lang='lat' dir='ltr'>uitiatam</span> <span class='ocrx_word' id='word_1_302' title='bbox 589 2805 688 2874; x_wconf 89' lang='lat' dir='ltr'>sanat,</span> <span class='ocrx_word' id='word_1_303' title='bbox 700 2798 834 2861; x_wconf 86' lang='lat' dir='ltr'>debilem</span> <span class='ocrx_word' id='word_1_304' title='bbox 881 2801 1112 2878; x_wconf 84' lang='lat' dir='ltr'>animadvertit,</span> <span class='ocrx_word' id='word_1_305' title='bbox 1133 2801 1294 2880; x_wconf 74' lang='lat' dir='ltr'>Pelagium</span> <span class='ocrx_word' id='word_1_306' title='bbox 1306 2801 1415 2881; x_wconf 73' lang='lat' dir='ltr'>gratiae</span> <span class='ocrx_word' id='word_1_307' title='bbox 1429 2800 1568 2875; x_wconf 90' lang='lat' dir='ltr'>nomine,</span> <span class='ocrx_word' id='word_1_308' title='bbox 1588 2816 1652 2858; x_wconf 92' lang='lat' dir='ltr'>non</span> 
     </span>
     <span class='ocr_line' id='line_1_27' title="bbox 87 2884 1653 2970; baseline 0 -21"><span class='ocrx_word' id='word_1_309' title='bbox 87 2884 169 2965; x_wconf 79' lang='lat' dir='ltr'>erigit,</span> <span class='ocrx_word' id='word_1_310' title='bbox 182 2888 341 2950; x_wconf 88' lang='lat' dir='ltr'>infirmam</span> <span class='ocrx_word' id='word_1_311' title='bbox 354 2888 488 2968; x_wconf 82' lang='lat' dir='ltr'>adp&#39;uvat,</span> <span class='ocrx_word' id='word_1_312' title='bbox 506 2896 538 2951; x_wconf 92' lang='lat' dir='ltr'>et</span> <span class='ocrx_word' id='word_1_313' title='bbox 545 2890 612 2952; x_wconf 90' lang='lat' dir='ltr'>sine</span> <span class='ocrx_word' id='word_1_314' title='bbox 629 2909 692 2970; x_wconf 88' lang='lat' dir='ltr'>qua</span> <span class='ocrx_word' id='word_1_315' title='bbox 703 2891 782 2952; x_wconf 93' lang='lat' dir='ltr'>nihil</span> <span class='ocrx_word' id='word_1_316' title='bbox 794 2892 835 2953; x_wconf 87' lang='lat' dir='ltr'>ad</span> <span class='ocrx_word' id='word_1_317' title='bbox 882 2893 1099 2955; x_wconf 78' lang='lat' dir='ltr'>medicinalem</span> <span class='ocrx_word' id='word_1_318' title='bbox 1112 2893 1224 2955; x_wconf 84' lang='lat' dir='ltr'>Christi</span> <span class='ocrx_word' id='word_1_319' title='bbox 1236 2893 1398 2970; x_wconf 76' lang='lat' dir='ltr'>virtutem,</span> <span class='ocrx_word' id='word_1_320' title='bbox 1413 2891 1467 2952; x_wconf 89' lang='lat' dir='ltr'>sed</span> <span class='ocrx_word' id='word_1_321' title='bbox 1477 2888 1653 2951; x_wconf 88' lang='lat' dir='ltr'>naturalem</span> 
     </span>
     <span class='ocr_line' id='line_1_28' title="bbox 87 2978 1390 3065; baseline 0.005 -27"><span class='ocrx_word' id='word_1_322' title='bbox 87 2978 197 3040; x_wconf 73' lang='lat' dir='ltr'>sduhm</span> <span class='ocrx_word' id='word_1_323' title='bbox 209 2987 353 3062; x_wconf 87' lang='lat' dir='ltr'>spectans</span> <span class='ocrx_word' id='word_1_324' title='bbox 366 2979 486 3044; x_wconf 85' lang='lat' dir='ltr'>efficere</span> <span class='ocrx_word' id='word_1_325' title='bbox 499 3000 588 3063; x_wconf 90' lang='lat' dir='ltr'>posse</span> <span class='ocrx_word' id='word_1_326' title='bbox 601 2982 737 3044; x_wconf 90' lang='lat' dir='ltr'>liberum</span> <span class='ocrx_word' id='word_1_327' title='bbox 746 2983 835 3046; x_wconf 91' lang='lat' dir='ltr'>docet</span> <span class='ocrx_word' id='word_1_328' title='bbox 878 2985 960 3061; x_wconf 77' lang='lat' dir='ltr'>rim,</span> <span class='ocrx_word' id='word_1_329' title='bbox 975 3004 1011 3046; x_wconf 88' lang='lat' dir='ltr'>ae</span> <span class='ocrx_word' id='word_1_330' title='bbox 1023 2985 1196 3065; x_wconf 86' lang='lat' dir='ltr'>potentiam</span> <span class='ocrx_word' id='word_1_331' title='bbox 1208 2985 1390 3063; x_wconf 85' lang='lat' dir='ltr'>inlelligere.</span> 
     </span>
     <span class='ocr_line' id='line_1_29' title="bbox 88 3068 1654 3155; baseline 0.003 -25"><span class='ocrx_word' id='word_1_332' title='bbox 88 3068 237 3135; x_wconf 88' lang='lat' dir='ltr'>arbitrium.</span> <span class='ocrx_word' id='word_1_333' title='bbox 921 3076 979 3137; x_wconf 92' lang='lat' dir='ltr'><strong>III.</strong></span> <span class='ocrx_word' id='word_1_334' title='bbox 1003 3077 1105 3150; x_wconf 84' lang='lat' dir='ltr'>Quare</span> <span class='ocrx_word' id='word_1_335' title='bbox 1130 3076 1169 3137; x_wconf 90' lang='lat' dir='ltr'>de</span> <span class='ocrx_word' id='word_1_336' title='bbox 1196 3075 1333 3137; x_wconf 91' lang='lat' dir='ltr'>naturali</span> <span class='ocrx_word' id='word_1_337' title='bbox 1360 3073 1515 3155; x_wconf 86' lang='lat' dir='ltr'>potentia,</span> <span class='ocrx_word' id='word_1_338' title='bbox 1547 3072 1580 3133; x_wconf 91' lang='lat' dir='ltr'>id</span> <span class='ocrx_word' id='word_1_339' title='bbox 1608 3079 1654 3135; x_wconf 90' lang='lat' dir='ltr'>est</span> 
     </span>
     <span class='ocr_line' id='line_1_30' title="bbox 119 3163 1655 3247; baseline 0 -21"><span class='ocrx_word' id='word_1_340' title='bbox 119 3163 252 3236; x_wconf 79' lang='lat' dir='ltr'>Quocirca</span> <span class='ocrx_word' id='word_1_341' title='bbox 278 3165 360 3227; x_wconf 91' lang='lat' dir='ltr'>nihil</span> <span class='ocrx_word' id='word_1_342' title='bbox 380 3166 465 3228; x_wconf 89' lang='lat' dir='ltr'>aliud</span> <span class='ocrx_word' id='word_1_343' title='bbox 492 3165 667 3247; x_wconf 88' lang='lat' dir='ltr'>postulata</span> <span class='ocrx_word' id='word_1_344' title='bbox 694 3167 832 3247; x_wconf 88' lang='lat' dir='ltr'>Pelagio,</span> <span class='ocrx_word' id='word_1_345' title='bbox 880 3167 980 3229; x_wconf 91' lang='lat' dir='ltr'>libero</span> <span class='ocrx_word' id='word_1_346' title='bbox 991 3167 1129 3233; x_wconf 81' lang='lat' dir='ltr'>arbitrio.</span> <span class='ocrx_word' id='word_1_347' title='bbox 1143 3167 1266 3228; x_wconf 91' lang='lat' dir='ltr'>nullum</span> <span class='ocrx_word' id='word_1_348' title='bbox 1276 3166 1399 3246; x_wconf 89' lang='lat' dir='ltr'>Pelagio</span> <span class='ocrx_word' id='word_1_349' title='bbox 1412 3163 1655 3244; x_wconf 86' lang='lat' dir='ltr'>negotiumlecit</span> 
     </span>
     <span class='ocr_line' id='line_1_31' title="bbox 87 3256 1651 3339; baseline 0.001 -24"><span class='ocrx_word' id='word_1_350' title='bbox 87 3271 165 3333; x_wconf 84' lang='lat' dir='ltr'>quam</span> <span class='ocrx_word' id='word_1_351' title='bbox 180 3264 240 3319; x_wconf 83' lang='lat' dir='ltr'>aut</span> <span class='ocrx_word' id='word_1_352' title='bbox 255 3258 457 3336; x_wconf 85' lang='lat' dir='ltr'>anathemet,</span> <span class='ocrx_word' id='word_1_353' title='bbox 483 3259 568 3338; x_wconf 92' lang='lat' dir='ltr'>quod</span> <span class='ocrx_word' id='word_1_354' title='bbox 582 3259 616 3320; x_wconf 93' lang='lat' dir='ltr'>in</span> <span class='ocrx_word' id='word_1_355' title='bbox 634 3259 754 3339; x_wconf 91' lang='lat' dir='ltr'>scriptis</span> <span class='ocrx_word' id='word_1_356' title='bbox 772 3261 835 3321; x_wconf 88' lang='lat' dir='ltr'>suis</span> <span class='ocrx_word' id='word_1_357' title='bbox 883 3259 1074 3339; x_wconf 78' lang='lat' dir='ltr'>Augustinus</span> <span class='ocrx_word' id='word_1_358' title='bbox 1080 3278 1089 3334; x_wconf 93' lang='lat'>;</span> <span class='ocrx_word' id='word_1_359' title='bbox 1104 3277 1207 3338; x_wconf 85' lang='lat' dir='ltr'>neque</span> <span class='ocrx_word' id='word_1_360' title='bbox 1219 3258 1279 3320; x_wconf 89' lang='lat' dir='ltr'>boe</span> <span class='ocrx_word' id='word_1_361' title='bbox 1290 3258 1380 3319; x_wconf 92' lang='lat' dir='ltr'>illum</span> <span class='ocrx_word' id='word_1_362' title='bbox 1389 3256 1530 3337; x_wconf 89' lang='lat' dir='ltr'>profiteri</span> <span class='ocrx_word' id='word_1_363' title='bbox 1541 3256 1651 3334; x_wconf 84' lang='lat' dir='ltr'>jussit:</span> 
     </span>
     <span class='ocr_line' id='line_1_32' title="bbox 87 3345 1652 3436; baseline -0.003 -25"><span class='ocrx_word' id='word_1_364' title='bbox 87 3345 242 3428; x_wconf 77' lang='lat' dir='ltr'>affirmarat,</span> <span class='ocrx_word' id='word_1_365' title='bbox 255 3349 494 3430; x_wconf 81' lang='lat' dir='ltr'>possibilitatem</span> <span class='ocrx_word' id='word_1_366' title='bbox 508 3355 627 3412; x_wconf 80' lang='lat' dir='ltr'>natura</span> <span class='ocrx_word' id='word_1_367' title='bbox 638 3350 836 3413; x_wconf 88' lang='lat' dir='ltr'>advineenda</span> <span class='ocrx_word' id='word_1_368' title='bbox 883 3351 1033 3413; x_wconf 87' lang='lat' dir='ltr'>Liberum</span> <span class='ocrx_word' id='word_1_369' title='bbox 1045 3351 1212 3412; x_wconf 85' lang='lat' dir='ltr'>arbitrium</span> <span class='ocrx_word' id='word_1_370' title='bbox 1228 3356 1299 3436; x_wconf 77' lang='lat' dir='ltr'>post</span> <span class='ocrx_word' id='word_1_371' title='bbox 1312 3353 1477 3430; x_wconf 90' lang='lat' dir='ltr'>peccatum</span> <span class='ocrx_word' id='word_1_372' title='bbox 1490 3347 1584 3428; x_wconf 91' lang='lat' dir='ltr'>primi</span> <span class='ocrx_word' id='word_1_373' title='bbox 1597 3367 1652 3427; x_wconf 92' lang='lat' dir='ltr'>pa·</span> 
     </span>
     <span class='ocr_line' id='line_1_33' title="bbox 87 3439 1654 3523; baseline -0.001 -21"><span class='ocrx_word' id='word_1_374' title='bbox 87 3446 200 3517; x_wconf 75' lang='lat' dir='ltr'>pecata,</span> <span class='ocrx_word' id='word_1_375' title='bbox 213 3447 244 3503; x_wconf 91' lang='lat' dir='ltr'>et</span> <span class='ocrx_word' id='word_1_376' title='bbox 253 3440 416 3520; x_wconf 87' lang='lat' dir='ltr'>implenda</span> <span class='ocrx_word' id='word_1_377' title='bbox 432 3443 592 3519; x_wconf 89' lang='lat' dir='ltr'>mandata,</span> <span class='ocrx_word' id='word_1_378' title='bbox 607 3448 709 3520; x_wconf 69' lang='lat' dir='ltr'>sete,</span> <span class='ocrx_word' id='word_1_379' title='bbox 729 3448 765 3504; x_wconf 92' lang='lat' dir='ltr'>ut</span> <span class='ocrx_word' id='word_1_380' title='bbox 788 3442 834 3504; x_wconf 84' lang='lat' dir='ltr'>ia·</span> <span class='ocrx_word' id='word_1_381' title='bbox 883 3445 1124 3523; x_wconf 84' lang='lat' dir='ltr'>rentisjamesse</span> <span class='ocrx_word' id='word_1_382' title='bbox 1137 3442 1272 3517; x_wconf 87' lang='lat' dir='ltr'>nullum,</span> <span class='ocrx_word' id='word_1_383' title='bbox 1281 3443 1334 3504; x_wconf 87' lang='lat' dir='ltr'>sed</span> <span class='ocrx_word' id='word_1_384' title='bbox 1344 3439 1482 3503; x_wconf 87' lang='lat' dir='ltr'>deletum</span> <span class='ocrx_word' id='word_1_385' title='bbox 1495 3444 1527 3502; x_wconf 90' lang='lat' dir='ltr'>et</span> <span class='ocrx_word' id='word_1_386' title='bbox 1537 3439 1654 3501; x_wconf 82' lang='lat' dir='ltr'>extinc-</span> 
     </span>
     <span class='ocr_line' id='line_1_34' title="bbox 87 3532 1654 3615; baseline 0.003 -25"><span class='ocrx_word' id='word_1_387' title='bbox 87 3532 170 3592; x_wconf 86' lang='lat' dir='ltr'>teetm</span> <span class='ocrx_word' id='word_1_388' title='bbox 188 3535 283 3595; x_wconf 80' lang='lat' dir='ltr'>asine</span> <span class='ocrx_word' id='word_1_389' title='bbox 308 3535 407 3613; x_wconf 88' lang='lat' dir='ltr'>gratia</span> <span class='ocrx_word' id='word_1_390' title='bbox 430 3534 591 3596; x_wconf 91' lang='lat' dir='ltr'>hominem</span> <span class='ocrx_word' id='word_1_391' title='bbox 618 3535 685 3596; x_wconf 90' lang='lat' dir='ltr'>sine</span> <span class='ocrx_word' id='word_1_392' title='bbox 711 3540 835 3615; x_wconf 86' lang='lat' dir='ltr'>peccato</span> <span class='ocrx_word' id='word_1_393' title='bbox 882 3541 971 3598; x_wconf 89' lang='lat' dir='ltr'>tum·</span> <span class='ocrx_word' id='word_1_394' title='bbox 964 3553 1089 3615; x_wconf 87' lang='lat' dir='ltr'>,neque</span> <span class='ocrx_word' id='word_1_395' title='bbox 1113 3535 1261 3596; x_wconf 90' lang='lat' dir='ltr'>damnare</span> <span class='ocrx_word' id='word_1_396' title='bbox 1289 3551 1342 3595; x_wconf 90' lang='lat' dir='ltr'>eos</span> <span class='ocrx_word' id='word_1_397' title='bbox 1368 3533 1578 3610; x_wconf 89' lang='lat' dir='ltr'>anathemate,</span> <span class='ocrx_word' id='word_1_398' title='bbox 1599 3533 1654 3612; x_wconf 89' lang='lat' dir='ltr'>qui</span> 
     </span>
     <span class='ocr_line' id='line_1_35' title="bbox 8 3623 1649 3749; baseline 0 -65"><span class='ocrx_word' id='word_1_399' title='bbox 8 3638 61 3749; x_wconf 71' lang='lat' dir='ltr'>lau</span> <span class='ocrx_word' id='word_1_400' title='bbox 87 3637 138 3684; x_wconf 76' lang='lat' dir='ltr'>esse</span> <span class='ocrx_word' id='word_1_401' title='bbox 152 3624 347 3706; x_wconf 89' lang='lat' dir='ltr'>nonposse¹</span> <span class='ocrx_word' id='word_1_402' title='bbox 371 3626 449 3688; x_wconf 88' lang='lat' dir='ltr'>Vide</span> <span class='ocrx_word' id='word_1_403' title='bbox 474 3627 559 3688; x_wconf 89' lang='lat' dir='ltr'>etin</span> <span class='ocrx_word' id='word_1_404' title='bbox 582 3626 662 3687; x_wconf 88' lang='lat' dir='ltr'>libro</span> <span class='ocrx_word' id='word_1_405' title='bbox 677 3625 721 3688; x_wconf 87' lang='lat' dir='ltr'>De</span> <span class='ocrx_word' id='word_1_406' title='bbox 734 3627 835 3708; x_wconf 79' lang='lat' dir='ltr'>pratia</span> <span class='ocrx_word' id='word_1_407' title='bbox 883 3628 1032 3700; x_wconf 86' lang='lat' dir='ltr'>dicerent,</span> <span class='ocrx_word' id='word_1_408' title='bbox 1047 3645 1137 3707; x_wconf 90' lang='lat' dir='ltr'>posse</span> <span class='ocrx_word' id='word_1_409' title='bbox 1151 3627 1312 3688; x_wconf 91' lang='lat' dir='ltr'>bominem</span> <span class='ocrx_word' id='word_1_410' title='bbox 1329 3644 1385 3707; x_wconf 90' lang='lat' dir='ltr'>per</span> <span class='ocrx_word' id='word_1_411' title='bbox 1409 3625 1547 3687; x_wconf 89' lang='lat' dir='ltr'>liberum</span> <span class='ocrx_word' id='word_1_412' title='bbox 1567 3623 1649 3685; x_wconf 90' lang='lat' dir='ltr'>arbi-</span> 
     </span>
     <span class='ocr_line' id='line_1_36' title="bbox 8 3704 1653 3823; baseline 0.003 -51"><span class='ocrx_word' id='word_1_413' title='bbox 8 3747 71 3801; x_wconf 50' lang='lat' dir='ltr'>pm„</span> <span class='ocrx_word' id='word_1_414' title='bbox 8 3704 192 3785; x_wconf 60' lang='lat' dir='ltr'>usumClu&#39;sti,</span> <span class='ocrx_word' id='word_1_415' title='bbox 207 3725 234 3779; x_wconf 85' lang='lat' dir='ltr'>et</span> <span class='ocrx_word' id='word_1_416' title='bbox 247 3717 398 3798; x_wconf 79' lang='lat' dir='ltr'>criptualr‘</span> <span class='ocrx_word' id='word_1_417' title='bbox 406 3725 535 3799; x_wconf 82' lang='lat' dir='ltr'>percolo,</span> <span class='ocrx_word' id='word_1_418' title='bbox 552 3717 724 3823; x_wconf 71' lang='lat' dir='ltr'>prasertim</span> <span class='ocrx_word' id='word_1_419' title='bbox 737 3717 835 3797; x_wconf 88' lang='lat' dir='ltr'>capite</span> <span class='ocrx_word' id='word_1_420' title='bbox 882 3719 1057 3780; x_wconf 88' lang='lat' dir='ltr'>triumesse</span> <span class='ocrx_word' id='word_1_421' title='bbox 1070 3719 1136 3780; x_wconf 89' lang='lat' dir='ltr'>siue</span> <span class='ocrx_word' id='word_1_422' title='bbox 1150 3724 1287 3798; x_wconf 91' lang='lat' dir='ltr'>peccato,</span> <span class='ocrx_word' id='word_1_423' title='bbox 1302 3718 1509 3779; x_wconf 86' lang='lat' dir='ltr'>autadritam</span> <span class='ocrx_word' id='word_1_424' title='bbox 1531 3716 1653 3777; x_wconf 90' lang='lat' dir='ltr'>enitiac</span> 
     </span>
     <span class='ocr_line' id='line_1_37' title="bbox 8 3808 1652 3898; baseline -0.002 -28"><span class='ocrx_word' id='word_1_425' title='bbox 8 3808 49 3898; x_wconf 58' lang='grc' dir='ltr'>’Ψ</span> <span class='ocrx_word' id='word_1_426' title='bbox 87 3813 189 3884; x_wconf 75' lang='lat' dir='ltr'>queue,</span> <span class='ocrx_word' id='word_1_427' title='bbox 203 3809 257 3870; x_wconf 91' lang='lat' dir='ltr'>ubi</span> <span class='ocrx_word' id='word_1_428' title='bbox 280 3809 398 3889; x_wconf 89' lang='lat' dir='ltr'>Pelagii</span> <span class='ocrx_word' id='word_1_429' title='bbox 418 3810 634 3872; x_wconf 87' lang='lat' dir='ltr'>sententiam</span> <span class='ocrx_word' id='word_1_430' title='bbox 624 3809 835 3889; x_wconf 80' lang='lat' dir='ltr'>ipsiusverbis</span> <span class='ocrx_word' id='word_1_431' title='bbox 883 3811 1032 3887; x_wconf 88' lang='lat' dir='ltr'>salutem;</span> <span class='ocrx_word' id='word_1_432' title='bbox 1048 3811 1172 3872; x_wconf 90' lang='lat' dir='ltr'>sedhoc</span> <span class='ocrx_word' id='word_1_433' title='bbox 1186 3809 1288 3872; x_wconf 89' lang='lat' dir='ltr'>solum</span> <span class='ocrx_word' id='word_1_434' title='bbox 1303 3809 1393 3870; x_wconf 82' lang='lat' dir='ltr'>fateri</span> <span class='ocrx_word' id='word_1_435' title='bbox 1408 3808 1519 3881; x_wconf 88' lang='lat' dir='ltr'>voluit,</span> <span class='ocrx_word' id='word_1_436' title='bbox 1533 3825 1652 3887; x_wconf 89' lang='lat' dir='ltr'>perso-</span> 
     </span>
     <span class='ocr_line' id='line_1_38' title="bbox 8 3898 1653 4006; baseline -0.001 -46"><span class='ocrx_word' id='word_1_437' title='bbox 8 3908 60 4006; x_wconf 58' lang='lat' dir='ltr'>etp</span> <span class='ocrx_word' id='word_1_438' title='bbox 87 3898 207 3977; x_wconf 76' lang='lat' dir='ltr'>explicat,</span> <span class='ocrx_word' id='word_1_439' title='bbox 220 3902 338 3982; x_wconf 88' lang='lat' dir='ltr'>quibus</span> <span class='ocrx_word' id='word_1_440' title='bbox 346 3901 502 3963; x_wconf 88' lang='lat' dir='ltr'>asserebat</span> <span class='ocrx_word' id='word_1_441' title='bbox 510 3901 833 3982; x_wconf 80' lang='lat' dir='ltr'>possrbrbtatemrecte</span> <span class='ocrx_word' id='word_1_442' title='bbox 883 3903 1092 3964; x_wconf 88' lang='lat' dir='ltr'>lumliberum</span> <span class='ocrx_word' id='word_1_443' title='bbox 1106 3902 1271 3963; x_wconf 87' lang='lat' dir='ltr'>arbitrium</span> <span class='ocrx_word' id='word_1_444' title='bbox 1284 3900 1372 3961; x_wconf 90' lang='lat' dir='ltr'>nulla</span> <span class='ocrx_word' id='word_1_445' title='bbox 1385 3900 1498 3961; x_wconf 87' lang='lat' dir='ltr'>Christi</span> <span class='ocrx_word' id='word_1_446' title='bbox 1510 3899 1653 3978; x_wconf 90' lang='lat' dir='ltr'>adjutum</span> 
     </span>
     <span class='ocr_line' id='line_1_39' title="bbox 8 3968 1651 4074; baseline -0.001 -22.949"><span class='ocrx_word' id='word_1_447' title='bbox 8 3968 194 4070; x_wconf 63' lang='lat' dir='ltr'>mantugeudi,</span> <span class='ocrx_word' id='word_1_448' title='bbox 208 4001 239 4055; x_wconf 91' lang='lat' dir='ltr'>et</span> <span class='ocrx_word' id='word_1_449' title='bbox 258 4011 336 4057; x_wconf 88' lang='lat' dir='ltr'>non</span> <span class='ocrx_word' id='word_1_450' title='bbox 339 3994 486 4074; x_wconf 83' lang='lat' dir='ltr'>peccandi</span> <span class='ocrx_word' id='word_1_451' title='bbox 500 4011 566 4055; x_wconf 89' lang='lat' dir='ltr'>csse</span> <span class='ocrx_word' id='word_1_452' title='bbox 580 4012 599 4054; x_wconf 90' lang='lat' dir='ltr'>a</span> <span class='ocrx_word' id='word_1_453' title='bbox 612 3998 740 4070; x_wconf 86' lang='lat' dir='ltr'>natura;</span> <span class='ocrx_word' id='word_1_454' title='bbox 756 3994 835 4056; x_wconf 88' lang='lat' dir='ltr'>velle</span> <span class='ocrx_word' id='word_1_455' title='bbox 883 3994 1265 4074; x_wconf 87' lang='lat' dir='ltr'>gratic,nonpossev1tare</span> <span class='ocrx_word' id='word_1_456' title='bbox 1275 3998 1452 4073; x_wconf 89' lang='lat' dir='ltr'>peccatum</span> <span class='ocrx_word' id='word_1_457' title='bbox 1468 3997 1500 4053; x_wconf 91' lang='lat' dir='ltr'>et</span> <span class='ocrx_word' id='word_1_458' title='bbox 1510 3989 1651 4070; x_wconf 84' lang='lat' dir='ltr'>rdrpsum</span> 
     </span>
     <span class='ocr_line' id='line_1_40' title="bbox 87 4041 1654 4164; baseline 0 -22"><span class='ocrx_word' id='word_1_459' title='bbox 87 4085 330 4147; x_wconf 80' lang='lat' dir='ltr'>uuteminlibcro</span> <span class='ocrx_word' id='word_1_460' title='bbox 344 4086 439 4147; x_wconf 90' lang='lat' dir='ltr'>situm</span> <span class='ocrx_word' id='word_1_461' title='bbox 453 4085 581 4147; x_wconf 86' lang='lat' dir='ltr'>arbitrio</span> <span class='ocrx_word' id='word_1_462' title='bbox 584 4085 696 4164; x_wconf 88' lang='lat' dir='ltr'>‚cujus</span> <span class='ocrx_word' id='word_1_463' title='bbox 709 4041 835 4147; x_wconf 71' lang='lat' dir='ltr'>abactas</span> <span class='ocrx_word' id='word_1_464' title='bbox 884 4087 1042 4155; x_wconf 88' lang='lat' dir='ltr'>damnare,</span> <span class='ocrx_word' id='word_1_465' title='bbox 1072 4086 1135 4147; x_wconf 88' lang='lat' dir='ltr'>suis</span> <span class='ocrx_word' id='word_1_466' title='bbox 1158 4086 1237 4147; x_wconf 88' lang='lat' dir='ltr'>illud</span> <span class='ocrx_word' id='word_1_467' title='bbox 1263 4085 1393 4161; x_wconf 86' lang='lat' dir='ltr'>viribus,</span> <span class='ocrx_word' id='word_1_468' title='bbox 1409 4088 1441 4145; x_wconf 89' lang='lat' dir='ltr'>et</span> <span class='ocrx_word' id='word_1_469' title='bbox 1454 4088 1574 4144; x_wconf 82' lang='lat' dir='ltr'>ncturoe</span> <span class='ocrx_word' id='word_1_470' title='bbox 1588 4082 1654 4143; x_wconf 89' lang='lat' dir='ltr'>sola</span> 
     </span>
     <span class='ocr_line' id='line_1_41' title="bbox 87 4174 1653 4260; baseline 0.001 -27"><span class='ocrx_word' id='word_1_471' title='bbox 87 4178 123 4233; x_wconf 80' lang='lat' dir='ltr'>est</span> <span class='ocrx_word' id='word_1_472' title='bbox 140 4193 198 4238; x_wconf 79' lang='lat' dir='ltr'>csse</span> <span class='ocrx_word' id='word_1_473' title='bbox 219 4178 264 4255; x_wconf 89' lang='lat' dir='ltr'>id,</span> <span class='ocrx_word' id='word_1_474' title='bbox 294 4177 378 4258; x_wconf 82' lang='lat' dir='ltr'>quod</span> <span class='ocrx_word' id='word_1_475' title='bbox 390 4177 546 4252; x_wconf 83' lang='lat' dir='ltr'>uolumus,</span> <span class='ocrx_word' id='word_1_476' title='bbox 572 4176 706 4256; x_wconf 84' lang='lat' dir='ltr'>idque</span> <span class='ocrx_word' id='word_1_477' title='bbox 683 4195 749 4237; x_wconf 85' lang='lat' dir='ltr'>sune</span> <span class='ocrx_word' id='word_1_478' title='bbox 771 4177 836 4238; x_wconf 85' lang='lat' dir='ltr'>uile</span> <span class='ocrx_word' id='word_1_479' title='bbox 882 4178 1082 4260; x_wconf 89' lang='lat' dir='ltr'>possibilitate</span> <span class='ocrx_word' id='word_1_480' title='bbox 1102 4184 1262 4258; x_wconf 84' lang='lat' dir='ltr'>praestare.</span> <span class='ocrx_word' id='word_1_481' title='bbox 1285 4177 1364 4238; x_wconf 83' lang='lat' dir='ltr'>Vide</span> <span class='ocrx_word' id='word_1_482' title='bbox 1384 4180 1477 4255; x_wconf 79' lang='lat' dir='ltr'>eaput</span> <span class='ocrx_word' id='word_1_483' title='bbox 1495 4191 1559 4256; x_wconf 74' lang='lat' dir='ltr'>auu</span> <span class='ocrx_word' id='word_1_484' title='bbox 1581 4174 1653 4235; x_wconf 90' lang='lat' dir='ltr'>libri</span> 
     </span>
     <span class='ocr_line' id='line_1_42' title="bbox 86 4264 1654 4349; baseline 0.003 -25"><span class='ocrx_word' id='word_1_485' title='bbox 86 4264 165 4328; x_wconf 88' lang='lat' dir='ltr'>ultera</span> <span class='ocrx_word' id='word_1_486' title='bbox 181 4270 290 4347; x_wconf 66' lang='lat' dir='ltr'>gratim</span> <span class='ocrx_word' id='word_1_487' title='bbox 312 4288 406 4349; x_wconf 88' lang='lat' dir='ltr'>quam</span> <span class='ocrx_word' id='word_1_488' title='bbox 419 4269 553 4331; x_wconf 91' lang='lat' dir='ltr'>naturali</span> <span class='ocrx_word' id='word_1_489' title='bbox 565 4267 710 4330; x_wconf 78' lang='lat' dir='ltr'>facultate</span> <span class='ocrx_word' id='word_1_490' title='bbox 723 4278 836 4348; x_wconf 88' lang='lat' dir='ltr'>suppe-</span> <span class='ocrx_word' id='word_1_491' title='bbox 884 4268 1195 4349; x_wconf 82' lang='lat' dir='ltr'>ejusdemdenuturu,</span> <span class='ocrx_word' id='word_1_492' title='bbox 1204 4276 1233 4330; x_wconf 90' lang='lat' dir='ltr'>et</span> <span class='ocrx_word' id='word_1_493' title='bbox 1238 4269 1389 4349; x_wconf 58' lang='lat' dir='ltr'>protraat</span> <span class='ocrx_word' id='word_1_494' title='bbox 1397 4268 1559 4347; x_wconf 86' lang='lat' dir='ltr'>sequentia</span> <span class='ocrx_word' id='word_1_495' title='bbox 1568 4267 1654 4329; x_wconf 89' lang='lat' dir='ltr'>dein-</span> 
     </span>
     <span class='ocr_line' id='line_1_43' title="bbox 87 4357 1653 4442; baseline 0.001 -24"><span class='ocrx_word' id='word_1_496' title='bbox 87 4359 147 4419; x_wconf 85' lang='lat' dir='ltr'>tere.</span> <span class='ocrx_word' id='word_1_497' title='bbox 161 4361 197 4420; x_wconf 84' lang='lat' dir='ltr'>Et</span> <span class='ocrx_word' id='word_1_498' title='bbox 209 4361 242 4422; x_wconf 93' lang='lat' dir='ltr'>in</span> <span class='ocrx_word' id='word_1_499' title='bbox 255 4360 356 4440; x_wconf 82' lang='lat' dir='ltr'>eapite</span> <span class='ocrx_word' id='word_1_500' title='bbox 375 4377 447 4422; x_wconf 76' lang='lat' dir='ltr'>xxxi</span> <span class='ocrx_word' id='word_1_501' title='bbox 460 4360 599 4440; x_wconf 88' lang='lat' dir='ltr'>ejusdem</span> <span class='ocrx_word' id='word_1_502' title='bbox 613 4360 727 4439; x_wconf 88' lang='lat' dir='ltr'>Pelagii</span> <span class='ocrx_word' id='word_1_503' title='bbox 740 4361 835 4423; x_wconf 86' lang='lat' dir='ltr'>verba</span> <span class='ocrx_word' id='word_1_504' title='bbox 884 4379 970 4442; x_wconf 88' lang='lat' dir='ltr'>ceps;</span> <span class='ocrx_word' id='word_1_505' title='bbox 982 4359 1142 4440; x_wconf 84' lang='lat' dir='ltr'>exquibus</span> <span class='ocrx_word' id='word_1_506' title='bbox 1155 4357 1368 4438; x_wconf 85' lang='lat' dir='ltr'>intelligitur⁸,</span> <span class='ocrx_word' id='word_1_507' title='bbox 1384 4358 1547 4438; x_wconf 87' lang='lat' dir='ltr'>Pelagium</span> <span class='ocrx_word' id='word_1_508' title='bbox 1554 4357 1653 4438; x_wconf 90' lang='lat' dir='ltr'>ipsam</span> 
     </span>
     <span class='ocr_line' id='line_1_44' title="bbox 86 4446 1654 4533; baseline 0.003 -26"><span class='ocrx_word' id='word_1_509' title='bbox 86 4446 221 4528; x_wconf 73' lang='lat' dir='ltr'>uacauit,</span> <span class='ocrx_word' id='word_1_510' title='bbox 246 4451 362 4532; x_wconf 91' lang='lat' dir='ltr'>quibus</span> <span class='ocrx_word' id='word_1_511' title='bbox 379 4474 394 4509; x_wconf 85' lang='lat' dir='ltr'>u</span> <span class='ocrx_word' id='word_1_512' title='bbox 407 4452 496 4514; x_wconf 91' lang='lat' dir='ltr'>liberi</span> <span class='ocrx_word' id='word_1_513' title='bbox 514 4451 635 4514; x_wconf 89' lang='lat' dir='ltr'>arbitrii</span> <span class='ocrx_word' id='word_1_514' title='bbox 653 4458 836 4532; x_wconf 87' lang='lat' dir='ltr'>potestatem</span> <span class='ocrx_word' id='word_1_515' title='bbox 884 4451 1409 4533; x_wconf 88' lang='lat' dir='ltr'>nonpeccandipossihilitatemnon</span> <span class='ocrx_word' id='word_1_516' title='bbox 1417 4450 1654 4512; x_wconf 88' lang='lat' dir='ltr'>taminarbitrii</span> 
     </span>
     <span class='ocr_line' id='line_1_45' title="bbox 86 4538 1654 4627; baseline 0.001 -24"><span class='ocrx_word' id='word_1_517' title='bbox 86 4538 189 4605; x_wconf 86' lang='lat' dir='ltr'>dicebat</span> <span class='ocrx_word' id='word_1_518' title='bbox 200 4544 233 4606; x_wconf 93' lang='lat' dir='ltr'>in</span> <span class='ocrx_word' id='word_1_519' title='bbox 246 4544 394 4607; x_wconf 89' lang='lat' dir='ltr'>omnibus</span> <span class='ocrx_word' id='word_1_520' title='bbox 406 4563 472 4627; x_wconf 83' lang='lat' dir='ltr'>esse</span> <span class='ocrx_word' id='word_1_521' title='bbox 484 4543 687 4624; x_wconf 85' lang='lat' dir='ltr'>generaliter,</span> <span class='ocrx_word' id='word_1_522' title='bbox 704 4545 832 4621; x_wconf 72' lang='lat' dir='ltr'>iudeis,</span> <span class='ocrx_word' id='word_1_523' title='bbox 883 4549 1044 4626; x_wconf 89' lang='lat' dir='ltr'>potestate,</span> <span class='ocrx_word' id='word_1_524' title='bbox 1060 4560 1155 4623; x_wconf 88' lang='lat' dir='ltr'>quam</span> <span class='ocrx_word' id='word_1_525' title='bbox 1168 4542 1203 4603; x_wconf 92' lang='lat' dir='ltr'>in</span> <span class='ocrx_word' id='word_1_526' title='bbox 1222 4547 1334 4604; x_wconf 90' lang='lat' dir='ltr'>natura</span> <span class='ocrx_word' id='word_1_527' title='bbox 1354 4543 1422 4623; x_wconf 89' lang='lat' dir='ltr'>ipsa</span> <span class='ocrx_word' id='word_1_528' title='bbox 1440 4543 1588 4624; x_wconf 89' lang='lat' dir='ltr'>posuisse.</span> <span class='ocrx_word' id='word_1_529' title='bbox 1608 4543 1654 4604; x_wconf 85' lang='lat' dir='ltr'>Ex</span> 
     </span>
     <span class='ocr_line' id='line_1_46' title="bbox 86 4634 1653 4717; baseline 0 -21"><span class='ocrx_word' id='word_1_530' title='bbox 86 4636 162 4711; x_wconf 75' lang='lat' dir='ltr'>utque</span> <span class='ocrx_word' id='word_1_531' title='bbox 185 4636 364 4715; x_wconf 84' lang='lat' dir='ltr'>gentilibus.</span> <span class='ocrx_word' id='word_1_532' title='bbox 393 4637 432 4698; x_wconf 95' lang='lat' dir='ltr'>In</span> <span class='ocrx_word' id='word_1_533' title='bbox 456 4636 601 4698; x_wconf 91' lang='lat' dir='ltr'>omnibus</span> <span class='ocrx_word' id='word_1_534' title='bbox 627 4641 673 4697; x_wconf 91' lang='lat' dir='ltr'>cst</span> <span class='ocrx_word' id='word_1_535' title='bbox 700 4635 835 4698; x_wconf 87' lang='lat' dir='ltr'>liberum</span> <span class='ocrx_word' id='word_1_536' title='bbox 884 4634 1653 4717; x_wconf 85' lang='lat' dir='ltr'>quoduoconficiebat:alterum,quouiamuaturo</span> 
     </span>
     <span class='ocr_line' id='line_1_47' title="bbox 87 4723 1655 4809; baseline 0.001 -26"><span class='ocrx_word' id='word_1_537' title='bbox 87 4723 230 4789; x_wconf 83' lang='lat' dir='ltr'>arbitrium</span> <span class='ocrx_word' id='word_1_538' title='bbox 244 4729 406 4808; x_wconf 81' lang='lat' dir='ltr'>aequaliter</span> <span class='ocrx_word' id='word_1_539' title='bbox 418 4747 474 4809; x_wconf 91' lang='lat' dir='ltr'>per</span> <span class='ocrx_word' id='word_1_540' title='bbox 483 4735 639 4804; x_wconf 89' lang='lat' dir='ltr'>naturam,</span> <span class='ocrx_word' id='word_1_541' title='bbox 655 4726 836 4809; x_wconf 86' lang='lat' dir='ltr'>sedinsolis</span> <span class='ocrx_word' id='word_1_542' title='bbox 883 4729 985 4791; x_wconf 88' lang='lat' dir='ltr'>solum</span> <span class='ocrx_word' id='word_1_543' title='bbox 1012 4728 1107 4789; x_wconf 89' lang='lat' dir='ltr'>habet</span> <span class='ocrx_word' id='word_1_544' title='bbox 1129 4733 1288 4789; x_wconf 91' lang='lat' dir='ltr'>auctorem</span> <span class='ocrx_word' id='word_1_545' title='bbox 1318 4728 1434 4802; x_wconf 88' lang='lat' dir='ltr'>Deum,</span> <span class='ocrx_word' id='word_1_546' title='bbox 1462 4725 1570 4808; x_wconf 81' lang='lat' dir='ltr'>ubsque</span> <span class='ocrx_word' id='word_1_547' title='bbox 1597 4725 1655 4789; x_wconf 83' lang='lat' dir='ltr'>Dei</span> 
     </span>
     <span class='ocr_line' id='line_1_48' title="bbox 87 4814 1652 4902; baseline 0.001 -25"><span class='ocrx_word' id='word_1_548' title='bbox 87 4814 250 4880; x_wconf 78' lang='lat' dir='ltr'>Cbustiams</span> <span class='ocrx_word' id='word_1_549' title='bbox 272 4821 402 4899; x_wconf 87' lang='lat' dir='ltr'>juratur</span> <span class='ocrx_word' id='word_1_550' title='bbox 423 4821 565 4900; x_wconf 85' lang='lat' dir='ltr'>agretia.</span> <span class='ocrx_word' id='word_1_551' title='bbox 582 4840 598 4878; x_wconf 80' lang='lat' dir='ltr'>a</span> <span class='ocrx_word' id='word_1_552' title='bbox 615 4819 727 4882; x_wconf 88' lang='lat' dir='ltr'>Contra</span> <span class='ocrx_word' id='word_1_553' title='bbox 740 4839 835 4900; x_wconf 89' lang='lat' dir='ltr'>quem</span> <span class='ocrx_word' id='word_1_554' title='bbox 882 4821 998 4902; x_wconf 81' lang='lat' dir='ltr'>pratia,</span> <span class='ocrx_word' id='word_1_555' title='bbox 1018 4839 1077 4881; x_wconf 80' lang='lat' dir='ltr'>corr</span> <span class='ocrx_word' id='word_1_556' title='bbox 1100 4817 1163 4880; x_wconf 80' lang='lat' dir='ltr'>dici</span> <span class='ocrx_word' id='word_1_557' title='bbox 1181 4837 1283 4899; x_wconf 93' lang='lat' dir='ltr'>posse,</span> <span class='ocrx_word' id='word_1_558' title='bbox 1311 4819 1474 4880; x_wconf 90' lang='lat' dir='ltr'>hominem</span> <span class='ocrx_word' id='word_1_559' title='bbox 1497 4835 1562 4879; x_wconf 88' lang='lat' dir='ltr'>esse</span> <span class='ocrx_word' id='word_1_560' title='bbox 1585 4817 1652 4879; x_wconf 91' lang='lat' dir='ltr'>sine</span> 
     </span>
     <span class='ocr_line' id='line_1_49' title="bbox 88 4906 1653 4994; baseline 0.003 -27"><span class='ocrx_word' id='word_1_561' title='bbox 88 4906 418 4988; x_wconf 73' lang='lat' dir='ltr'>lagueunuszaltemm</span> <span class='ocrx_word' id='word_1_562' title='bbox 431 4913 603 4993; x_wconf 76' lang='lat' dir='ltr'>quaerimus</span> <span class='ocrx_word' id='word_1_563' title='bbox 615 4930 679 4991; x_wconf 77' lang='lat' dir='ltr'>qua</span> <span class='ocrx_word' id='word_1_564' title='bbox 691 4912 830 4991; x_wconf 77' lang='lat' dir='ltr'>gratiale</span> <span class='ocrx_word' id='word_1_565' title='bbox 883 4919 1023 4994; x_wconf 83' lang='lat' dir='ltr'>peccato,</span> <span class='ocrx_word' id='word_1_566' title='bbox 1050 4910 1129 4994; x_wconf 84' lang='lat' dir='ltr'>quod</span> <span class='ocrx_word' id='word_1_567' title='bbox 1156 4910 1197 4971; x_wconf 83' lang='lat' dir='ltr'>ud</span> <span class='ocrx_word' id='word_1_568' title='bbox 1231 4913 1327 4972; x_wconf 87' lang='lat' dir='ltr'>Deum</span> <span class='ocrx_word' id='word_1_569' title='bbox 1357 4910 1482 4992; x_wconf 82' lang='lat' dir='ltr'>proprie</span> <span class='ocrx_word' id='word_1_570' title='bbox 1503 4910 1653 4991; x_wconf 81' lang='lat' dir='ltr'>pertinere</span> 
     </span>
     <span class='ocr_line' id='line_1_50' title="bbox 87 4996 1653 5084; baseline 0.001 -24"><span class='ocrx_word' id='word_1_571' title='bbox 87 4996 461 5080; x_wconf 78' lang='lat' dir='ltr'>Deliberuarbitrionilri13</span> <span class='ocrx_word' id='word_1_572' title='bbox 470 5002 699 5084; x_wconf 86' lang='lat' dir='ltr'>quodprolecto</span> <span class='ocrx_word' id='word_1_573' title='bbox 710 5003 833 5081; x_wconf 88' lang='lat' dir='ltr'>faceret,</span> <span class='ocrx_word' id='word_1_574' title='bbox 882 5012 1085 5066; x_wconf 81' lang='lat' dir='ltr'>monstratur:</span> <span class='ocrx_word' id='word_1_575' title='bbox 1101 5003 1246 5079; x_wconf 89' lang='lat' dir='ltr'>alterum,</span> <span class='ocrx_word' id='word_1_576' title='bbox 1261 5002 1341 5064; x_wconf 90' lang='lat' dir='ltr'>sicut</span> <span class='ocrx_word' id='word_1_577' title='bbox 1353 5009 1466 5063; x_wconf 90' lang='lat' dir='ltr'>natura</span> <span class='ocrx_word' id='word_1_578' title='bbox 1478 5007 1653 5083; x_wconf 91' lang='lat' dir='ltr'>nonpotest</span> 
     </span>
     <span class='ocr_line' id='line_1_51' title="bbox 87 5089 1650 5176; baseline 0 -22"><span class='ocrx_word' id='word_1_579' title='bbox 87 5089 209 5169; x_wconf 78' lang='lat' dir='ltr'>tiabter,</span> <span class='ocrx_word' id='word_1_580' title='bbox 222 5101 316 5175; x_wconf 86' lang='lat' dir='ltr'>atque</span> <span class='ocrx_word' id='word_1_581' title='bbox 326 5095 389 5169; x_wconf 92' lang='lat' dir='ltr'>ille,</span> <span class='ocrx_word' id='word_1_582' title='bbox 407 5095 446 5156; x_wconf 92' lang='lat' dir='ltr'>de</span> <span class='ocrx_word' id='word_1_583' title='bbox 460 5113 498 5156; x_wconf 91' lang='lat' dir='ltr'>eo</span> <span class='ocrx_word' id='word_1_584' title='bbox 510 5095 648 5156; x_wconf 89' lang='lat' dir='ltr'>sentiret.</span> <span class='ocrx_word' id='word_1_585' title='bbox 669 5096 790 5157; x_wconf 88' lang='lat' dir='ltr'>Rursus</span> <span class='ocrx_word' id='word_1_586' title='bbox 801 5096 835 5157; x_wconf 91' lang='lat' dir='ltr'>in</span> <span class='ocrx_word' id='word_1_587' title='bbox 883 5097 972 5175; x_wconf 88' lang='lat' dir='ltr'>eripi,</span> <span class='ocrx_word' id='word_1_588' title='bbox 988 5096 1032 5157; x_wconf 94' lang='lat' dir='ltr'>sic</span> <span class='ocrx_word' id='word_1_589' title='bbox 1044 5113 1146 5175; x_wconf 86' lang='lat' dir='ltr'>neque</span> <span class='ocrx_word' id='word_1_590' title='bbox 1155 5092 1379 5176; x_wconf 79' lang='lat' dir='ltr'>possibilitatem</span> <span class='ocrx_word' id='word_1_591' title='bbox 1400 5093 1488 5154; x_wconf 91' lang='lat' dir='ltr'>illam</span> <span class='ocrx_word' id='word_1_592' title='bbox 1501 5113 1566 5155; x_wconf 92' lang='lat' dir='ltr'>non</span> <span class='ocrx_word' id='word_1_593' title='bbox 1580 5112 1650 5174; x_wconf 90' lang='lat' dir='ltr'>pec-</span> 
     </span>
     <span class='ocr_line' id='line_1_52' title="bbox 87 5178 1650 5268; baseline 0.002 -28"><span class='ocrx_word' id='word_1_594' title='bbox 87 5178 153 5242; x_wconf 89' lang='lat' dir='ltr'>libro</span> <span class='ocrx_word' id='word_1_595' title='bbox 171 5186 200 5246; x_wconf 93' lang='lat' dir='ltr'>ll</span> <span class='ocrx_word' id='word_1_596' title='bbox 213 5185 249 5248; x_wconf 87' lang='lat' dir='ltr'>de</span> <span class='ocrx_word' id='word_1_597' title='bbox 259 5187 397 5267; x_wconf 80' lang='lat' dir='ltr'>Nuptiis,</span> <span class='ocrx_word' id='word_1_598' title='bbox 426 5196 454 5249; x_wconf 87' lang='lat' dir='ltr'>et</span> <span class='ocrx_word' id='word_1_599' title='bbox 470 5186 711 5268; x_wconf 78' lang='lat' dir='ltr'>coracepa&#39;rceutiu,</span> <span class='ocrx_word' id='word_1_600' title='bbox 734 5188 835 5268; x_wconf 89' lang='lat' dir='ltr'>capite</span> <span class='ocrx_word' id='word_1_601' title='bbox 883 5188 974 5249; x_wconf 85' lang='lat' dir='ltr'>candi</span> <span class='ocrx_word' id='word_1_602' title='bbox 986 5205 1076 5268; x_wconf 88' lang='lat' dir='ltr'>posse</span> <span class='ocrx_word' id='word_1_603' title='bbox 1090 5185 1222 5263; x_wconf 79' lang='lat' dir='ltr'>dehahi,</span> <span class='ocrx_word' id='word_1_604' title='bbox 1238 5192 1331 5266; x_wconf 79' lang='lat' dir='ltr'>atque</span> <span class='ocrx_word' id='word_1_605' title='bbox 1344 5186 1388 5245; x_wconf 90' lang='lat' dir='ltr'>ita</span> <span class='ocrx_word' id='word_1_606' title='bbox 1401 5203 1466 5245; x_wconf 91' lang='lat' dir='ltr'>nou</span> <span class='ocrx_word' id='word_1_607' title='bbox 1478 5185 1605 5264; x_wconf 89' lang='lat' dir='ltr'>periisse</span> <span class='ocrx_word' id='word_1_608' title='bbox 1617 5185 1650 5244; x_wconf 89' lang='lat' dir='ltr'>in</span> 
     </span>
     <span class='ocr_line' id='line_1_53' title="bbox 86 5274 1650 5360; baseline -0.001 -25"><span class='ocrx_word' id='word_1_609' title='bbox 86 5274 174 5351; x_wconf 80' lang='lat' dir='ltr'>terto,</span> <span class='ocrx_word' id='word_1_610' title='bbox 198 5295 271 5338; x_wconf 88' lang='lat' dir='ltr'>cum</span> <span class='ocrx_word' id='word_1_611' title='bbox 293 5279 438 5340; x_wconf 87' lang='lat' dir='ltr'>Julianus</span> <span class='ocrx_word' id='word_1_612' title='bbox 461 5285 653 5359; x_wconf 88' lang='lat' dir='ltr'>quereretur,</span> <span class='ocrx_word' id='word_1_613' title='bbox 684 5280 793 5360; x_wconf 84' lang='lat' dir='ltr'>negari</span> <span class='ocrx_word' id='word_1_614' title='bbox 816 5299 835 5342; x_wconf 90' lang='lat' dir='ltr'>a</span> <span class='ocrx_word' id='word_1_615' title='bbox 883 5279 973 5340; x_wconf 88' lang='lat' dir='ltr'>nobis</span> <span class='ocrx_word' id='word_1_616' title='bbox 986 5297 1025 5341; x_wconf 82' lang='lat' dir='ltr'>ex</span> <span class='ocrx_word' id='word_1_617' title='bbox 1038 5278 1149 5339; x_wconf 79' lang='lat' dir='ltr'>Adami</span> <span class='ocrx_word' id='word_1_618' title='bbox 1168 5277 1270 5357; x_wconf 89' lang='lat' dir='ltr'>culpa.</span> <span class='ocrx_word' id='word_1_619' title='bbox 1292 5278 1361 5338; x_wconf 91' lang='lat' dir='ltr'>Uno</span> <span class='ocrx_word' id='word_1_620' title='bbox 1383 5276 1478 5337; x_wconf 88' lang='lat' dir='ltr'>verbo</span> <span class='ocrx_word' id='word_1_621' title='bbox 1500 5293 1565 5335; x_wconf 88' lang='lat' dir='ltr'>non</span> <span class='ocrx_word' id='word_1_622' title='bbox 1591 5275 1650 5334; x_wconf 90' lang='lat' dir='ltr'>hoc</span> 
     </span>
     <span class='ocr_line' id='line_1_54' title="bbox 86 5362 1650 5452; baseline 0.002 -29"><span class='ocrx_word' id='word_1_623' title='bbox 86 5362 234 5430; x_wconf 82' lang='lat' dir='ltr'>Catholicis</span> <span class='ocrx_word' id='word_1_624' title='bbox 254 5369 387 5433; x_wconf 89' lang='lat' dir='ltr'>liberum</span> <span class='ocrx_word' id='word_1_625' title='bbox 406 5370 588 5448; x_wconf 67' lang='lat' dir='ltr'>arbitrium</span> <span class='ocrx_word' id='word_1_626' title='bbox 610 5370 693 5452; x_wconf 87' lang='lat' dir='ltr'>quod</span> <span class='ocrx_word' id='word_1_627' title='bbox 715 5371 742 5435; x_wconf 91' lang='lat' dir='ltr'>si</span> <span class='ocrx_word' id='word_1_628' title='bbox 763 5371 834 5451; x_wconf 88' lang='lat' dir='ltr'>quis</span> <span class='ocrx_word' id='word_1_629' title='bbox 885 5371 1013 5433; x_wconf 90' lang='lat' dir='ltr'>damnat</span> <span class='ocrx_word' id='word_1_630' title='bbox 1028 5370 1220 5450; x_wconf 84' lang='lat' dir='ltr'>Augustinus</span> <span class='ocrx_word' id='word_1_631' title='bbox 1234 5369 1269 5430; x_wconf 92' lang='lat' dir='ltr'>in</span> <span class='ocrx_word' id='word_1_632' title='bbox 1289 5367 1424 5447; x_wconf 89' lang='lat' dir='ltr'>Pelagio,</span> <span class='ocrx_word' id='word_1_633' title='bbox 1442 5383 1530 5447; x_wconf 88' lang='lat' dir='ltr'>posse</span> <span class='ocrx_word' id='word_1_634' title='bbox 1548 5365 1650 5427; x_wconf 93' lang='lat' dir='ltr'>homi·</span> 
     </span>
    </p>
   </div>
   <div class='ocr_carea' id='block_1_3' title="bbox 109 5573 1485 5634">
    <p class='ocr_par' dir='ltr' id='par_1_3' title="bbox 109 5573 1485 5634">
     <span class='ocr_line' id='line_1_55' title="bbox 109 5573 1485 5634; baseline -0.015 2"><span class='ocrx_word' id='word_1_635' title='bbox 109 5576 120 5619; x_wconf 85' lang='lat'><strong>¹</strong></span> <span class='ocrx_word' id='word_1_636' title='bbox 132 5574 184 5621; x_wconf 77' lang='lat' dir='ltr'>uu,</span> <span class='ocrx_word' id='word_1_637' title='bbox 196 5589 243 5634; x_wconf 72' lang='grc' dir='ltr'>ιιι.</span> <span class='ocrx_word' id='word_1_638' title='bbox 257 5578 341 5624; x_wconf 83' lang='grc' dir='ltr'>ιιι-ι</span> <span class='ocrx_word' id='word_1_639' title='bbox 354 5577 401 5624; x_wconf 86' lang='grc' dir='ltr'>ιιι.</span> <span class='ocrx_word' id='word_1_640' title='bbox 420 5578 446 5623; x_wconf 78' lang='lat' dir='ltr'>u</span> <span class='ocrx_word' id='word_1_641' title='bbox 457 5579 508 5627; x_wconf 79' lang='lat' dir='ltr'>aar.</span> <span class='ocrx_word' id='word_1_642' title='bbox 517 5582 540 5625; x_wconf 74' lang='lat' dir='ltr'>a</span> <span class='ocrx_word' id='word_1_643' title='bbox 552 5583 609 5633; x_wconf 72' lang='lat' dir='ltr'>me</span> <span class='ocrx_word' id='word_1_644' title='bbox 621 5591 642 5625; x_wconf 71' lang='grc' dir='ltr'>ο.</span> <span class='ocrx_word' id='word_1_645' title='bbox 656 5579 727 5626; x_wconf 76' lang='lat' dir='ltr'>x.-a</span> <span class='ocrx_word' id='word_1_646' title='bbox 737 5577 796 5624; x_wconf 77' lang='lat' dir='ltr'>raam</span> <span class='ocrx_word' id='word_1_647' title='bbox 808 5590 828 5624; x_wconf 75' lang='lat' dir='ltr'>a.</span> <span class='ocrx_word' id='word_1_648' title='bbox 840 5590 862 5625; x_wconf 75' lang='grc' dir='ltr'>ιι</span> <span class='ocrx_word' id='word_1_649' title='bbox 873 5578 914 5626; x_wconf 87' lang='grc' dir='ltr'>ιιι.</span> <span class='ocrx_word' id='word_1_650' title='bbox 923 5578 950 5625; x_wconf 76' lang='lat' dir='ltr'>u</span> <span class='ocrx_word' id='word_1_651' title='bbox 960 5579 1010 5626; x_wconf 78' lang='grc' dir='ltr'>ιο.</span> <span class='ocrx_word' id='word_1_652' title='bbox 1021 5577 1157 5632; x_wconf 61' lang='grc' dir='ltr'>ειμι-ι</span> <span class='ocrx_word' id='word_1_653' title='bbox 1168 5575 1220 5633; x_wconf 71' lang='lat' dir='ltr'>cap.</span> <span class='ocrx_word' id='word_1_654' title='bbox 1232 5575 1325 5621; x_wconf 72' lang='grc' dir='ltr'>ιιι-ο</span> <span class='ocrx_word' id='word_1_655' title='bbox 1336 5573 1391 5619; x_wconf 81' lang='lat' dir='ltr'>rua.</span> <span class='ocrx_word' id='word_1_656' title='bbox 1403 5583 1423 5617; x_wconf 73' lang='lat' dir='ltr'>a.</span> <span class='ocrx_word' id='word_1_657' title='bbox 1435 5583 1485 5625; x_wconf 79' lang='grc' dir='ltr'>ιιιι,</span> 
     </span>
    </p>
   </div>
   <div class='ocr_carea' id='block_1_4' title="bbox 0 0 1981 6164">
    <p class='ocr_par' dir='ltr' id='par_1_4' title="bbox 0 0 1981 6164">
     <span class='ocr_line' id='line_1_56' title="bbox 0 0 1981 6164; baseline 0 0"><span class='ocrx_word' id='word_1_658' title='bbox 0 0 1981 6164; x_wconf 95' lang='lat' dir='ltr'> </span> 
     </span>
    </p>
   </div>
  </div>
 </body>
</html>
