3936 6172
328 334 395 401 tae
828 346 1155 411 runotootcottutt
1180 344 1408 408 DOGMATUM.

254 558 260 567 .
329 507 416 587 prius
434 508 500 570 sine
527 511 635 575 Christi
666 515 782 594 mutia,
807 521 839 577 et
861 514 1008 577 charitate
1031 531 1095 575 nou
1145 517 1231 588 cata;
1266 530 1330 592 quo
1361 517 1511 592 tauquam
1540 511 1640 591 risco,
1667 517 1698 574 et
1721 511 1825 593 glutino
1845 517 1875 577 ad

329 604 447 679 potest;
463 601 533 663 ideo
544 612 677 685 matos,
699 608 767 669 sire'
779 606 969 689 possibilitas,
990 608 1093 688 plena,
1143 622 1249 666 rerum
1275 605 1463 666 caducarum
1492 620 1645 684 amorem
1672 612 1702 667 et
1720 605 1875 685 voluptatem

328 696 422 770 atque
449 695 597 772 perfecte,
626 700 752 761 nonnisi
778 719 818 762 ex
844 700 990 762 charitate
1021 718 1095 761 con-
1144 696 1307 778 implicatae
1331 697 1415 757 illius
1441 702 1531 758 erant
1562 715 1690 777 penna,
1714 715 1754 759 ne
1780 715 1875 759 mrsun

206 794 209 800 ’
329 782 442 845 ficitur.
1145 790 1267 851 evolare
1282 794 1395 869 posset.

370 877 415 936 Ex
429 896 490 956 quo
505 880 581 943 illud
593 884 813 963 explicandum
824 890 881 961 cst,
893 885 977 964 quod
986 885 1098 945 Coelss-
1185 882 1230 941 Ex
1243 880 1291 942 his
1303 882 1424 943 duobus
1437 883 1573 963 priorem
1582 888 1698 944 constat
1709 882 1785 943 iuter
1795 882 1876 943 coho
1914 915 1917 921 ·

329 967 413 1029 tinus
426 971 546 1049 primus
560 993 641 1055 papa
654 975 806 1056 scripsit¹‚
837 977 1096 1057 ulnpraevarica-
1144 972 1229 1045 licos,
1254 973 1318 1034 imo
1344 992 1420 1035 vero
1443 974 1525 1035 inter
1538 992 1656 1044 omncs,
1672 976 1724 1053 qui
1736 973 1878 1054 pordoplus
1924 968 1928 975 ’

329 1060 413 1122 tione
426 1062 501 1124 Adae
525 1084 634 1128 omnes
647 1067 789 1130 homines
811 1069 985 1130 naturalem
998 1068 1097 1149 possi·
1145 1064 1244 1125 brutis
1271 1065 1481 1127 animantibus
1507 1067 1643 1146 sapiunt,
1667 1072 1735 1147 post
1750 1073 1876 1146 peccatam

328 1151 500 1232 bilitatem,
535 1163 566 1218 et
597 1159 808 1222 innocentiam
842 1161 1030 1241 perdidissc;
1067 1167 1098 1222 et
1144 1156 1238 1237 primi
1262 1159 1398 1237 parentis
1427 1160 1598 1221 extinctum
1625 1157 1878 1219 nanduiano

328 1246 487 1308 nemiuem
507 1248 545 1310 de
568 1250 722 1330 profundo
738 1252 822 1313 illius
834 1253 934 1314 ruinae
948 1254 1096 1333 porlihe·
1145 1249 1231 1308 euim
1257 1254 1372 1311 natura
1389 1250 1457 1329 ipsa
1482 1268 1538 1330 per
1558 1256 1717 1330 peccatum
1740 1256 1831 1330 erepta
1846 1257 1878 1311 ast
1892 1229 1927 1284 ¹¹⁵⁸

327 1354 401 1398 rum
424 1338 588 1401 arbitrium
601 1360 690 1422 posse
703 1362 900 1423 consurgere.
918 1367 934 1403 n
951 1345 999 1405 lbi
1012 1346 1095 1406 enim
1144 1340 1277 1417 homiui,
1302 1347 1357 1402 ant
1380 1342 1483 1402 nahra
1509 1343 1567 1416 ris,
1596 1348 1626 1403 et
1645 1342 1804 1421 proprietas
1821 1342 1876 1402 uta.

328 1431 501 1492 naturalem
517 1434 749 1512 possibilitatem
762 1437 897 1516 appellat
917 1443 1096 1516 potestatem
1145 1432 1249 1510 ltaque
1263 1432 1355 1494 stulte
1371 1433 1527 1513 desipiunt
1552 1433 1689 1495 haeretici
1710 1433 1830 1512 qnidam,
1853 1439 1878 1494 nt

329 1521 466 1600 plenam,
482 1528 990 1608 atquecompletamrecteagendi,
1003 1546 1097 1608 qrram
1145 1523 1300 1606 Calvinus,
1323 1529 1355 1585 et
1375 1524 1469 1603 hujus
1490 1526 1613 1603 generis
1632 1526 1696 1599 alii,
1711 1527 1761 1605 qui
1772 1526 1877 1586 liberata

331 1613 371 1673 ab
396 1615 515 1694 origine
538 1619 692 1697 accepturi
713 1626 803 1681 eraut
828 1619 938 1681 adami
966 1620 1093 1700 posteri,
1146 1614 1321 1689 arbitrium,
1337 1616 1369 1676 id
1380 1617 1533 1697 estipsam
1546 1617 1712 1678 voluntatis
1723 1617 1876 1692 facultatem,

330 1706 389 1766 nisi
410 1725 463 1768 eos
477 1709 614 1788 parentis
634 1729 716 1772 noxa
735 1712 982 1773 contaminasset.
998 1714 1098 1786 Quam
1146 1725 1216 1786 quae
1231 1714 1300 1769 erat
1313 1708 1347 1768 in
1361 1709 1491 1784 adamo,
1509 1715 1634 1789 peccato
1652 1710 1747 1788 ipsius
1760 1710 1877 1770 interiise

331 1798 457 1877 quidem
471 1807 652 1880 potestatem
662 1803 701 1863 ab
710 1803 809 1865 libero
822 1804 950 1865 arbitrio
964 1810 1096 1884 separat;
1145 1805 1290 1860 censent:
1306 1801 1464 1879 nequent,
1481 1801 1565 1880 quod
1583 1802 1723 1863 naturale
1736 1807 1786 1877 est,
1799 1801 1831 1862 ab
1841 1820 1875 1875 eo,

329 1889 390 1951 hoc
405 1892 489 1952 enim
503 1899 592 1954 vocat
604 1894 762 1956 insitama
780 1902 892 1956 natura
909 1895 1094 1973 libertatem,
1147 1891 1230 1969 quod
1248 1897 1368 1953 natura
1386 1904 1430 1953 est
1451 1894 1648 1970 admensum,
1672 1900 1703 1955 et
1723 1894 1817 1972 gratia
1838 1893 1877 1953 tri·

331 1987 362 2041 et
382 1984 586 2057 rolnntatem,
616 2005 698 2064 qrrae,
728 1994 762 2047 ut
782 1988 822 2047 ad
835 1995 917 2050 recte
930 1988 1098 2050 vivendum
1147 1982 1266 2060 buitur,
1291 1983 1468 2062 voluerunt,
1497 1991 1705 2065 potueruntve
1728 1984 1875 2046 &minua

330 2074 442 2134 idonea
459 2075 506 2163 sit,
529 2077 664 2137 sananda
684 2082 739 2151 cst,
756 2083 787 2138 et
799 2079 972 2158 adjuvanda
985 2081 1098 2142 Christi
1149 2074 1269 2141 Quibus
1281 2094 1400 2151 vereor,
1416 2096 1456 2139 nc
1473 2095 1537 2137 nou
1556 2077 1659 2138 solum
1676 2077 1876 2151 annumerandi,

333 2166 450 2240 pratia;
470 2168 570 2233 «Qua
593 2167 761 2247 opitulante
782 2175 813 2230 et
831 2171 916 2231 mah
936 2173 1100 2253 necessitas
1147 2167 1201 2227 sed
1224 2168 1391 2229 deteriores
1421 2170 1513 2229 etiam
1536 2169 1698 2248 judicandi
1722 2170 1777 2230 siut
1796 2169 1877 2248 nupeu¹

332 2257 561 2335 removebitur,
583 2266 615 2320 et
632 2258 758 2321 libertas
775 2260 866 2340 plena
890 2262 1064 2340 tribuitur¹,
1080 2284 1095 2321 a
1147 2259 1358 2339 theologi,qui
1372 2260 1519 2321 libertatis
1528 2278 1648 2323 nomen
1660 2262 1750 2323 verbo
1761 2262 1875 2333 retinen,

331 2350 375 2409 ait
387 2349 471 2410 idem
484 2351 685 2429 dugcrstinus.
705 2353 810 2413 «Nam
819 2353 853 2414 in
865 2360 947 2415 recte
960 2353 1099 2416 iudendo
1148 2368 1183 2411 rc
1196 2351 1320 2427 tollunt,
1335 2356 1367 2412 et
1384 2370 1480 2432 prava
1498 2353 1752 2432 interpretatione
1771 2370 1878 2414 corrm-

332 2439 402 2502 ideo
416 2442 539 2502 nullum
552 2448 599 2503 est
614 2442 774 2505 vinculum
793 2445 997 2523 necessitatis,
1027 2447 1099 2526 quia
1149 2448 1240 2522 punt.

331 2532 457 2594 libertas
468 2539 514 2594 est
527 2533 741 2597 ennuntiat.»
1189 2535 1247 2594 IX.
1269 2534 1423 2595 Adversus
1435 2553 1513 2614 quos
1526 2534 1704 2596 firmissime
1714 2535 1784 2596 illud
1792 2551 1878 2596 aesna
1943 2540 1944 2591 t

373 2625 512 2705 Denique
521 2625 631 2687 iisdem
641 2627 679 2688 de
687 2627 784 2687 causis
792 2627 926 2689 liberum
938 2628 1101 2690 arbitrium
1149 2627 1283 2687 randum
1315 2632 1380 2702 est,
1409 2628 1492 2706 quod
1521 2646 1561 2689 ex
1590 2628 1752 2708 Augustini
1772 2626 1879 2688 ductim

332 2718 438 2780 adlici
453 2719 594 2796 gratiam,
615 2718 746 2780 idest«
768 2720 808 2780 ad
829 2720 887 2780 Dei
903 2720 984 2781 dona
1002 2721 1101 2800 perti-
1149 2718 1311 2798 hucusque
1339 2718 1537 2791 confecimus,
1566 2718 1793 2799 ejusdemmodi,
1812 2717 1878 2798 quale
1943 2732 1944 2791 t

241 2805 248 2818 '
332 2828 434 2873 nerea
450 2811 523 2871 dicit
536 2807 647 2885 alibi⁸3
668 2828 727 2871 nec
744 2816 868 2872 tantum
889 2813 985 2886 adsit,
1009 2810 1102 2893 (quod
1150 2817 1222 2871 ante
1242 2810 1365 2889 lapsum
1391 2810 1449 2871 luit
1469 2812 1504 2871 in
1526 2810 1659 2882 Adamo,
1683 2812 1717 2873 in
1740 2812 1818 2890 hujus
1833 2827 1879 2870 mc
1943 2794 1944 2877 i

333 2910 378 2964 est
393 2908 545 2964 natureae
565 2903 627 2963 Deo
654 2900 796 2983 condita)
825 2923 840 2961 a
867 2903 921 2964 sed
947 2904 1042 2965 etiam
1068 2910 1103 2966 nt
1150 2902 1244 2981 stirpe
1256 2900 1388 2962 liberum
1404 2901 1586 2979 arbitrium,
1608 2904 1693 2983 quod
1709 2904 1747 2964 ad
1769 2907 1878 2964 ostoun
1943 2880 1944 2971 i

332 2996 452 3057 bonum
465 2994 515 3072 sit,
523 2995 556 3056 id
565 2995 661 3056 estad
674 2994 967 3076 iaciendamandata
977 2996 1101 3057 Domini
1150 2991 1388 3072 ipsamattiuet;
1415 2994 1473 3054 etsi
1496 2994 1651 3074 quidquid
1662 3002 1727 3057 erat
1748 2994 1844 3074 gratia,
1858 2997 1880 3051 et
1943 2974 1944 3057 l

334 3092 551 3163 convertatur;
570 3087 724 3167 atque-ita
742 3087 797 3148 Dei
810 3088 987 3167 gratiauon
1000 3089 1101 3150 solum
1150 3090 1278 3145 ornatus
1292 3091 1411 3146 natiuae
1435 3091 1526 3165 captu
1546 3088 1765 3166 prestantioris
1778 3085 1804 3147 ei
1819 3082 1877 3144 iudi·
1943 3064 1944 3155 i

334 3178 493 3255 ostendat,
519 3178 594 3257 quid
622 3178 796 3241 iaciendum
819 3179 876 3255 sit,
904 3180 957 3241 sed
981 3179 1102 3259 adjuvet
1150 3183 1229 3252 tum,
1249 3177 1339 3256 culpa
1352 3176 1435 3237 illius
1459 3177 1629 3240 astinetum
1656 3180 1705 3257 sit,
1731 3196 1764 3239 ac
1786 3174 1880 3238 nonani

334 3272 439 3347 etiam,
454 3270 592 3350 utpossit
604 3270 682 3345 iieri,
695 3270 779 3350 quod
793 3272 998 3332 ostenderit.»
1151 3269 1264 3330 Christi
1278 3269 1408 3345 maritis,
1429 3275 1462 3330 et
1478 3270 1578 3347 gratia
1591 3276 1795 3350 recuperetur
1814 3268 1880 3327 liunt
1943 3298 1944 3333 t

183 3392 287 3437 mm„
374 3362 457 3423 VlIl.
474 3363 577 3423 Extat
589 3362 756 3441 Augustini
765 3363 947 3423 testimoniis
960 3363 992 3424 id
1004 3364 1104 3424 maai·
1150 3360 1253 3439 ipsum
1267 3365 1387 3422 naturae
1401 3361 1591 3441 superiorem
1604 3360 1881 3441 viribus,acplcuurn
1943 3352 1944 3427 i

177 3447 299 3556 gfllgfsgffi
334 3454 409 3516 feste
421 3454 588 3533 colligitur,
609 3455 744 3516 liberum
762 3454 925 3516 arbitrium
939 3455 1104 3534 dupliciter
1152 3452 1249 3513 divini
1269 3453 1451 3531 splendoris,
1471 3465 1502 3514 et
1518 3454 1643 3516 roboris
1656 3454 1779 3517 humani
1795 3456 1880 3512 annu

175 3561 299 3608 saeptum.
334 3547 442 3626 accipi,
456 3565 493 3608 ac
507 3546 585 3606 dnos
598 3546 664 3624 ejus
673 3546 906 3625 distinguendos
917 3564 982 3608 esse
994 3552 1099 3623 status,
1143 3544 1264 3620 animi,
1287 3562 1369 3624 saepe
1386 3545 1576 3624 Augustinus
1598 3546 1734 3609 liberum
1753 3543 1879 3606 arbiutuu

256 3648 259 3653 '
334 3637 626 3713 uuumnaturolem,
639 3637 797 3698 ethomini
816 3637 1104 3699 insitumzalterum
1151 3635 1329 3716 simpliciter
1340 3641 1440 3714 vocat,
1455 3644 1486 3698 et
1498 3639 1650 3701 amissum
1664 3658 1727 3702 esse
1741 3636 1820 3719 primi
1830 3650 1880 3714 pet·
1943 3640 1944 3681 ἕ

333 3735 453 3791 naturae
468 3728 615 3789 divinitus
641 3728 791 3803 additum,
814 3745 908 3807 quem
927 3739 1103 3809 supernatu-
1153 3733 1221 3789 cato
1232 3728 1368 3807 parentis
1383 3728 1528 3791 affirmat.

238 3832 243 3839 '
334 3821 429 3884 rodem
444 3826 567 3883 vocant.
581 3819 952 3899 Priorestingenitaipsa
964 3818 1103 3896 facultas,
1193 3820 1281 3894 Quod
1306 3838 1361 3881 cur
1389 3820 1529 3883 absolute
1553 3823 1599 3883 sic
1620 3824 1767 3896 nominet,
1792 3815 1882 3881 neceb
1943 3832 1944 3903 ᾗ

333 3933 396 3995 qua
404 3933 462 3995 pro
473 3913 560 3973 libito
577 3917 677 3992 potest
699 3911 991 3972 voluntashominis
1011 3913 1102 3974 alter·
1152 3911 1286 3971 naturali
1298 3913 1435 3990 potentia
1447 3913 1598 3993 quidquid
1612 3934 1686 3976 cum
1699 3934 1735 3976 ca
1748 3912 1883 3993 gratiam
1943 3906 1944 3927 *

332 4012 440 4068 utrum
466 4005 619 4066 eduobus
643 4004 775 4083 eligere,
800 4021 935 4083 quorum
961 4004 1104 4067 videlicet
1153 4002 1355 4081 conjunctum
1373 4004 1497 4081 clarius,
1521 4005 1751 4087 distinctiusque
1770 4004 1881 4084 sepaut5
1943 3996 1944 4073 ζ

332 4095 951 4175 neutrinecessaricestaffixa,ntsaepius
964 4102 1103 4177 repetere
1155 4092 1223 4176 (etsi
1237 4114 1301 4155 uon
1315 4096 1444 4157 obscure
1457 4096 1602 4159 fecithoc
1615 4095 1882 4179 plerisqneialocis,
1943 4088 1944 4183 ᾗ

333 4188 1102 4270 cogimur.Hocenimlibertatisgenusoppositum
1152 4192 1188 4246 ut
1198 4204 1236 4246 cx
1247 4186 1456 4267 superioribus
1477 4190 1630 4268 capitibus
1651 4188 1770 4271 conant)
1790 4195 1881 4252 aaa.
1943 4224 1944 4227 κ

334 4288 380 4343 est
400 4283 573 4343 necessitati
586 4300 650 4343 uno
671 4282 776 4359 aliquo
799 4280 969 4351 definienti,
986 4298 1021 4340 ac
1045 4280 1105 4340 cir·
1152 4295 1207 4344 tur
1229 4278 1405 4358 frequenter
1429 4279 1602 4342 libertatem
1626 4283 1743 4343 arbitrii
1761 4276 1883 4341 adscribat

333 4373 566 4449 cumscribenti,
591 4392 660 4453 quae
685 4373 941 4434 deliberationem
964 4390 1102 4449 omnem,
1151 4370 1276 4448 gratita,
1301 4377 1332 4431 et
1355 4371 1441 4432 illem
1464 4373 1590 4452 periisse
1615 4376 1716 4451 dicat3
1738 4370 1883 4451 diligentius
1943 4418 1944 4451 3

247 4508 252 4513 -
334 4472 365 4527 et
378 4465 555 4540 consilium,
570 4466 749 4527 aclibcram
771 4463 905 4543 eligendi
919 4468 1104 4543 potestatem
1151 4462 1568 4544 inquirendaratioest,quae
1580 4466 1672 4528 illum
1681 4461 1882 4528 moritliadam
1943 4472 1944 4545 j

334 4557 459 4630 incidit,
475 4556 542 4617 siue
557 4575 617 4635 qua
630 4565 768 4638 προαίρεσις
781 4574 847 4618 esse
865 4555 985 4635 nequit,
1009 4573 1104 4634 quam
1151 4554 1235 4614 enim
1247 4555 1394 4616 adversus
1406 4554 1577 4629 haereticos,
1604 4564 1637 4618 et
1661 4560 1770 4620 horum
1788 4566 1882 4615 rcueuo

333 4649 434 4709 Latini
447 4648 706 4709 liberumvocant
719 4647 892 4724 arbitrium,
906 4653 942 4707 ut
956 4647 1103 4726 inprimo
1151 4650 1305 4706 ennacos
1319 4646 1483 4707 catholicos
1495 4648 1686 4730 inpromptu
1699 4649 1802 4719 habita,
1815 4642 1881 4704 nul·
1943 4648 1944 4659 ¹

332 4739 413 4800 libro
436 4739 560 4800 abunde
578 4739 786 4818 probavimus.
803 4739 955 4799 Posterior
973 4744 1019 4800 cst
1035 4739 1102 4800 lau*
1151 4741 1220 4797 tum
1250 4737 1392 4798 utilitatis
1417 4757 1453 4799 ac
1480 4743 1630 4801 momenti
1658 4742 1697 4803 ad
1725 4735 1881 4822 propositam
1943 4768 1944 4773 κ

334 4832 454 4910 dabilis,
470 4837 502 4893 et
515 4850 535 4891 a
548 4831 648 4910 gratia
660 4830 815 4911 proiectus
835 4828 985 4891 libertatis
1007 4836 1103 4891 status
1151 4829 1350 4907 questionem
1365 4829 1511 4891 conferet.

298 4958 314 4973 ··
334 4924 497 5002 ejusmodi,
516 4927 553 4983 ut
567 4922 710 4983 voluntas
722 4922 761 4982 ad
773 4920 904 4999 bonum,
917 4926 949 4981 ct
960 4921 1003 4997 id,
1018 4922 1102 5000 (prod

333 5021 457 5095 gratum
467 5017 533 5077 Deo
544 5021 599 5091 est,
610 5014 870 5093 amplectendum,
881 5019 913 5074 et
925 5013 1103 5093 eligendum

333 5109 429 5188 possit
454 5108 539 5185 eniti,
567 5106 696 5185 peccati,
716 5106 775 5167 sub
795 5125 858 5186 quo
878 5106 997 5185 captiva
1020 5110 1102 5166 tene-

333 5201 437 5277 batur,
465 5200 597 5262 vinculis
624 5200 783 5280 expedita,
809 5205 840 5259 et
866 5197 1040 5278 cupiditatis
1067 5215 1102 5258 ac

333 5292 588 5375 concupiscentiae
612 5292 749 5373 laqueis,
777 5297 808 5353 et
832 5289 988 5352 illecebris
1004 5287 1102 5367 expli·

360 5496 375 5539 t
387 5496 456 5551 Epist.
469 5508 477 5540 t
489 5498 518 5541 sd
531 5496 597 5552 canc.
609 5496 664 5541 Gall.
676 5508 696 5539 c.
708 5495 786 5541 arei
800 5494 847 5539 bib.
860 5495 887 5539 de
902 5495 950 5540 Nat.
966 5495 987 5538 et
998 5492 1059 5537 crat.
1071 5500 1092 5534 c.
1103 5489 1366 5538 urt.-81b.c.trr.-
1378 5491 1391 5536 t
1403 5491 1451 5537 tit.
1464 5493 1485 5537 ll
1496 5495 1522 5538 da
1535 5496 1681 5542 namna.
1691 5508 1711 5543 a.
1721 5506 1749 5541 rt.
