4096 6166
392 570 493 713 DE
544 567 1011 717 TRIDENTINI
1067 569 1416 716 CONGILH

235 825 752 961 lliTERPRETilTlONE,
802 880 864 954 ΕΤ
906 885 939 954 S.
985 880 1266 957 AUGUSTINI
1313 880 1577 957 Deeratne

631 1128 879 1210 Laena
959 1128 1172 1212 unus
1288 1241 1293 1248 ⁹

486 1560 831 1649 EPISTOLA
887 1562 977 1647 AD
1033 1561 1337 1649 AMICUM.

149 1804 178 1869 Ι.
204 1806 289 1870 Scire
314 1805 371 1880 vis,
393 1804 564 1867 amicorum
590 1804 726 1884 optime,
744 1800 820 1885 qnid
844 1805 883 1867 de
935 1804 1011 1867 mihi
1023 1822 1102 1868 onus
1113 1802 1288 1885 injunctum
1297 1808 1353 1880 est,
1361 1822 1506 1887 exequar,
1515 1808 1540 1869 si
1549 1820 1705 1870 summam

106 1896 163 1961 illa
192 1896 321 1981 epistola
342 1897 490 1977 judicem,
519 1916 614 1978 quam
640 1916 742 1979 nuper
767 1898 807 1960 ad
832 1915 884 1960 me
934 1898 1156 1977 cogitationum
1183 1912 1325 1961 mearum
1352 1899 1472 1961 hietibi
1506 1900 1640 1979 sincere,
1668 1914 1705 1963 eo

107 1990 225 2054 misisti
249 1990 288 2052 ab
301 1987 409 2052 lotan
432 1984 472 2050 ad
493 1984 675 2071 Episcopum
691 1984 882 2071 inscriptam.
935 1984 1072 2051 breviter
1084 2004 1246 2069 exponam.

107 2078 323 2164 Respondebo
345 2080 401 2142 tibi
421 2080 500 2141 nihil
525 2082 692 2143 admodum
717 2078 882 2157 hesitans3
977 2078 1186 2144 Meadenovis
1194 2076 1388 2162 dogmatistis
1396 2076 1706 2167 hecsemperopinio

107 2192 182 2238 rem
196 2174 280 2236 enim
294 2170 430 2254 postulas
444 2192 510 2234 non
523 2172 631 2235 ieviter
644 2170 727 2255 apud
741 2193 790 2237 me
805 2181 884 2237 trac·
936 2173 1006 2251 fuit,
1019 2188 1058 2237 er
1075 2194 1138 2256 qno
1153 2175 1186 2236 in
1214 2174 1355 2236 Ecclesia
1380 2176 1548 2257 perniciem
1576 2174 1708 2242 ebullire

107 2272 221 2344 atam,
235 2266 288 2328 scd
302 2270 418 2327 attente
431 2266 623 2342 meditatam,
639 2266 731 2347 atque
744 2286 886 2348 perspec·
936 2273 1108 2347 ceperunt,
1128 2262 1249 2328 nnllam
1277 2282 1371 2346 penes
1395 2268 1477 2348 ipsos
1501 2269 1566 2331 vim
1585 2264 1704 2349 judicii,

109 2360 191 2421 tam.
208 2356 300 2427 Quod
314 2365 349 2419 ut
371 2354 501 2438 impigre
524 2357 668 2428 facerem,
685 2377 749 2421 non
766 2366 821 2421 tua
834 2379 886 2422 me
935 2356 1059 2419 nicilum
1083 2358 1202 2439 ingenii
1226 2357 1323 2419 robur
1350 2365 1380 2419 et
1408 2377 1555 2438 acumen,
1584 2362 1707 2423 nullum

109 2454 239 2513 tantum
257 2449 402 2511 voluntas
426 2456 471 2511 est
483 2450 617 2528 hortata,
633 2470 694 2532 qua
715 2452 886 2532 plurimum
936 2450 1150 2512 reconditioris
1172 2468 1265 2511 usum
1290 2451 1451 2528 coctana,
1473 2471 1508 2513 ac
1530 2450 1708 2516 laenitatem

109 2560 267 2605 moveor:
290 2543 343 2605 scd
367 2561 473 2603 meum
501 2562 624 2623 quoqne
652 2544 804 2618 studium,
831 2563 886 2605 sua
936 2541 1092 2618 residere3
1114 2542 1212 2603 solam
1233 2540 1291 2603 iilis
1312 2558 1376 2605 non
1391 2542 1543 2623 negabam
1557 2544 1708 2609 sermonis

110 2632 279 2698 incitatum
290 2639 410 2714 sponte,
426 2635 497 2695 iecit
511 2635 668 2697 ardentius
688 2636 825 2718 praeiatio
846 2636 886 2697 ad
938 2632 1143 2697 inscribendo
1156 2634 1247 2715 patrii
1255 2635 1442 2715 expeditam,
1455 2656 1491 2699 ac
1498 2637 1706 2718 profluentem

110 2727 263 2790 lectorem
289 2726 323 2787 in
351 2724 486 2805 epistolas
519 2725 620 2790 fronte
650 2728 789 2810 praelixa,
818 2746 888 2808 quae
939 2726 1139 2804 celeritatem,
1155 2722 1239 2807 quod
1253 2733 1284 2789 et
1305 2728 1433 2790 unicum
1459 2736 1605 2810 praestare
1625 2731 1708 2813 ipsos

110 2819 261 2882 abbatem
293 2816 430 2904 epistolae
464 2814 645 2899 scriptorem
674 2821 712 2881 ad
746 2820 886 2896 uirtutis,
939 2832 1051 2900 cupere
1064 2818 1193 2880 intanta
1207 2814 1371 2881 crebritate
1385 2816 1549 2899 librorum,
1564 2821 1619 2901 qui
1633 2842 1709 2902 qno-

112 2911 244 2993 ingenii,
264 2911 389 2991 judicii,
406 2911 588 2973 eruditionis
609 2910 789 2992 opinionem
803 2931 887 2975 com·
938 2911 1014 2973 tidie
1028 2908 1084 2972 sub
1107 2926 1237 2972 manum
1250 2910 1287 2972 iis
1308 2918 1490 2989 nascuntur,
1513 2912 1708 2978 animadver-

114 3003 288 3080 mendavit,
304 3008 453 3083 quantam
466 3002 635 3064 maximam
650 3024 758 3087 capere
772 3008 887 3066 morta-
940 3009 1049 3065 teram.
1066 3000 1156 3070 Quod
1181 2998 1290 3082 siquis
1311 3003 1393 3064 vcia
1419 3008 1530 3065 natura
1543 3005 1709 3084 tributum,

112 3095 151 3157 iis
179 3095 314 3161 conditio
347 3100 457 3176 potest.
493 3094 653 3175 Siquidem
685 3097 788 3158 virum
821 3116 889 3159 esse
938 3095 989 3157 vel
998 3096 1099 3158 studio
1114 3112 1149 3156 ac
1161 3089 1321 3174 disciplina
1335 3102 1550 3176 comparatum
1558 3096 1710 3178 ejusmodi

111 3188 259 3263 testatur,
284 3186 551 3249 «extraordinarii
572 3186 732 3267 cujusdam
756 3189 847 3269 pretii
863 3187 885 3263 ¹,
940 3187 1056 3267 aliquid
1076 3188 1213 3262 haberet,
1231 3202 1313 3259 eum,
1330 3193 1495 3268 postquam
1509 3208 1541 3251 se
1567 3191 1605 3251 ad
1618 3189 1710 3251 istam

113 3280 203 3360 cnjus
223 3277 422 3359 profundam,
440 3299 475 3341 ao
500 3278 644 3343 diffusam
668 3276 885 3355 eruditionem,
941 3285 1055 3341 sectam
1069 3280 1711 3362 applicaret,eaquepropinante,tanquam

113 3370 249 3433 sublime
260 3371 432 3449 ingenium,
442 3390 592 3450 magnum
600 3377 630 3434 et
640 3374 798 3454 perspicax
808 3372 889 3453 judi·
941 3384 980 3433 er
1007 3369 1121 3433 ctreaeo
1145 3370 1269 3451 poculo,
1296 3386 1418 3432 venena
1444 3370 1496 3433 illa
1529 3373 1712 3454 dogmatum

114 3462 213 3539 cium,
227 3482 291 3524 non
305 3464 407 3525 solnm
423 3462 531 3541 Gallia,
547 3471 577 3526 et
591 3466 743 3545 quidquid
755 3466 832 3527 inibi
844 3471 890 3527 est
942 3460 1088 3536 ebiberat,
1103 3467 1204 3524 totum
1212 3461 1289 3523 illud
1298 3458 1440 3525 effudisse
1451 3463 1614 3543 paulatim,
1627 3467 1713 3548 peni·

116 3555 342 3636 praeclarorum
366 3556 530 3617 hominnm
551 3557 703 3637 agnoscit,
720 3559 774 3620 sed
795 3559 889 3620 etiam
941 3559 1054 3634 tueque
1067 3548 1245 3634 perdidisse.

116 3642 263 3708 Romana
273 3642 462 3726 jampridem
484 3646 570 3709 curia
590 3668 663 3711 cum
675 3648 792 3712 Urban.
814 3651 889 3711 VIII
983 3646 1049 3708 Hoc
1062 3660 1169 3708 meum
1189 3646 1227 3707 de
1240 3646 1301 3708 illia
1325 3638 1488 3725 judicium,
1506 3648 1713 3729 quorumdam

117 3756 243 3800 summo
255 3737 401 3819 pontifice
415 3739 587 3821 suspexit.»
942 3757 1042 3801 exeo
1070 3756 1163 3820 grege
1190 3736 1433 3815 consuetudine,
1462 3738 1713 3822 experientiaque

159 3826 248 3905 Quod
277 3834 382 3892 antem
414 3830 454 3892 ad
482 3851 551 3894 eam
577 3851 684 3895 rerum
715 3832 890 3895 divinarum
943 3831 1117 3907 collectum,
1138 3826 1216 3893 nihil
1242 3830 1285 3892 sic
1313 3831 1515 3904 confirmarit,
1546 3839 1582 3892 ut
1608 3851 1715 3894 recens

118 3918 278 3984 scientiam
289 3922 400 3986 attinet
410 3921 434 4002 ²,
450 3942 521 4005 quae
531 3922 564 3985 in
578 3924 826 4006 contemplanda,
837 3945 890 3988 cx·
943 3924 1020 3985 iilud
1047 3925 1196 4004 anonymi
1228 3922 1348 3982 abbatis
1382 3918 1570 4001 exemplum.
1608 3924 1716 4003 Neque

117 4014 325 4095 plicandaqne
339 4014 601 4095 gratiaversatnr,
616 4016 795 4079 tantumilli
806 4016 893 4080 eoeie·
943 4035 1017 4078 vero
1044 4015 1230 4095 persuadere
1255 4012 1311 4074 tibi
1340 4012 1430 4074 aliter
1454 4016 1578 4092 poteris,
1608 4016 1633 4075 si
1656 4015 1717 4078 hoo

98 4106 175 4167 stis
201 4104 329 4167 luminis
349 4106 389 4168 ad
416 4127 484 4169 eam
513 4106 745 4189 intelligendam
770 4108 889 4183 tribuit,
945 4107 1069 4188 cogites,
1091 4100 1195 4187 itaque
1208 4104 1421 4167 ratiocinaris:
1447 4122 1597 4183 magnum
1610 4105 1714 4185 irrisae,

119 4204 277 4278 quantum
290 4194 388 4260 cuivis
400 4196 493 4262 hodie
507 4198 595 4262 alteri
610 4206 655 4263 est
668 4196 733 4261 to'ta
746 4201 780 4262 ln
793 4198 894 4263 Eccle·
944 4196 1082 4280 praelatio
1096 4198 1179 4270 dicit,
1194 4197 1228 4257 iu
1241 4196 1350 4257 abbate
1367 4196 1546 4276 ingenium,
1562 4210 1715 4279 magnum

121 4288 168 4351 sia
181 4308 372 4352 concessum.
387 4292 483 4371 Cujus
497 4293 601 4374 itaque
615 4298 661 4354 tot
674 4292 792 4373 ingenii
801 4312 892 4355 orna·
941 4290 1115 4370 judicium3
1138 4294 1206 4349 tum
1225 4302 1351 4348 omnem
1376 4282 1550 4350 excellentis
1569 4288 1716 4354 doctrinas

120 4387 230 4444 menta
242 4376 403 4451 n'enditari
427 4384 637 4465 doctrinaque
656 4378 789 4465 insignia
808 4382 893 4446 vide·
946 4381 1077 4463 copiam,
1094 4387 1260 4460 antequam
1284 4376 1382 4441 Roma
1409 4379 1584 4442 revertisset
1598 4378 1631 4442 in
1645 4382 1717 4445 Gal·

120 4472 208 4551 bam,
218 4474 333 4536 horum
343 4481 520 4556 gustum,et
531 4478 778 4558 experimentum
787 4492 895 4558 capere
946 4470 1385 4549 iiam,lrocestoumnondum
1399 4472 1539 4534 animum
1550 4474 1719 4554 appulisset

121 4560 177 4626 ilio
206 4564 240 4626 in
267 4562 346 4627 libro
373 4562 547 4646 cupiebam,
573 4588 667 4650 quem
694 4588 792 4649 usque
818 4569 895 4630 adeo
947 4568 986 4628 ad
1000 4566 1138 4629 Jansenii
1152 4566 1274 4642 dogma,
1297 4565 1385 4644 cnjus
1399 4584 1438 4627 ne
1461 4584 1578 4627 nomen
1592 4568 1719 4647 quidem

122 4657 279 4718 laudatrix
290 4657 343 4718 illa
355 4656 492 4738 praelatio
506 4658 669 4736 extulit,nt
676 4679 742 4721 non
754 4660 897 4722 minusid
948 4658 1048 4739 perid
1069 4663 1193 4738 tempus
1219 4662 1285 4717 erat
1312 4656 1464 4718 auditum.
1494 4658 1605 4738 Ecquis
1625 4660 1720 4738 igitur

123 4749 222 4829 egisse
235 4750 391 4828 videatur,
417 4758 576 4812 auctorem
589 4758 625 4813 ut
638 4771 677 4814 ex
695 4752 785 4827 libro,
802 4770 898 4833 quam
949 4745 1110 4830 epistolam
1123 4748 1236 4810 deinde
1258 4745 1376 4827 legens,
1392 4767 1463 4811 cum
1477 4748 1601 4811 nullum
1621 4748 1720 4813 bona-

123 4840 244 4902 librum
270 4859 309 4903 ex
336 4846 460 4904 anctore
485 4843 613 4919 clarum,
643 4852 674 4906 et
700 4844 898 4906 nobilitatum
948 4862 1021 4905 rum
1045 4843 1175 4903 istarum
1198 4859 1305 4903 rerum
1332 4842 1366 4902 in
1393 4840 1445 4902 iiia
1471 4842 1648 4921 vestigium,
1666 4844 1720 4905 sed

124 4932 279 4994 redderet.
320 4934 439 4995 Totum
465 4936 561 5015 igitur
586 4953 637 4997 me
670 4936 899 5012 adlegandum
949 4935 1103 4997 contraria
1131 4933 1233 5013 potius
1259 4933 1366 4994 omnia
1383 4930 1631 5014 deprehenderit,
1655 4953 1721 4997 non

126 5024 219 5086 iilum
231 5025 346 5087 librum
361 5027 543 5107 contuli3et‚
559 5030 643 5109 quod
654 5028 782 5110 perinde
791 5034 827 5089 tu
836 5046 898 5106 me,
950 5024 1029 5088 mihi
1052 5022 1157 5087 statirn
1183 5024 1377 5099 assentiatur,
1407 5025 1441 5085 in
1464 5022 1558 5104 hique
1584 5022 1721 5106 epistoioe

126 5137 165 5179 ac
182 5118 322 5197 praelatio
347 5119 477 5181 lectores
496 5121 693 5194 admonebat,
708 5121 806 5182 otiose
826 5139 899 5181 con·
951 5119 1108 5198 scriptore,
1125 5136 1195 5198 quaa
1205 5116 1279 5179 olim
1294 5116 1428 5193 inerant,
1441 5114 1539 5178 animi
1551 5135 1617 5180 esse
1630 5137 1722 5181 orna·

126 5208 296 5289 templatus
318 5227 389 5271 sum
416 5229 660 5293 unamquanqne
681 5216 815 5293 partem.
831 5213 901 5272 Non
952 5215 1058 5273 menta
1071 5208 1124 5271 illa
1136 5208 1283 5273 desiisse?
1303 5207 1378 5272 Mihi
1391 5227 1484 5271 nemo
1497 5214 1614 5272 temere
1627 5206 1722 5272 iidem

129 5301 191 5362 erit
204 5300 272 5368 tibi,
294 5301 416 5381 opinor,
428 5304 607 5379 ingratum,
626 5304 702 5379 imo,
717 5304 799 5383 quod
818 5304 901 5364 uitro
951 5298 1066 5365 habeat
1077 5298 1161 5365 istud
1178 5301 1375 5365 asseveranti.
1391 5298 1488 5381 Legat
1501 5298 1672 5384 epistolam.
1687 5320 1724 5363 ao

130 5412 216 5456 ame
229 5395 355 5474 repetis,
366 5400 398 5456 et
410 5395 497 5476 cuijus
509 5396 608 5477 petia
619 5396 697 5460 illud
707 5396 831 5476 legendi
842 5400 902 5458 ate
954 5408 1056 5476 perse
1070 5394 1134 5476 ipse
1152 5390 1305 5474 judicium
1327 5394 1416 5456 ierat.
1437 5392 1597 5473 Observct,
1612 5411 1675 5474 qua
1684 5393 1723 5455 de

161 5568 173 5613 i
188 5567 254 5615 erat.
269 5568 416 5618 ciust-u
430 5569 486 5615 ibid.
