3934 6172
318 326 391 415 vaas
841 355 1409 420 rasommcoauuooouaron

330 516 865 603 hoopropteraaimampotissimum
874 524 1099 599 conveniat,est
1148 520 1885 603 opritcio,oap.xru⁴rectamhominiafigtuam,st

330 613 437 671 tamen
448 617 480 671 et
489 611 651 695 incorpore
663 616 825 695 proprium
834 616 994 696 quiddam,
1010 616 1099 695 cujus
1147 615 1187 675 ad
1201 614 1315 676 coelum
1334 616 1526 692 tendentem,
1539 615 1673 695 imperii,
1689 633 1726 675 ac
1741 617 1882 694 potestatis,

331 701 430 780 gratia
441 703 559 766 dicatur
573 706 613 768 ad
634 707 803 786 imaginem
818 709 872 770 llei
893 726 957 770 esse
969 709 1095 770 factum.
1147 711 1179 768 et
1191 707 1454 786 ragiescujusdam
1461 707 1885 785 dignitatisargumeutumesse
1901 712 1939 749 ’111

196 804 274 869 sorar
332 793 474 854 Primum
488 802 604 859 statura
622 799 689 878 ipse
711 800 824 862 coelum
847 818 954 862 vorsus
976 806 1097 876 erecta;
1148 798 1268 867 scribit,
1294 818 1366 861 oum
1392 818 1409 861 e
1432 798 1587 861 mnirario
1613 797 1781 859 animantia
1799 805 1928 862 anund

162 859 302 968 ρὲῗῖζῖἷζ.
331 889 400 946 tum
416 886 526 965 ligura,
546 890 809 971 conformatioque
823 893 1048 967 membrorum,
1064 911 1100 954 ae
1147 893 1348 970 praemetiu
1359 898 1477 954 terram
1488 892 1668 972 spectantia,
1691 891 1887 954 servitutemet

200 964 266 1010 ⁸¹⁰³*
330 981 396 1039 tcta
408 980 527 1058 speeies
539 982 670 1062 imperio
684 983 790 1063 digna,
812 985 847 1045 in
860 1004 923 1065 quo
943 984 1100 1065 praecipua
1147 984 1440 1046 summissionemeo
1454 983 1563 1045 habitu
1571 988 1731 1044 testemur.
1740 983 1887 1057 Qumetim

330 1067 376 1130 vis
389 1071 568 1150 imaginisa
585 1075 738 1154 plerisque
760 1076 898 1155 ponitur.
921 1077 1100 1139 Aristoteles
1148 1092 1261 1137 manns
1279 1076 1322 1137 ait
1342 1077 1381 1137 ad
1399 1076 1576 1137 facultatem
1601 1075 1760 1152 sermonis,
1774 1081 1802 1136 et
1815 1094 1887 1138 unm

330 1180 454 1242 qaoque
471 1162 606 1227 formam
627 1168 759 1228 humani
772 1170 909 1248 eorporis
921 1170 961 1230 ad
974 1169 1101 1231 intellli-
1148 1166 1205 1227 soli
1229 1168 1351 1230 bomini
1372 1186 1530 1230 concessas
1546 1167 1652 1230 fuisse.
1676 1167 1765 1245 Nam
1778 1168 1831 1228 nisi
1849 1187 1888 1230 eas
1941 1178 1942 1197 ¹

330 1256 479 1334 gentiam,
493 1275 529 1318 ae
543 1258 738 1338 sapientiam,
753 1261 838 1338 quod
858 1260 1001 1322 omnium
1018 1261 1098 1322 divi·
1147 1260 1326 1338 accepisset,
1347 1260 1461 1340 quibus
1480 1259 1642 1340 pabulum,
1660 1259 1767 1321 atalia
1787 1261 1888 1322 tuende
1941 1326 1942 1335 ς

330 1347 494 1409 nissimum
520 1356 575 1421 est,
599 1352 866 1415 accommodatum
888 1371 952 1414 esse
971 1354 1097 1415 scribit:
1146 1350 1219 1413 vitea
1232 1353 1407 1414 necessaria
1415 1358 1619 1433 compararet,
1635 1351 1697 1413 alia
1710 1352 1889 1432 vultusatque

333 1441 491 1501 «Rectum
507 1448 563 1519 est,
585 1443 697 1523 inquit,
722 1444 824 1506 solum
843 1446 903 1507 hoe
922 1446 1039 1507 animal
1061 1464 1100 1508 ex
1148 1445 1210 1507 oris
1229 1444 1472 1507 conformatione
1495 1463 1574 1525 opus
1597 1444 1763 1519 habuisset,
1785 1464 1817 1506 ac
1837 1451 1889 1505 tun

295 1598 302 1614 ,
330 1532 485 1610 omnibus,
499 1552 536 1595 eo
555 1537 764 1614 quadratura
784 1537 862 1616 ejus,
878 1544 909 1599 et
927 1537 1100 1600 substantia
1148 1534 1283 1613 oblongo
1296 1539 1407 1608 rostro,
1415 1539 1484 1595 tum
1492 1533 1648 1606 dentibus,
1657 1538 1689 1594 et
1701 1533 1889 1611 linguanae
1941 1540 1942 1617 l

330 1624 498 1687 divinasit.
515 1627 612 1690 Porro
626 1647 704 1708 opus
718 1630 796 1708 epus,
815 1630 897 1709 quod
916 1630 1101 1691 estdivinis·
1147 1627 1262 1706 risque,
1278 1625 1393 1706 quibus
1406 1625 1446 1685 ad
1468 1624 1660 1705 loquendum
1678 1624 1802 1701 utimur,
1818 1624 1889 1703 longa
1941 1622 1942 1695 l

328 1715 454 1790 simum,
469 1718 643 1798 intelligere
654 1727 712 1797 est,
733 1739 769 1782 ao
782 1739 901 1802 sapere.
916 1723 982 1783 Hoc
995 1729 1100 1784 autem
1148 1717 1348 1780 dissimilibus
1368 1717 1516 1778 membris
1535 1717 1736 1780 instruendus
1755 1717 1890 1791 inbuta
1941 1714 1942 1769 l

328 1827 394 1871 non
407 1815 452 1871 est
465 1810 564 1882 facile,
576 1813 602 1875 si
610 1819 697 1875 vasta
706 1813 844 1893 eorporis
857 1813 955 1876 moles
968 1816 1101 1895 desuper
1148 1811 1285 1872 adhunc
1298 1827 1391 1872 usum
1404 1810 1527 1890 ineptis.

328 1900 532 1966 incumberet.
545 1906 625 1965 Nam
637 1906 771 1984 gravitas
780 1906 949 1968 tardiorem
962 1914 1099 1969 mentem
1188 1902 1338 1981 Denique,
1362 1902 1447 1981 quod
1469 1901 1507 1962 ad
1527 1918 1640 1981 eorpus
1658 1899 1797 1982 1111111161,
1818 1898 1890 1959 1111111
1941 1900 1942 1927 ’

328 1993 440 2069 reddit,
458 2014 646 2076 sensumque
665 2008 899 2059 communem
912 2021 928 2057 ι)
1149 1992 1360 2056 similitudinis
1380 2011 1452 2055 cum
1470 1994 1534 2055 Deo
1556 1992 1712 2054 rabonem
1731 1990 1890 2071 Augrntinos

194 2096 305 2161 amus⁸
370 2084 450 2145 Vlll.
468 2087 627 2166 Imprimis
638 2094 743 2150 autem
755 2107 907 2169 magnum
916 2091 975 2151 hoo
989 2091 1099 2151 inani-
1148 2086 1247 2166 aperit
1260 2084 1283 2162 ¹,
1298 2103 1394 2166 quarn
1408 2086 1442 2147 in
1461 2085 1550 2147 beata
1564 2085 1786 2147 resurreetione
1802 2100 1891 2145 mase-
1941 2094 1942 2147 ι

162 2150 307 2248 ¹¹⁰,¹¹¹„¹,¹¹,{,;⁰¹¹
330 2176 406 2237 mali
424 2177 596 2256 sapientiae,
626 2180 819 2260 solertiaque
845 2187 918 2242 sunt
949 2181 1100 2244 indicium
1148 2196 1292 2258 quemur,
1310 2196 1394 2251 rum,
1410 2177 1685 2254 utaitloannes¹,
1701 2176 1891 2238 simileoeim‘·

331 2270 485 2331 manasei
508 2270 548 2331 ab
570 2277 683 2333 natura
703 2273 760 2335 soli
778 2273 914 2350 tribute,
929 2275 1006 2335 adeo
1031 2296 1047 2333 α
1065 2281 1101 2336 ut
1148 2289 1226 2345 ιαανς
1242 2270 1326 2350 quod
1341 2270 1435 2331 etiam
1448 2270 1486 2330 de
1495 2288 1625 2350 corpore
1637 2276 1765 2332 eatenus
1775 2266 1891 2347 usurpat

330 2368 494 2441 propterea
518 2365 660 2425 omnium
688 2384 753 2426 esse
779 2366 1010 2446 sagacissimum
1037 2368 1100 2428 ani·
1147 2368 1258 2443 potest,
1280 2363 1363 2442 quod
1392 2362 1506 2423 Christi
1527 2361 1774 2425 conformatum
1796 2358 1891 2440 corpori

329 2454 483 2516 mantiam
496 2455 658 2517 hominem
668 2457 781 2518 dixerit
796 2458 1005 2537 Anaxagoras,
1016 2461 1100 2538 quod
1148 2455 1291 2516 futurum
1320 2459 1375 2528 est,
1405 2455 1672 2534 quemadmodum
1698 2460 1729 2516 et
1757 2450 1891 2534 apostola
1941 2476 1942 2487 ν

331 2563 442 2607 manus
455 2547 576 2610 habeat.
603 2570 618 2606 υ
644 2549 702 2610 Sed
714 2549 1098 2627 hocinvartitdristoteles,
1148 2546 1299 2627 significat
1327 2546 1460 2608 voluisse
1480 2548 1579 2608 Deum
1594 2545 1618 2620 ⁸,
1643 2564 1701 2609 nos
1717 2568 1729 2604 ι
1748 2544 1891 2607 conformes

335 2658 351 2697 α
370 2639 470 2718 magis
491 2658 556 2701 esse
577 2646 820 2702 consentancum
842 2642 957 2720 dicens,
972 2650 1008 2703 ut
1027 2644 1099 2722 quia
1147 2638 1219 2718 fieri
1233 2639 1370 2720 imaginis
1383 2637 1448 2719 filit
1460 2639 1517 2713 aui,
1533 2645 1567 2701 ut
1581 2639 1623 2700 sit
1638 2639 1704 2720 ipse
1713 2639 1891 2720 primopeaitrr

331 2730 607 2809 prudentissimum
640 2737 687 2793 est
725 2733 908 2794 animalium
945 2736 1098 2813 omnium,
1149 2729 1309 2790 incinitis
1335 2729 1489 2811 (retritis.
1519 2731 1579 2793 Sed
1597 2730 1660 2793 hoc
1685 2732 1773 2792 modo
1794 2735 1891 2790 notun

330 2841 442 2885 manus
452 2824 498 2887 illi
511 2825 591 2886 data.
609 2824 735 2886 ineunt.
757 2827 867 2887 Manus
886 2827 970 2887 enim
983 2828 1098 2889 instru—
1147 2821 1213 2883 filio
1228 2822 1346 2885 similes
1358 2823 1495 2899 erimus;
1511 2845 1526 2881 a
1539 2824 1615 2903 quia
1625 2823 1712 2885 solus
1724 2824 1757 2883 in
1767 2822 1891 2882 Trinitate

331 2921 473 2977 mentum
492 2922 565 2977 sunt
588 2917 770 2997 accipiendi,
791 2918 888 2980 Porro
913 2923 1023 2980 natura
1044 2920 1097 2998 sic,
1147 2932 1259 2995 eorpus
1282 2915 1412 2994 aceepit,
1439 2915 1473 2977 in
1494 2934 1557 2995 quo
1576 2922 1722 2978 mortuus
1741 2911 1889 2983 resurrexit,

330 3013 480 3087 tanquam
494 3009 630 3088 prudens
643 3009 750 3083 bomo,
770 3008 869 3071 iecore
887 3010 974 3086 solet,
990 3011 1029 3087 ei,
1046 3012 1100 3090 qui
1147 3010 1240 3084 atque
1253 3005 1335 3069 idad
1347 3025 1483 3086 superna
1496 3008 1646 3087 pervexit,
1665 3030 1681 3067 υ
1700 3011 1735 3068 ut
1746 3006 1847 3067 ibidem
1859 3002 1891 3061 ait

331 3099 377 3159 uti
389 3102 763 3181 potest,sempertribuit;
779 3108 815 3163 nt
828 3103 930 3181 ei,qui
938 3103 1004 3181 jam
1013 3103 1099 3165 tibias
1147 3098 1352 3178 Augustinus.

331 3192 450 3270 peritus
472 3193 521 3267 sit,
543 3195 658 3255 rectius
686 3201 732 3256 est
754 3194 862 3255 tibiam
891 3195 975 3271 dare,
1004 3215 1099 3275 quam
1187 3192 1714 3272 Adheeeautemillustranda,quae
1727 3186 1889 3266 damonae
1941 3170 1942 3253 l

331 3282 441 3345 tibiam
453 3284 800 3349 habentitibiaeancudi
814 3286 1095 3349 seientiamdare⁰o
1147 3300 1183 3344 aa
1196 3283 1398 3346 similitudine
1411 3284 1487 3360 dixi,
1498 3285 1589 3363 Juvat
1606 3284 1722 3365 Eurysi
1736 3277 1891 3363 Pythagorei

330 3375 402 3436 lam
415 3383 451 3436 ut
465 3376 548 3441 idem
558 3377 688 3439 subinde
701 3378 817 3452 scribit,
833 3399 849 3436 a
858 3378 912 3457 qui
921 3379 1098 3458 prudentis·
1147 3375 1333 3437 sententiam
1355 3376 1404 3436 his
1417 3381 1554 3438 attexere
1567 3377 1662 3438 Masis
1675 3375 1783 3442 verbis,
1808 3377 1835 3432 et
1852 3369 1890 3441 iis,
1941 3366 1942 3439 l

332 3466 428 3528 simus
441 3474 497 3541 est,
510 3470 537 3529 is
550 3470 787 3551 quamplurimis
800 3470 1099 3533 riteataturinstrn-
1147 3484 1217 3545 quaa
1230 3467 1889 3549 deeorporeposui,apprimecongrueutem;

332 3559 456 3620 mentis.
481 3562 536 3621 Est
557 3567 662 3622 autern
688 3580 800 3623 manus
827 3581 892 3623 non
921 3563 1099 3624 uniusmodi
1147 3557 1202 3637 qui
1229 3559 1353 3638 scripsit
1381 3560 1414 3619 io
1440 3559 1496 3621 lib.
1521 3559 1556 3620 de
1576 3559 1723 3637 Fortuna,
1741 3554 1891 3636 aOpilirem
1941 3582 1942 3653 ρ

332 3650 585 3728 instrumentum,
610 3654 664 3714 sed
692 3655 801 3715 multa.
826 3656 880 3713 Est
907 3654 993 3715 enim
1014 3655 1099 3717 velut
1148 3650 1247 3729 seipso
1260 3655 1400 3712 utentem
1418 3652 1600 3730 exemplari,
1617 3651 1725 3713 fflsslsse
1738 3648 1890 3713 llssmlflffli
1941 3656 1942 3727 i

332 3742 574 3806 instrumentum
600 3751 672 3807 ante
692 3746 908 3808 instrumenta.
933 3746 1031 3824 lgitau
1056 3750 1096 3824 ei,
1147 3741 1382 3804 tabernaculum
1402 3749 1507 3805 autem
1533 3742 1573 3823 (id
1590 3749 1636 3804 est
1656 3741 1775 3825 eorpus)
1797 3734 1892 3800 catera

332 3836 387 3915 qui
411 3836 560 3915 plurimas
582 3844 663 3899 artes
685 3855 793 3917 cepere
814 3843 926 3918 posset,
948 3838 1099 3916 ejusmodi
1146 3834 1257 3910 simile,
1272 3841 1379 3915 utpote
1399 3855 1438 3897 aa
1461 3835 1571 3897 eadem
1592 3836 1725 3897 materia
1746 3832 1891 3927 conditum
1941 3844 1942 3923 ρ

332 3928 440 3990 datum
458 3948 477 3990 a
496 3935 609 3991 natura
623 3935 669 3992 est
684 3930 938 4006 instrumentum,
955 3931 1038 4010 qnod
1060 3930 1100 3993 ad
1149 3944 1259 3987 verum
1285 3927 1324 3987 ab
1346 3929 1464 4007 optimo
1490 3928 1687 3989 eleboratum
1710 3926 1827 3997 artilioe,
1851 3934 1893 3997 qul
1941 3946 1942 3995 ι

332 4021 555 4101 plurimaesset
566 4023 743 4085 idoneumr.
758 4045 774 4082 o
1149 4018 1227 4083 illud
1241 4019 1367 4081 molitus
1384 4027 1440 4098 est,
1456 4020 1616 4100 exemplar
1636 4020 1784 4083 adhibens
1802 4013 1892 4077 mmet·
1941 4020 1942 4103 ¹

372 4104 536 4183 Gregorius
563 4104 720 4184 Nyssenns
742 4104 777 4167 in
803 4103 884 4167 libro
908 4103 943 4167 de
961 4105 1100 4169 Hominis
1150 4109 1253 4191 ipsum
1272 4120 1295 4172 1.
1318 4133 1334 4171 ο
1941 4120 1942 4149 1

370 4337 391 4377 ιι
410 4323 500 4378 larsa.
515 4323 563 4380 lib.
575 4324 611 4381 lV
626 4323 663 4380 de
677 4328 765 4380 Part.
781 4328 873 4381 noim.
890 4341 950 4398 cap.
963 4344 990 4382 n.
1015 4326 1102 4400 Ὀρθὸν
1151 4331 1291 4402 προσθεῖναι
1303 4329 1445 4401 αὐλητικήν.

335 4403 378 4476 μὲν
392 4406 439 4477 γάρ
454 4404 505 4459 ἔστι
520 4408 594 4478 μόνον
608 4412 658 4460 τῶν
672 4408 754 4474 ζώων,
769 4407 810 4462 διὰ
824 4409 852 4464 ιδ
866 4407 910 4476 τὴν
930 4410 999 4481 φύσιν
1016 4410 1101 4476 αὐτοῦ,
1186 4430 1201 4469 α
1220 4413 1289 4470 ibid.
1314 4412 1347 4466 Ὀ
1358 4414 1406 4487 γὰρ
1420 4417 1608 4488 φρονιμώτατος
1623 4416 1747 4478 πλείστοις
1761 4416 1787 4467 ἂν
1802 4408 1893 4483 egeas
1941 4424 1942 4427 ’

333 4487 374 4540 καὶ
389 4487 433 4556 τὴν
454 4483 537 4541 stolas
562 4482 624 4542 εἶναι
647 4490 722 4544 θείαν.
742 4489 814 4562 ἔργον
828 4491 854 4545 δὲ
868 4496 912 4546 τοῦ
936 4493 1061 4547 θειοτάτου
1073 4494 1103 4548 rb
1150 4495 1275 4570 ἐχρήσατο
1287 4498 1402 4567 reddet
1418 4497 1444 4552 bl
1459 4498 1604 4572 >calpiensis
1619 4493 1683 4553 εἶναι
1700 4497 1780 4572 elpis
1798 4494 1892 4565 ὄργνιων

333 4572 411 4634 νοεῖν,
423 4570 464 4623 καὶ
479 4572 585 4642 φρονεῖν·
599 4576 672 4625 τοῦτο
690 4570 717 4625 δὲ
734 4570 762 4624 ot
777 4573 860 4645 ῥᾴδιον
874 4576 968 4629 πολλοῦ
983 4580 1026 4630 τοῦ
1037 4577 1102 4630 ἅνω-
1151 4578 1217 4634 etta
1229 4580 1326 4647 πολλά,
1346 4578 1396 4634 ἔστι
1410 4581 1458 4654 γὰρ
1478 4582 1584 4654 ὡσπερεὶ
1604 4582 1711 4654 ὄργανον
1731 4580 1776 4652 πρὸ
1793 4574 1891 4649 ὄργᾶΜ·

332 4654 371 4709 θεν
381 4651 531 4726 ἐπικειμένου
545 4655 670 4725 σώματος·
686 4654 715 4708 rb
730 4654 778 4727 γὰρ
792 4657 867 4729 βάρος
882 4660 1024 4729 δυσκίνητον
1038 4662 1108 4714 ποιεῖ
1152 4667 1188 4734 τῷ
1214 4656 1256 4715 οὖν
1279 4663 1395 4725 πλείστας
1414 4664 1542 4737 δυναμένῳ
1570 4663 1682 4727 δέξασθαι
1704 4665 1801 4736 τέχνας,
1820 4656 1844 4710 13
1863 4651 1893 4705 lii
1941 4682 1942 4697 ¹

332 4736 376 4805 τὴν
390 4736 509 4801 διάνοιαν,
524 4735 565 4789 καὶ
579 4736 622 4804 τὴν
633 4736 716 4804 κοινὴν
731 4736 852 4806 αἴσθησιν.
1151 4745 1255 4799 πλοῖα-τα
1268 4751 1317 4801 τῶν
1332 4745 1443 4818 ὀργάνων
1458 4745 1580 4820 χρήσιμον
1591 4746 1636 4814 τὴν
1650 4748 1722 4820 χεῖρα
1735 4733 1893 4801 &submi

368 4819 385 4877 b
403 4821 495 4877 hassa.
518 4818 583 4877 ibid.
608 4818 772 4892 Ἀναξαγόγας
791 4821 834 4893 μὲν
853 4816 895 4876 οὖν
918 4842 991 4894 φησι,
1014 4825 1055 4879 διὰ
1074 4826 1103 4881 ab
1151 4827 1232 4900 φύσις.

332 4904 417 4981 χεῖρας
430 4903 506 4976 ἔχειν,
521 4905 706 4977 φρονιμώτατον
724 4896 785 4965 εἶναι
799 4911 850 4960 τῶν
863 4907 936 4970 ζώων
953 4906 995 4962 τδν
1009 4908 1102 4980 ἄνδρα·
1186 4910 1209 4967 d
1226 4912 1314 4968 Gaas.
1332 4912 1413 4972 Nisa.
1431 4910 1533 4985 ’Ὀρθοον
1550 4911 1577 4966 bl
1591 4917 1627 4986 τῷ
1644 4911 1763 4984 ἀνθρώπῳ
1774 4908 1800 4962 τὸ
1815 4907 1891 4977 ⁰1le

332 4985 501 5059 ποντῦλογον
521 4985 557 5050 δὲ,
570 4986 651 5042 διδτδ
664 4988 850 5061 φρονιμώτατον
875 4985 938 5044 εἶναι
955 4996 1006 5047 τῶν
1020 4992 1101 5057 ζώων,
1151 4996 1192 5048 καὶ
1210 4996 1271 5069 πρὸς
1296 4994 1339 5050 aba
1360 4993 1465 5068 οδρανόν
1486 4994 1653 5060 ἂναττίνιτατ,
1681 4995 1721 5048 ταὶ
1744 4992 1793 5045 ἕνα
1815 4986 1891 5059 illm·
1941 5056 1942 5065 ρ

333 5071 417 5143 χεῖρας
430 5069 506 5143 ἔχειν.
521 5075 565 5124 τοῦ
579 5071 711 5143 λαμδάνιιν
726 5071 773 5145 γὰρ
787 5076 869 5146 χεῖρες
885 5074 990 5147 ὄργανόν
1006 5073 1102 5142 sistat
1151 5076 1241 5152 ἄρχιαὰ
1260 5080 1302 5132 καὶ
1324 5083 1419 5146 ταῦτα,
1441 5080 1484 5135 καὶ
1505 5079 1551 5148 τὴν
1566 5076 1692 5152 βασιλικὴν
1706 5074 1771 5139 &litt
1786 5063 1893 5139 111111μῂ
1941 5140 1942 5143 ,

333 5152 360 5207 δὲ
382 5152 451 5225 φύσις
472 5153 513 5206 καὶ
527 5152 565 5207 dd
580 5156 695 5228 διανέμει,
714 5157 821 5228 καθάπερ
835 5158 961 5230 ἅνθρωπος
973 5159 1101 5230 φρόνιμος,
1151 5178 1237 5229 νοντα,
1252 5168 1306 5218 eto.
1941 5222 1942 5225 ,

333 5241 370 5307 τῷ
384 5236 512 5309 δυναμένῳ
531 5238 634 5309 χρῆσθαι
653 5238 766 5295 ἕκαστον·
790 5241 907 5312 προσήκει
920 5240 968 5313 γὰρ
990 5246 1027 5313 τῷ
1050 5241 1103 5296 ὄντα
1188 5259 1203 5300 e
1220 5244 1345 5302 Euenus
1361 5245 1436 5317 apud
1457 5245 1546 5303 (ilem.
1569 5245 1649 5303 Alex.
1666 5244 1688 5302 V
1703 5245 1804 5299 seron.
1822 5226 1890 5292 '⁰6¹'

333 5317 427 5393 αὖλητῇ
455 5323 539 5374 δοῦναι
562 5321 658 5393 μᾶλλον
684 5321 782 5388 atton,
809 5323 880 5395 ἣτῷ
900 5322 997 5386 ἀὐλοὺς
1020 5322 1103 5396 ἔχοντι
1151 5331 1188 5398 τῷ
1201 5327 1258 5401 cept
1277 5328 1353 5402 τύχας
1375 5328 1419 5383 aba
1441 5328 1591 5401 δημιουργὸν
1605 5328 1684 5399 φήσας
1702 5322 1767 5394 “liti
1784 5317 1890 5393 W
1941 5344 1942 5365 ¹

361 5512 372 5557 1
387 5510 436 5559 llb.
447 5511 529 5557 ntae
543 5511 604 5557 trin.
616 5524 665 5568 cap.
675 5523 764 5558 anu·
777 5512 791 5557 t
803 5512 812 5556 Ι
824 5514 887 5559 losa
899 5512 987 5558 tra-8
997 5513 1057 5558 nona
1071 5512 1190 5568 sunm
1201 5512 1211 5558 l
1221 5513 1272 5561 der.
1283 5523 1340 5559 sua·
