3932 6172
347 419 409 481 300
862 409 1186 478 recommonens
1206 413 1425 480 multarunt
1494 418 1497 425 ’

347 585 478 662 donem,
502 589 533 645 et
563 582 743 645 uiolentiam
776 587 936 659 asserunt;
971 581 1115 661 idemque
1164 581 1353 645 necessitatis
1366 600 1465 664 genus
1478 583 1605 665 aliquod
1627 581 1749 659 confici,
1764 580 1916 660 designari-

349 677 464 738 Graecis
477 694 513 737 ac
526 675 642 736 Latinis
664 676 806 738 Patribus
818 676 927 753 videri,
942 674 1116 737 multorum
1164 690 1226 753 que
1240 675 1394 755 spermit3
1420 677 1482 738 tale
1496 694 1562 739 esse
1576 675 1695 745 debuit,
1719 675 1918 755 cujussperias
1962 678 1963 753 l

348 768 448 829 allatis
460 767 618 830 sententiis
627 768 811 849 approbant,
825 787 890 831 non
903 774 1009 831 autem
1018 768 1117 831 deter-
1164 766 1345 829 utinvicem
1365 774 1552 849 pugnantes,
1573 768 1675 830 sedin
1698 767 1918 845 codcmgenere
1962 764 1963 849 l

348 860 552 922 minationem
563 861 603 923 ad
616 879 727 924 unum.
741 862 786 924 Ae
795 880 861 942 proe
870 861 987 923 ceteris
996 862 1116 941 Augus·
1164 860 1500 923 conrenientesessent.
1516 863 1557 922 At
1566 860 1611 922 illi
1624 877 1724 940 genus
1736 859 1822 921 istud
1832 858 1918 938 ipsun

348 952 450 1013 enum
464 952 508 1014 iu
526 953 640 1015 seuere
654 953 773 1027 volunt,
801 953 915 1034 «quoa
933 953 998 1015 sou
1011 954 1116 1039 viden
1164 951 1376 1014 necassem
1403 971 1468 1015 aas
1489 952 1599 1014 volunt
1625 956 1793 1032 aeganem
1814 967 1848 1011 ae
1863 950 1917 1011 aa
1962 932 1963 1027 l

348 1057 397 1106 eet
424 1046 588 1106 necessitas
612 1046 667 1107 illa
684 1045 840 1122 violenta,
871 1045 929 1107 snb
946 1063 1010 1125 qua
1031 1044 1114 1107 arbi-
1163 1044 1298 1121 lentam;
1318 1052 1349 1107 et
1361 1046 1420 1106 hoc
1431 1046 1545 1126 passim
1558 1049 1704 1125 repetunt
1722 1050 1755 1105 et
1767 1041 1916 1120 incolunt,

347 1138 443 1198 trium
453 1138 617 1218 premitur,
632 1142 725 1218 atque
739 1137 871 1218 cogitur,
882 1155 937 1198 seu
951 1138 1116 1200 necessitas
1163 1138 1389 1215 necessitatem,
1411 1156 1482 1218 quse
1495 1138 1534 1198 ab
1548 1136 1684 1216 antiquis
1704 1134 1841 1197 libertati
1858 1153 1919 1195 rou·
1962 1142 1963 1227 p

348 1229 525 1307 coactionis,
545 1230 681 1291 libertati
707 1229 825 1291 arbitrii
845 1229 1035 1306 adversetur,
1050 1249 1116 1292 non
1163 1230 1259 1290 traria
1272 1231 1409 1309 ponitur,
1428 1230 1620 1303 subilasse,
1639 1228 1698 1288 nisi
1724 1228 1792 1288 vim
1805 1231 1836 1288 et
1850 1245 1919 1288 coac
1962 1232 1963 1301 1

348 1327 452 1382 autem
467 1321 757 1383 determinationem
774 1321 815 1382 ad
836 1338 979 1381 unum.»
998 1323 1116 1383 Atrur-
1165 1320 1321 1382 tionem.»
1351 1322 1448 1383 Porro
1467 1321 1525 1381 sub
1548 1322 1608 1382 hoc
1621 1336 1737 1400 genere
1760 1320 1839 1380 duas
1849 1336 1918 1379 com·
1962 1314 1963 1397 ξ

347 1431 399 1474 sus
412 1413 507 1474 iidem
527 1419 672 1475 naturam
690 1414 796 1487 etiam,
818 1419 850 1474 et
862 1414 905 1488 id,
926 1413 1009 1492 quod
1022 1418 1114 1475 natu·
1164 1413 1342 1492 plectuntur
1356 1414 1496 1494 species:
1519 1413 1649 1474 alteram
1662 1416 1796 1492 quaeest
1813 1415 1917 1482 natum,
1962 1402 1963 1475 i

347 1504 412 1566 rale
438 1509 495 1581 est,
523 1506 625 1567 eidem
650 1508 767 1586 opponi
792 1504 929 1567 libertati
952 1510 1113 1568 statuunt.
1165 1510 1196 1566 et
1208 1506 1360 1586 quidquid
1382 1505 1565 1567 naturaliter
1587 1505 1634 1581 iit,
1649 1510 1685 1566 ut
1706 1503 1833 1577 nutmri,
1854 1521 1918 1563 oes-

347 1597 443 1677 Atqui
455 1602 574 1658 naturae
587 1597 761 1672 necessitas,
776 1602 936 1673 eteorum,
947 1602 1116 1676 quaenatu-
1163 1615 1237 1672 ccre,
1254 1597 1395 1673 domnice,
1419 1598 1515 1659 cicere
1536 1598 1690 1658 ocimum:
1706 1597 1847 1669 alteram,
1861 1613 1917 1674 que
1962 1594 1963 1643 l

348 1689 465 1764 naliter,
489 1688 521 1749 id
546 1694 591 1750 est
611 1688 804 1750 naturalibus
819 1693 850 1750 et
863 1687 1063 1749 interioribus
1076 1707 1116 1750 ex
1164 1708 1266 1769 neque
1281 1696 1394 1752 natura
1406 1696 1464 1765 est,
1479 1707 1580 1769 neque
1597 1688 1742 1750 naturale
1763 1687 1916 1767 quippiam,
1962 1694 1963 1775 l

347 1780 506 1861 principiis
522 1781 613 1857 liunt,
629 1799 695 1842 non
715 1780 845 1858 estalia,
860 1798 955 1860 quam
969 1780 1009 1843 ad
1024 1800 1116 1843 unum
1163 1783 1277 1843 aeduis
1297 1783 1384 1844 illata
1405 1788 1536 1859 nauum,
1558 1781 1660 1861 qualis
1687 1798 1757 1842 esse
1776 1778 1918 1859 potest,si

347 1872 562 1949 determinatio,
578 1892 675 1954 eaque
689 1876 863 1935 communis
875 1877 997 1933 cattam
1009 1891 1115 1936 neces·
1164 1875 1234 1954 quis
1254 1874 1417 1952 vinciatur,
1436 1881 1492 1935 aut
1513 1872 1727 1953 protrudatur,
1753 1890 1790 1933 ac
1802 1887 1918 1950 preceps

348 1965 431 2025 sitati
454 1964 597 2044 simplici,
621 1982 717 2046 quam
736 1982 807 2043 quse
828 1963 1117 2027 absoluteviolenta
1164 1967 1336 2046 dejiciatur,
1349 1971 1418 2027 tum
1441 1966 1550 2027 eadem
1563 1964 1687 2040 illavis,
1706 1981 1780 2043 quae
1793 1962 1917 2023 volunta·
1962 1970 1963 2027 l

347 2056 540 2116 nominatur.
1164 2063 1228 2119 tem
1239 2063 1372 2136 cogeret,
1399 2058 1425 2118 si
1438 2058 1507 2137 cogi
1526 2062 1639 2136 posset,
1659 2055 1779 2126 «Hac,
1803 2052 1916 2131 inquis,

387 2147 468 2208 XIX.
484 2147 563 2221 Quid
574 2154 679 2210 autem
694 2146 943 2223 abomnisensn,
958 2148 1116 2210 stratione
1164 2149 1330 2213 necessitas
1351 2148 1431 2230 (quae
1453 2149 1597 2221 unirsrse
1623 2145 1759 2209 libertati
1784 2144 1917 2206 coenans
1962 2142 1963 2213 i

347 2238 446 2318 magis
464 2239 599 2300 alienum
625 2245 682 2314 est,
702 2255 796 2318 quam
815 2256 887 2298 cum
912 2239 974 2299 duo
995 2239 1058 2300 sint
1077 2258 1116 2301 ex
1164 2248 1221 2319 est,
1245 2260 1366 2323 eumque
1385 2239 1520 2323 perimit)
1541 2239 1628 2300 valde
1651 2237 1807 2314 generalis
1822 2240 1917 2308 estet
1962 2224 1963 2311 l

347 2329 476 2392 adverso
491 2331 625 2392 invicem
643 2330 756 2410 posita,
777 2334 808 2390 et
827 2330 1010 2408 pugnantia,
1026 2336 1116 2392 notu·
1164 2333 1223 2395 sub
1236 2351 1273 2397 ea
1285 2334 1442 2396 naturales
1463 2350 1572 2393 omnes
1584 2332 1719 2410 impetus
1731 2327 1917 2407 compraben

346 2421 423 2497 rate,
438 2430 469 2485 et
479 2422 651 2500 violentum,
662 2439 796 2502 eumque
808 2422 921 2483 horum
935 2423 1117 2486 utrumlibet
1165 2426 1223 2503 dit,
1245 2426 1383 2507 quinon
1401 2429 1530 2504 possunt
1542 2422 1674 2483 volendo
1693 2419 1847 2500 impediri.
1861 2419 1915 2479 sln
1962 2416 1963 2477 l

346 2515 472 2577 nonnisi
505 2516 678 2577 remotione
704 2513 844 2591 alterius,
879 2532 915 2576 ac
948 2516 1116 2594 negatione
1164 2535 1227 2597 quo
1241 2517 1411 2579 absmdum
1430 2514 1508 2576 illud
1522 2520 1554 2575 et
1575 2514 1741 2589 absonum,
1755 2512 1842 2591 quod
1851 2511 1915 2572 dixi·

347 2605 470 2667 deiiniri
491 2606 603 2687 possit;
628 2605 684 2687 (est
704 2606 788 2667 enim
802 2605 975 2667 violentum
986 2606 1018 2667 id
1032 2609 1116 2687 quod
1162 2626 1245 2686 mus,
1261 2614 1399 2690 apparet,
1415 2614 1461 2682 ut,
1480 2623 1553 2669 cum
1566 2604 1700 2666 naturali
1713 2602 1871 2665 obtenturo
1884 2603 1916 2662 sit
1962 2604 1963 2695 p

348 2711 393 2759 est
416 2702 524 2760 contra
549 2703 705 2775 naturam,
734 2702 765 2759 et
791 2696 1026 2758 inclinationem
1052 2700 1113 2775 rei;
1165 2700 1366 2770 contrarium,
1401 2704 1571 2777 utrumque
1597 2702 1703 2758 tamen
1731 2694 1793 2756 sub
1824 2695 1915 2756 codem
1962 2714 1963 2759 ι

346 2789 489 2851 naturale
502 2790 545 2866 id,
570 2790 653 2869 quod
674 2794 720 2851 est
743 2789 915 2851 secundum
931 2789 977 2850 rei
989 2790 1117 2853 inclina·
1164 2792 1444 2873 comprehendatur
1465 2806 1581 2871 genere
1601 2787 1742 2849 violenti.
1768 2786 1856 2861 Quod
1871 2804 1914 2866 pe

346 2881 483 2959 tionem,
519 2899 577 2943 nec
611 2886 658 2942 cst
690 2876 886 2961 violentum)
922 2897 994 2942 cum
1026 2881 1113 2958 hnc,
1163 2881 1309 2959 rindelit
1335 2903 1371 2946 ac
1388 2883 1414 2944 si
1439 2882 1509 2962 quis
1533 2881 1682 2957 uirturtem
1703 2876 1913 2939 etvitinmsui

346 2972 487 3052 inquam,
512 2972 575 3033 (1110
589 2972 744 3035 mntraria
757 2972 819 3034 sint
831 2971 975 3041 invicem,
997 2989 1033 3034 ac
1045 2991 1114 3055 spe·
1164 2995 1229 3039 uno
1242 2977 1310 3038 uitii
1323 2993 1436 3056 genere
1451 2972 1605 3036 contineri
1614 2972 1714 3047 dieat;
1730 2975 1788 3031 aut
1799 2969 1854 3031 sub
1864 2968 1914 3029 albi

346 3065 394 3125 cie
427 3066 557 3140 diversa,
596 3064 672 3144 quid
698 3064 861 3127 absurdius
892 3080 988 3143 quam
1015 3083 1115 3127 unum
1163 3087 1277 3149 genem
1299 3069 1426 3148 nigrum
1444 3072 1476 3129 et
1502 3065 1620 3127 album.
1650 3063 1745 3139 Sane,
1772 3061 1833 3123 nisi
1854 3061 1913 3123 aad

346 3155 461 3216 horum
481 3157 570 3217 alteri
590 3157 769 3237 adjungere,
794 3160 825 3217 et
844 3155 902 3216 sub
916 3173 953 3216 eo
965 3162 1115 3236 tanquam
1162 3162 1286 3242 penitus
1299 3167 1401 3222 essent
1414 3165 1507 3238 atque
1520 3172 1626 3219 amore
1640 3155 1777 3236 mnium
1792 3170 1912 3229 suarum,

346 3265 460 3326 genere
482 3246 656 3309 collocare?
680 3248 805 3309 Etenim
827 3265 908 3327 saepe
926 3247 1016 3323 illud,
1031 3249 1115 3328 quod
1163 3258 1195 3316 et
1216 3253 1287 3314 odio
1314 3251 1541 3313 contrariarum
1566 3249 1655 3323 ebrii,
1676 3246 1757 3309 nihil
1777 3252 1843 3308 tam
1857 3246 1914 3307 ani·
1962 3234 1963 3327 l

347 3340 490 3402 universe
503 3340 582 3401 etin
596 3356 709 3416 genere
722 3338 857 3401 libertati
866 3345 912 3400 est
925 3340 1113 3420 oppositum,
1162 3346 1403 3414 madverterent,
1432 3359 1527 3423 quam
1555 3341 1582 3403 si
1604 3340 1681 3420 quid
1704 3355 1865 3400 commune
1884 3354 1913 3397 ac
1962 3360 1963 3419 ι

346 3431 520 3494 violentum
561 3438 763 3513 mustumque
805 3430 981 3507 nominant,
1020 3432 1114 3512 idque
1162 3437 1307 3518 generale
1324 3434 1523 3498 statuendum
1541 3432 1591 3509 sit,
1616 3430 1701 3512 qnod
1722 3429 1856 3491 libertati
1870 3444 1913 3507 op
1962 3446 1963 3509 ;

346 3524 464 3601 multis,
491 3530 527 3585 ut
546 3525 613 3604 jam
640 3525 715 3600 dixi,
737 3530 880 3587 veterum
906 3525 1045 3601 Petrum,
1077 3544 1114 3588 ac
1161 3535 1296 3610 ponatur
1318 3547 1358 3591 ex
1379 3528 1520 3603 adverso,
1537 3524 1569 3586 id
1583 3541 1661 3599 esse,
1682 3522 1717 3584 in
1731 3520 1912 3603 quodannis

344 3615 561 3694 theologorum
576 3616 812 3678 auetoritatibus
823 3615 1008 3692 adstruunt,
1027 3616 1114 3679 velut
1163 3620 1325 3683 contrariae
1358 3618 1472 3699 speeies
1503 3615 1702 3682 conveniunt,
1742 3631 1800 3674 nec
1830 3610 1912 3685 aliud,
1962 3622 1963 3699 f

347 3707 381 3769 S.
395 3707 535 3783 Thomas,
550 3707 605 3786 qui
617 3708 830 3768 necessitatem
843 3707 998 3786 duplicem
1008 3707 1114 3769 distin-
1162 3731 1257 3793 quam
1271 3712 1351 3793 quod
1378 3710 1568 3772 voluntatem
1590 3724 1655 3768 uno
1668 3724 1705 3767 ao
1725 3704 1912 3767 determinato
1962 3742 1963 3781 ι

346 3797 455 3879 guit¹:
484 3816 608 3859 onnam
625 3798 800 3876 coactionis,
820 3815 890 3878 quae
904 3798 938 3858 in
957 3797 1113 3860 volentem
1162 3805 1267 3885 aliquo
1286 3802 1406 3880 definit,
1427 3807 1459 3863 et
1480 3799 1616 3880 eligendi
1634 3798 1800 3867 arbitrium
1818 3813 1852 3857 ac
1870 3811 1914 3874 pc
1962 3808 1963 3857 1

218 3934 223 3943 ·
345 3891 432 3953 nullo
445 3891 540 3952 modo
553 3890 661 3952 eadere
674 3895 799 3971 potest:
822 3889 952 3951 alteram
964 3890 1114 3952 naturalis
1161 3902 1304 3959 nautam
1344 3894 1473 3969 adlmit3
1521 3889 1775 3972 quandoquidem
1820 3885 1913 3949 electio
1962 3912 1963 3957 ι

344 3982 605 4059 inclinationis3s
636 3988 705 4043 tum
733 3982 879 4059 aliorum,
904 3988 940 4043 ut
962 3982 1112 4062 Dionysii,
1160 3988 1286 4050 nonnisi
1306 3986 1429 4048 dnobus
1446 3985 1555 4046 saltem
1572 3983 1654 4044 inter
1673 3999 1706 4042 se
1732 3978 1912 4060 comparatis,
1962 3990 1963 4057 ᾖ

345 4075 463 4152 Irenni,
487 4074 680 4151 Tertulliani,
704 4080 963 4153 ceterorumque,
978 4091 1113 4152 quorum
1160 4081 1368 4161 oppositisque
1390 4082 1490 4160 potest
1507 4075 1586 4137 fieri.
1612 4076 1661 4136 Ita
1682 4091 1783 4153 genus
1802 4067 1914 4151 aliquod
1962 4072 1963 4075 ’

344 4185 384 4227 ex
402 4166 585 4228 testimoniis
609 4165 642 4227 id
662 4183 763 4251 unum
786 4165 946 4245 colligunt,
962 4170 992 4225 et
1006 4171 1112 4227 osten·
1159 4172 1321 4247 haberent,
1337 4171 1422 4252 qnod
1440 4175 1471 4230 et
1479 4165 1615 4229 libertati
1629 4168 1829 4246 opponerent,
1847 4160 1913 4223 etin

345 4263 422 4335 tant,
438 4259 536 4320 solam
549 4258 625 4333 vim,
643 4264 674 4320 et
688 4257 889 4324 coactionem.
906 4256 970 4319 sive
984 4258 1113 4319 necessi·
1160 4263 1303 4326 naturale
1313 4282 1349 4325 ac
1357 4261 1530 4323 violentum
1542 4258 1652 4339 partiri
1665 4259 1800 4336 possent,
1814 4250 1914 4332 quibus
1962 4266 1963 4271 ¹

344 4353 440 4410 tatem
466 4350 632 4411 martionis
659 4349 793 4411 libertati
820 4366 885 4411 esse
912 4350 1111 4411 contrariam.
1159 4372 1326 4417 commune
1343 4353 1427 4415 istud
1448 4357 1495 4413 ast
1507 4348 1644 4411 libertati
1663 4348 1778 4408 irmnoa
1791 4344 1913 4423 injicere,

345 4440 672 4518 Curigiturnaturam
684 4441 824 4522 insuper,
840 4440 1113 4521 necessitatemque
1162 4447 1246 4510 etad
1259 4463 1359 4508 unum
1373 4449 1491 4506 aretme
1513 4460 1549 4503 ac
1562 4439 1780 4513 determinare,
1802 4433 1914 4498 alterim
1962 4502 1963 4513 ,

344 4531 518 4593 naturalem
545 4533 603 4592 sub
624 4533 735 4594 eodem
757 4551 871 4612 genere
889 4538 1012 4612 ponunt
1025 4550 1112 4594 coac·
1162 4538 1329 4601 reduendi
1341 4540 1490 4617 potestate
1504 4533 1668 4600 emuncta.

345 4623 447 4692 tionis,
467 4629 498 4683 et
520 4623 700 4684 violentiae?
722 4624 912 4704 «Ejusmodi
926 4629 973 4685 est
989 4624 1113 4685 temeri·
1202 4631 1288 4696 XXI,
1299 4630 1382 4690 Licet
1394 4632 1500 4689 annm
1507 4626 1558 4686 hic
1565 4623 1914 4697 animadverteremus

344 4720 390 4775 tas
403 4713 533 4776 rationis
556 4732 676 4794 expers,
700 4716 743 4775 ait
757 4715 923 4794 Gregorius
945 4715 1112 4778 Nazianze-
1162 4740 1275 4803 parum
1288 4726 1320 4783 et
1344 4719 1403 4780 sihi
1414 4735 1562 4795 concors,
1590 4721 1622 4777 et
1641 4712 1778 4794 antiquis
1790 4708 1914 4774 Patribus
1935 4662 1963 4843 4

343 4825 414 4884 nus,
429 4811 579 4869 etcontra
589 4806 964 4883 veritatemeontendere5
980 4812 1026 4884 ut,
1041 4826 1114 4871 cum
1163 4814 1203 4875 sit
1213 4830 1313 4874 novus
1324 4810 1549 4890 dogmatistas,
1578 4807 1654 4869 dum
1674 4806 1732 4867 suh
1743 4798 1914 4869 amenitatis
1931 4835 1963 4879 ,q

343 4899 375 4959 in
398 4899 513 4979 seipsos
532 4898 705 4972 incurrant,
727 4896 972 4976 necintelligant
994 4905 1112 4978 mmen,
1162 4905 1432 4983 violentasgeners
1446 4918 1516 4963 eam
1530 4900 1669 4975 collocat,
1693 4916 1765 4978 quse
1778 4889 1913 4958 natndis
1947 4884 1963 5009 ,p

343 4992 574 5070 nequepudore
588 4996 825 5052 moveanturan
1164 4985 1911 5074 delunidqucauetorinusaie,rmumnoen.

384 5084 454 5145 XX.
470 5085 560 5162 Nam,
584 5084 611 5145 si
624 5082 703 5162 ejus,
717 5082 772 5163 qui
786 5090 833 5146 est
845 5085 986 5165 opposita
998 5085 1111 5165 libero,
1163 5089 1219 5170 qui
1231 5087 1443 5150 necessitatem
1454 5084 1592 5146 libertati
1609 5081 1794 5144 contrariam
1816 5076 1914 5137 vimel

379 5297 400 5339 a
419 5282 546 5342 Nestane.
564 5282 680 5336 Τοιοῦτον
693 5280 709 5350 ἡ
724 5279 813 5354 ἀλογία
826 5282 867 5335 καὶ
880 5282 909 5337 ιδ
922 5283 981 5355 πρὸς
994 5283 1038 5353 τὴν
1052 5284 1113 5355 dirl-
1160 5287 1214 5348 τοῖς
1227 5287 1242 5354 ἢ
1257 5284 1334 5351 νοεῖν,
1346 5285 1361 5352 ἢ
1373 5280 1538 5356 αἰσχύνεσθαι.

342 5368 407 5422 issar
426 5364 605 5439 ἀπομάχεσθαι·
624 5364 659 5427 ὥς
674 5363 735 5438 μηδὲ
752 5365 942 5438 περιπίπτοντας
955 5365 1044 5431 adcola
1058 5366 1113 5422 isci-

370 5545 382 5590 l
398 5543 438 5594 du.
453 5543 531 5589 unde
544 5543 609 5590 l'erlt.
621 5549 665 5588 art.
678 5543 724 5589 tin
736 5553 826 5601 corp·
835 5543 850 5588 ll
860 5542 892 5589 'l'o
995 5544 1024 5589 ἰ.
1037 5543 1073 5597 vl,
1084 5555 1132 5602 cap.
1145 5544 1228 5591 ru-tl
1239 5544 1302 5591 lora.
1315 5541 1355 5597 ill,
1367 5541 1408 5587 lib.
1423 5540 1459 5593 vl,
1470 5552 1519 5597 cap.
1529 5551 1561 5584 u.
1668 5540 1675 5553 '

855 5543 1043 5926 ᾧ
