4122 6184
313 380 352 439 68
831 376 1156 440 THEOLOGIGORUM
1175 378 1393 441 DOGMA‘I'UM

313 563 350 606 ae
375 542 562 605 seductionis
589 543 736 617 materia,
758 561 840 624 qua,
863 550 900 605 ut
919 543 1081 606 hominem
1169 545 1208 605 ut
1221 545 1305 625 apud
1321 545 1478 606 Ioannem
1491 544 1719 604 Damasoenum
1731 537 1766 600 iu
1779 536 1902 619 Eelogis

313 637 478 716 deciperet,
499 636 662 714 instigatus
673 640 731 711 est,
755 636 794 697 de
807 636 969 698 anterioris
982 637 1081 698 ruiuae
1131 636 1214 698 idem
1242 637 1420 716 Gregorius,
1453 634 1691 714 «Angelorum,
1730 629 1841 710 inquit,
1860 647 1901 691 ex

314 728 540 799 exstititcausa,
556 729 640 808 quod
653 727 766 789 scilicet
778 729 817 789 do
829 728 905 789 limo
918 733 1008 789 terrae
1022 747 1083 789 uu·
1131 746 1264 790 numero
1277 729 1340 797 ille,
1356 730 1408 807 qui
1423 727 1607 790 seditionem
1616 725 1715 787 lacere
1735 740 1830 785 ausus
1842 726 1901 799 est,

313 820 450 901 perrime
473 820 644 899 figuratum
670 821 710 881 ad
737 819 824 881 illam
851 838 924 882 eum
951 820 1083 899 gloriam
1131 825 1163 881 et
1193 838 1288 900 supra
1313 821 1497 900 dignitatem
1529 835 1619 885 suam
1651 815 1763 891 evehi,
1793 819 1902 876 conha

314 917 455 974 cerneret
472 913 675 989 evocandum,
697 913 793 986 unde,
816 930 890 974 curn
904 916 982 974 esset
1000 930 1084 972 unus
1132 912 1376 991 omnipotentem
1404 912 1574 974 Domiuum
1597 907 1765 971 ambitione
1790 907 1901 982 elatus,

314 1005 353 1065 dc
380 1003 581 1084 principibus,
606 1022 638 1066 se
663 1004 849 1066 meminerat
861 1004 1022 1066 corruisse.
1045 1006 1084 1064 Et
1133 1022 1169 1066 ec
1182 1022 1278 1085 supra
1297 1005 1397 1066 nubes
1417 1004 1531 1065 solium
1544 1020 1636 1064 suum
1654 998 1840 1063 constituere
1853 1015 1903 1059 co

313 1094 426 1157 ideirco
440 1095 574 1174 priorem
587 1095 653 1173 ejus
660 1096 793 1175 lapsum,
804 1115 867 1176 quo
877 1095 1083 1176 superbiendo
1131 1096 1245 1175 gitans,
1260 1095 1422 1172 utieruut,
1438 1112 1546 1175 paenas
1567 1093 1652 1155 dedit
1677 1089 1821 1172 superbis
1846 1107 1904 1151 sua

314 1192 482 1263 corruerat,
497 1206 559 1267 quo
573 1188 666 1249 etiam
680 1206 808 1269 serpeus
830 1193 988 1250 meruerat
1000 1206 1083 1249 nun·
1133 1188 1253 1268 dignas,
1270 1188 1310 1249 ad
1322 1189 1382 1249 hoe
1394 1188 1570 1265 damnatus,
1589 1190 1626 1248 ut
1644 1202 1701 1266 pro
1714 1184 1784 1246 luce
1802 1181 1903 1261 caligo

314 1278 431 1360 cupari,
454 1280 589 1342 secunda
610 1281 701 1341 ruina
725 1298 781 1360 per
807 1281 958 1343 invidiam
981 1280 1085 1341 subse·
1132 1280 1272 1342 tiarati.»

314 1377 385 1432 autu
404 1377 459 1446 est,
483 1391 552 1452 ηοω
578 1372 739 1434 inveniens
751 1390 825 1435 eum
842 1374 944 1435 adhuc
968 1372 1085 1452 aliquid
1174 1372 1225 1435 Sic
1246 1373 1279 1434 in
1311 1372 1561 1435 orationexxxrv
1581 1378 1613 1435 et
1636 1387 1755 1434 mum
1778 1386 1841 1449 qua
1866 1366 1904 1428 ia

314 1464 349 1525 in
362 1483 428 1526 sese
441 1470 561 1525 rectum
573 1465 742 1526 habentem
755 1465 809 1541 ita,
826 1466 966 1527 utetiam
981 1466 1084 1544 cujus-
1133 1466 1304 1545 posteriore
1340 1466 1413 1527 dIcit
1447 1465 1585 1545 prImum
1625 1464 1780 1544 Angelum
1820 1459 1902 1521 «ob

315 1556 387 1617 dam
410 1557 566 1637 colloquii,
596 1557 683 1637 atqui
709 1556 829 1619 consilii
862 1576 935 1619 eum
957 1557 1086 1618 homine
1134 1558 1332 1637 splendorem
1371 1559 1458 1638 prius
1486 1559 1675 1639 appellatum
1714 1554 1902 1627 Luciferum,

314 1655 418 1728 posset
440 1650 555 1711 habere
575 1650 777 1723 consortium,
794 1651 945 1711 sententia
959 1649 1086 1710 Domini
1134 1655 1261 1730 propter
1274 1651 1463 1731 superbiam,
1483 1651 1648 1731 caliginem
1660 1649 1704 1711 ait
1717 1654 1748 1710 et
1758 1647 1905 1710 effectum

315 1740 432 1802 utiliter
445 1743 479 1803 iu
489 1743 554 1803 ima
566 1741 704 1820 dejectus
715 1747 770 1804 est.
787 1763 803 1800 r
1135 1760 1210 1820 esse,
1226 1749 1258 1805 et
1269 1743 1492 1805 nummatum0.
1511 1764 1526 1801 a

356 1834 442 1894 XIII.
458 1834 576 1908 Quibus
595 1833 697 1895 verbis
712 1833 837 1907 iudicat,
859 1838 928 1914 post
949 1834 1086 1914 primum
1175 1835 1218 1897 Ae
1242 1841 1325 1897 recte
1351 1835 1479 1915 quidem
1504 1835 1537 1897 S.
1568 1836 1806 1915 chysostomus
1833 1835 1907 1892 tum

316 1924 470 2007 superbia
488 1944 606 2001 casum,
626 1927 767 1987 noudum
790 1927 918 1987 omnino
937 1927 1084 2007 deprava·
1135 1944 1245 1988 eorum
1272 1933 1496 2004 commentum,
1523 1929 1577 2008 qui
1601 1928 1758 1989 daemoues
1778 1942 1834 2005 per
1854 1922 1909 1984 illa

315 2022 384 2079 tum
402 2017 497 2080 iuime
518 2018 690 2095 diabolum,
707 2017 894 2079 sedrectum
908 2018 1010 2080 adhuc
1027 2019 1086 2080 ali·
1135 2038 1208 2081 cum
1231 2020 1413 2083 mulieribus
1435 2026 1543 2101 stupra
1561 2020 1729 2082 oouddisse
1746 2017 1906 2089 volebant,

315 2110 391 2189 quid
405 2110 559 2186 habuisse,
581 2110 679 2171 donec
694 2128 768 2171 eum
781 2128 873 2187 nova,
890 2117 921 2171 et
933 2117 1089 2190 postrema
1136 2113 1257 2193 ecdem,
1272 2133 1335 2194 quo
1350 2115 1486 2176 Serenus
1502 2113 1585 2195 apud
1600 2112 1790 2188 damianum,
1815 2128 1910 2190 argu·

314 2200 440 2262 invidiae
463 2203 556 2282 plaga
580 2202 721 2279 confecit.
747 2203 782 2263 ln
809 2221 948 2283 quonou
971 2209 1088 2265 esteu·
1136 2213 1243 2268 mento
1255 2206 1424 2283 convincit3
1443 2224 1518 2268 nam
1539 2213 1607 2268 lum
1621 2207 1750 2267 demum
1764 2220 1907 2284 peccasse

315 2293 506 2355 diendus.llt
519 2295 631 2356 melius
645 2295 737 2375 plane
747 2300 871 2356 sanctus
881 2297 1085 2374 Augustinus,
1135 2294 1216 2375 illos,
1243 2296 1338 2376 longo
1357 2302 1427 2377 post
1448 2296 1574 2357 initium
1597 2313 1705 2357 rerum
1726 2293 1905 2370 intervallo,

315 2387 371 2465 qui
382 2386 502 2448 invidia
525 2386 612 2447 omni
635 2386 817 2448 naturaliter
840 2388 1028 2449 anteriorem
1043 2390 1088 2451 ait
1136 2406 1329 2469 consequeus
1337 2393 1417 2450 esset
1433 2394 1519 2449 :tum
1534 2386 1681 2468 superbia
1693 2392 1765 2448 ante
1778 2386 1909 2467 prolap-

316 2496 381 2540 esse
395 2478 584 2559 superbiam,
607 2478 725 2540 ntideo
745 2479 831 2558 prius
844 2480 902 2541 hac
919 2478 1009 2541 illum
1023 2499 1088 2544 csse
1137 2498 1206 2542 sum
1225 2486 1390 2557 memorat,
1410 2499 1510 2542 acum
1524 2480 1642 2560 majora
1659 2479 1728 2558 sibi,
1744 2496 1911 2559 quampro

316 2571 480 2650 dejectum.
1137 2574 1261 2651 merito,
1276 2571 1495 2652 arrogaretur

357 2664 415 2724 (lui
439 2662 593 2725 consentit
620 2662 807 2724 Athanasius
835 2663 869 2724 in
896 2664 1035 2727 oratione
1054 2664 1089 2727 de
1177 2665 1259 2727 XIV.
1287 2666 1496 2746 Hieronymus
1535 2664 1570 2725 in
1612 2669 1705 2745 caput
1743 2681 1797 2726 xvr
1830 2663 1909 2725 Eze-

322 2753 529 2834 Virpiaitcte:
556 2755 726 2828 «Satanas,
747 2754 860 2834 inquit,
884 2774 949 2816 non
963 2764 1089 2838 propter
1138 2756 1251 2827 clu‘elis,
1298 2758 1523 2838 «superbiam
1566 2756 1729 2837 proprium
1766 2755 1906 2830 diaboli,

316 2846 565 2922 fornicationem,
588 2853 643 2908 aut
667 2846 868 2922 adulterium,
893 2855 949 2909 aut
970 2848 1090 2911 furtum
1138 2850 1338 2930 primumque
1363 2854 1525 2930 peccatum
1548 2854 1648 2911 vocat.
1673 2848 1762 2911 Unde
1779 2848 1910 2928 Aposto-

317 2940 356 3000 de
369 2939 446 3000 curlo
460 2940 597 3020 dejectus
617 2944 675 3001 est.
693 2939 755 3000 Sed
769 2939 914 3019 superbia
929 2940 1033 3020 ipsum
1055 2944 1090 3005 in
1138 2941 1198 3018 lus,
1213 2941 1260 3003 Ne
1275 2941 1406 3019 costatus,
1417 2942 1471 3014 ait,
1482 2939 1621 3022 superbia
1631 2945 1662 3000 ia
1668 2938 1823 3021 judicium
1836 2938 1913 3000 iaci·

316 3030 477 3093 iuferiores
492 3032 593 3112 abyssi
608 3036 712 3111 partes
725 3031 961 3112 praecipitavit&
979 3054 991 3091 ι
1138 3031 1190 3096 dat
1198 3032 1319 3111 diaboli,
1339 3039 1575 3115 propterquam
1593 3033 1632 3095 de
1650 3032 1727 3095 ooelo
1745 3031 1871 3094 domuit.
1891 3052 1906 3090 ι

360 3123 511 3184 Eusebius
530 3124 610 3186 libro
642 3125 699 3184 VII
733 3123 769 3184 de
791 3123 1030 3204 Proepurutioae,
1049 3126 1090 3188 ob
1139 3126 1176 3187 Et
1188 3126 1222 3186 iu
1234 3131 1325 3207 caput
1348 3143 1446 3187 xxvm
1471 3125 1620 3206 ejusdem,
1648 3124 1776 3186 «Donec
1790 3124 1912 3186 iuuenta

318 3212 506 3291 superbiam,
536 3231 609 3291 qua,
634 3219 669 3273 ut
693 3213 834 3274 Ezechiel
856 3214 909 3291 ait,
934 3214 1089 3277 Altissimo
1139 3228 1181 3279 est
1206 3218 1350 3299 iniquitas
1372 3218 1406 3278 in
1428 3226 1466 3294 te,
1495 3219 1621 3279 inventa
1646 3218 1761 3295 abeo,
1785 3234 1854 3296 quae
1873 3215 1912 3276 in

319 3304 476 3385 exaequari
493 3304 602 3380 voluit,
626 3304 660 3364 in
674 3304 838 3366 Tartarum
856 3323 930 3366 eum
948 3310 1011 3368 suis
1038 3308 1091 3370 de·
1138 3310 1291 3372 thesauris
1299 3310 1433 3390 pectoris
1445 3311 1493 3371 tui
1506 3328 1562 3390 per
1580 3309 1768 3390 superbiam,
1787 3314 1818 3371 et
1831 3308 1910 3369 abu·

319 3398 480 3459 turbatum
502 3414 568 3458 esse
582 3394 664 3457 dicit.
682 3397 729 3456 Ita
742 3397 909 3475 Gregorius
927 3398 1091 3461 Nuziauze·
1139 3404 1258 3465 donem
1272 3403 1440 3483 potestatis,
1456 3420 1551 3482 quam
1564 3420 1736 3482 acceperas,
1745 3400 1913 3463 tenebatur

319 3507 379 3550 uus
392 3490 427 3550 iu
440 3488 579 3550 carmine
591 3493 677 3549 sexto
691 3488 889 3550 arcanorum.
1139 3495 1299 3557 inclusa.»
1325 3496 1365 3555 Et
1380 3512 1465 3573 mox,
1484 3497 1595 3557 cllum
1614 3494 1701 3557 enim
1721 3495 1821 3555 multa
1832 3511 1911 3555 con-

1139 3587 1244 3668 quirit,
1266 3593 1298 3650 et
1320 3604 1385 3647 nou
1405 3592 1452 3648 est
1468 3593 1633 3649 contentus
1651 3586 1790 3664 seientia,
1812 3603 1911 3666 quam

389 3680 504 3737 Τοόνικεν
519 3681 672 3755 όπρότιστος
682 3680 805 3754 ἑωσφόρος
815 3679 887 3754 θψόσ’
901 3680 992 3754 ἀερθείς
1139 3684 1308 3761 acceperat,
1324 3698 1383 3741 nec
1398 3684 1559 3759 potestate,
1573 3679 1624 3741 ulli
1636 3679 1819 3760 prffipositus
1830 3686 1909 3758 erat,

390 3773 448 3843 (Ἥ
461 3774 509 3849 γίιρ
522 3774 552 3843 δὴ
565 3775 682 3847 μεγάλοιο
693 3774 747 3828 θεοῦ
762 3769 892 3845 βασιληίδα
900 3774 972 3847 τιμὴν
1139 3771 1271 3853 replevit
1284 3771 1420 3848 cellaria,
1435 3777 1467 3833 θί
1485 3772 1635 3833 interiora
1648 3771 1781 3852 pectoris
1793 3771 1853 3848 sui,
1873 3776 1913 3832 ut

389 3866 601 3932 ”massadae
615 3866 681 3941 ἔχων
695 3866 945 3939 περιώσιον)ὤλτσεν
955 3864 1053 3939 αίγλην.
1139 3870 1305 3938 saturatus,
1333 3869 1365 3925 et
1390 3864 1578 3926 incrassatus
1607 3864 1780 3926 calcitraret
1799 3869 1913 3926 eontra

391 3961 439 4014 Καί
453 3961 526 4015 πίσεν
542 3957 613 4014 litae
628 3959 725 4033 ἀτιμος.
1139 3963 1309 4020 creatorem
1318 3974 1424 4018 suum.
1440 3978 1456 4015 u

1181 4050 1232 4111 Sic
1245 4049 1437 4128 Ambrosius,
1452 4049 1502 4111 vel
1514 4050 1593 4111 allus
1602 4055 1710 4112 auctor
1721 4048 1859 4130 epistolae
1870 4047 1915 4111 cd

320 4145 392 4209 Ideo
405 4149 524 4227 primus
538 4144 682 4208 omnium
704 4145 824 4206 Lucifer
845 4143 978 4207 sublime
992 4146 1091 4207 elatus
1139 4140 1367 4215 Danetra'cdem,
1397 4159 1466 4221 quae
1493 4141 1576 4203 inter
1588 4142 1807 4204 Ambrosianus
1823 4141 1914 4222 poni·

322 4237 449 4320 (Quippe
463 4239 571 4318 magui
585 4238 640 4300 llei
654 4238 777 4318 regium
790 4237 946 4299 honorem
1139 4240 1192 4295 tur
1206 4233 1229 4295 ¹:
1258 4234 1361 4296 «Hac
1394 4233 1549 4313 superbia,
1585 4234 1698 4315 inquit,
1733 4252 1753 4295 a
1786 4232 1912 4295 dlabolo

321 4330 483 4411 Sperabat,
508 4331 600 4392 decus
626 4330 745 4391 habens
769 4325 930 4409 excellens)
958 4330 1092 4410 perdidit
1140 4326 1271 4407 sumpsit
1284 4324 1464 4401 exordium3
1481 4326 1547 4405 qui,
1561 4326 1711 4406 quoniam
1731 4344 1800 4404 sue,
1815 4342 1914 4406 quam

865 4421 1088 4502 [splendorem.
1139 4438 1160 4481 a
1185 4423 1323 4481 creatore
1347 4422 1514 4496 acceperat,
1541 4418 1691 4499 potenha,
1710 4423 1742 4479 et
1761 4418 1914 4498 dignitate

320 4516 358 4577 Et
368 4513 477 4577 cecidit
489 4514 551 4575 huc
564 4512 748 4576 inhonorus.
764 4536 779 4574 r
1140 4511 1198 4574 sibi
1208 4510 1332 4592 placuit,
1349 4526 1443 4591 seque
1457 4510 1591 4572 auctoris
1601 4509 1651 4572 sui
1667 4509 1777 4591 glorie
1790 4527 1915 4592 compa·

356 4762 378 4803 a
395 4747 498 4803 Auula.
521 4741 555 4799 ‘0
572 4741 620 4816 γὰρ
640 4743 752 4806 Σατανᾶς
770 4740 827 4816 οὐχ’
843 4741 921 4796 ἕντκτν
935 4740 1058 4814 πορνείας,
1073 4741 1089 4808 ἢ
1139 4740 1224 4811 λόγος,
1237 4739 1306 4808 δίκην
1318 4738 1395 4793 ἔδωκε
1404 4742 1448 4808 τῆς
1462 4737 1580 4803 ἀπονοίας
1587 4737 1821 4808 ἀξίαν,σκότοςάντί
1830 4741 1915 4812 parade

321 4831 443 4905 μοιχείας,
457 4829 473 4897 ἢ
488 4829 581 4897 κλόπης
600 4825 736 4899 κατηνέχθη
753 4823 779 4879 la
793 4831 843 4879 τῶν
867 4823 987 4898 οὐρανῶν·
1003 4823 1060 4877 ἀλλ’
1074 4823 1089 4892 ἡ
1140 4817 1203 4877 εἶναι
1212 4823 1370 4896 κατιικριθτίς.

320 4913 472 4986 θπερηρανία
485 4910 557 4965 αὐτόν
572 4910 704 4965 κατίθαλτν
726 4909 759 4972 είς
773 4909 805 4963 τά
818 4910 945 4983 κατώτερα
972 4909 1033 4982 μέρη
1047 4911 1092 4974 τῆς
1177 4921 1192 4962 u
1210 4906 1338 4966 Numan.
1359 4903 1395 4961 ‘0
1410 4906 1451 4960 διὰ
1464 4905 1508 4975 τὴν
1524 4908 1688 4980 λαμπρότητα
1701 4905 1835 4980 ίωσρόρος,
1849 4908 1912 4962 σκό-

322 4997 437 5051 ἀθίσσου.
1141 5008 1183 5052 τος
1192 4989 1233 5045 διὰ
1246 4988 1290 5058 τὴν
1305 4988 1405 5061 ἔπαρσιν
1417 4990 1459 5044 καί
1473 4991 1613 5064 γενόμενος,
1627 4988 1668 5043 καί
1679 4989 1821 5064 λεγόμενος.

358 5080 574 5138 bituminata
587 5079 674 5133 Orat.
692 5075 734 5132 ad
750 5073 884 5132 Μοιιοαίι.
913 5074 987 5146 apud
1011 5075 1091 5131 Dam.
1177 5072 1320 5130 dCuurs.
1336 5071 1413 5129 hom.
1441 5088 1497 5128 ran
1517 5076 1550 5129 ia
1571 5075 1642 5130 Gea.
1657 5072 1705 5127 liat
1729 5072 1762 5146 μὴ
1786 5072 1803 5141 ἡ
1830 5070 1913 5146 γραφὴ

324 5163 368 5219 lit.
381 5164 414 5228 D,
430 5162 472 5217 lii.
488 5159 609 5218 xxvln.
625 5160 680 5212 Τῶν
695 5158 807 5231 ἀγγέλων
825 5158 839 5212 ό
858 5158 987 5213 στασιάσαι
1000 5158 1094 5229 reipsi-
1141 5156 1224 5221 ἀλλοις
1236 5156 1300 5230 ἡμᾶς
1312 5156 1430 5222 διδάσκει,
1440 5157 1479 5211 ότι
1493 5158 1534 5210 καί
1547 5156 1595 5230 πρὸ
1607 5161 1651 5226 τῆς
1658 5161 1703 5212 τοῦ
1717 5157 1915 5229 προτυπλάστω

323 5268 376 5312 σας,
390 5247 431 5300 καὶ
445 5243 505 5316 θπὲρ
519 5241 562 5310 τὴν
579 5240 646 5304 ἀξίαν
660 5243 787 5296 κατέναντι
801 5241 886 5314 κυρίου
897 5241 1093 5314 παντοκράτορος
1113 5304 1117 5311 4
1142 5239 1308 5313 δημιουργίας,
1323 5244 1367 5309 τῆς
1381 5237 1448 5303 ἀξίας
1459 5237 1549 5308 ἀκτίνης
1562 5241 1743 5313 κατηνέχθησαν
1757 5236 1799 5293 καί
1820 5238 1837 5292 ό
1858 5238 1914 5292 διά·

324 5329 508 5405 τραχηλιάσας,
530 5325 570 5379 καί
582 5324 643 5398 ίπὲρ
663 5324 695 5378 τὰ
708 5326 768 5397 νίρη
789 5324 904 5397 καθέδραν
920 5321 1034 5397 ἐπινοῶν,
1059 5323 1094 5386 ὡς
1142 5322 1227 5389 όολυς,
1240 5324 1282 5376 καί
1295 5321 1319 5377 cl
1333 5323 1388 5395 μετ’
1400 5321 1485 5389 αότοῦ,
1501 5325 1587 5397 posiae
1600 5329 1645 5394 τῆς
1658 5321 1726 5386 ἀξίας
1735 5322 1911 5396 φρονήσαντος.

1146 5404 1332 5463 Videathom.
1352 5404 1412 5463 rod
1430 5405 1558 5464 Thessal.

352 5541 361 5584 l
372 5538 420 5584 bib.
431 5539 465 5591 iv,
477 5549 511 5594 ap.
521 5548 595 5582 τιτιιι.
712 5552 728 5579 ι
