3984 6176
573 424 830 489 nisseurlrlo
859 425 1157 490 PROLEGOMENA.
1600 427 1658 490 {33

84 591 279 655 immensitate
291 592 429 672 trajecta,
450 591 608 672 navigare,
622 611 659 653 ac
676 592 839 673 pervenire
890 612 1064 674 occupasse:
1075 594 1509 674 undeetiecturnexistimant,
1521 597 1657 658 utmodo

84 683 215 766 patrimo,
242 690 279 745 ιιι
300 685 395 746 etiam
418 685 483 746 illic
510 702 548 746 ex
574 703 638 746 uno
658 684 712 746 illo
737 685 839 764 primo
888 687 1013 747 nonnisi
1042 688 1164 767 navigio
1186 689 1226 750 ad
1254 691 1398 770 regiones
1416 690 1578 770 antipodas
1599 689 1658 750 iter

86 775 201 858 homine
234 791 335 853 genus
364 774 578 836 instituructur
610 774 835 835 humanum.»
888 775 937 851 sit,
965 793 1062 855 quum
1091 784 1183 839 antea
1209 777 1325 858 absque
1345 780 1468 857 navigio
1488 780 1547 840 iter
1566 783 1655 840 esset.

84 865 245 943 Quinetiam
258 866 444 946 usqueadeo
456 872 564 928 octavo
578 866 840 927 saeculoeainole
889 868 962 928 Haec
981 868 1113 929 Seruius.
1138 870 1200 930 Sed
1225 871 1352 950 navigio
1373 889 1451 952 opus
1469 870 1572 932 fuerit.
1598 872 1657 945 Qui

83 960 122 1020 rit
144 958 260 1038 opinio,
284 963 322 1019 ut
345 958 506 1020 Zacharias
523 960 682 1020 Romanus
701 957 839 1038 pontifex
887 958 1214 1040 probahitPcyrerius,
1227 963 1386 1024 Noeticem
1400 981 1504 1024 arcam
1518 961 1656 1041 primurn

84 1051 189 1132 Virgilii
222 1049 417 1131 cujusdam¹.
448 1050 503 1130 qai
529 1050 690 1131 anapodas
720 1055 839 1113 exstare
888 1051 1031 1112 omnium
1054 1051 1147 1113 fuisse
1169 1053 1350 1133 navigium?
1375 1055 1454 1116 Nam
1474 1054 1559 1134 quod
1576 1054 1657 1115 Deus

83 1143 267 1220 adfirmabat,
290 1142 476 1206 senteutiam
497 1159 713 1224 uperversam,
739 1149 770 1205 et
781 1143 839 1202 ini·
888 1143 953 1204 Noe
986 1144 1164 1205 universam
1192 1146 1363 1207 condendae
1393 1164 1474 1208 arcae
1500 1146 1657 1208 rationem

82 1255 164 1319 quam
176 1235 379 1299 docuinam»
405 1236 575 1312 vocaverit,
590 1235 718 1315 ejusque
730 1240 836 1296 aucto·
886 1236 1057 1312 tradiderit,
1069 1255 1133 1297 non
1149 1238 1222 1299 iude
1235 1238 1362 1314 iactum,
1379 1239 1463 1318 quod
1483 1238 1571 1299 nulla
1584 1244 1656 1300 ante

81 1347 138 1391 rcrn
173 1328 319 1390 damnari
343 1328 480 1407 jusserit.
512 1328 615 1402 Quum
648 1327 743 1406 igitur
770 1327 837 1406 jam
886 1326 973 1388 illam
998 1328 1086 1389 navis
1109 1330 1259 1391 instructa
1288 1336 1378 1407 esset,
1403 1330 1456 1391 sed
1481 1331 1566 1410 quod
1592 1349 1657 1391 non

82 1426 193 1499 mustet,
215 1420 388 1500 Antipodas
410 1419 551 1494 existere,
577 1437 631 1482 eos
652 1406 776 1481 nece'sse
792 1427 838 1483 est
886 1438 1090 1501 quacumque
1117 1422 1205 1483 navis
1232 1441 1298 1484 esse
1325 1422 1442 1498 debuit,
1469 1439 1580 1483 verum
1608 1440 1655 1499 ea,

81 1513 114 1576 ab
129 1513 185 1574 alio
203 1513 349 1587 homine,
368 1530 464 1593 quam
483 1511 522 1573 ab
542 1512 662 1574 Adamo
676 1512 835 1592 prodiisse.
886 1531 956 1593 quaa
978 1518 1025 1575 tot
1044 1512 1252 1575 animantibus
1270 1515 1404 1576 terendis
1426 1526 1505 1576 esset
1525 1532 1593 1594 par.
1610 1515 1657 1575 Ad
1679 1582 1682 1585 ,

82 1602 143 1678 Quis
157 1600 244 1663 enim
262 1601 377 1678 credat,
391 1601 536 1663 homines
558 1600 598 1662 nb
614 1599 789 1661 unohdam
803 1600 838 1662 in
885 1604 1066 1667 Zachariam
1089 1606 1207 1685 Papam
1229 1607 1313 1686 quod
1336 1607 1456 1680 attinet,
1480 1604 1597 1666 miram
1611 1611 1658 1667 est

81 1693 226 1757 Pdostina
264 1699 449 1775 propagatos
479 1694 513 1755 in
547 1694 720 1774 oppositam
745 1699 837 1755 terrea
886 1712 959 1760 eum
972 1697 1125 1758 adferriin
1134 1697 1285 1773 medium,
1296 1698 1351 1778 qui
1361 1699 1458 1778 ipsius
1472 1697 1657 1760 sententiam

81 1793 184 1870 partem
195 1786 381 1866 navigasset
395 1804 454 1848 nec
467 1785 564 1847 ullam
577 1788 622 1848 rei
637 1791 733 1847 tanta
746 1804 836 1847 men·
887 1789 978 1868 plane
992 1790 1128 1851 confixit.
1145 1792 1214 1852 Non
1235 1791 1320 1852 enim
1333 1791 1481 1871 Virgilius
1500 1791 1540 1852 ad
1553 1790 1658 1871 ipsum

81 1879 246 1943 donemael
258 1879 294 1940 in
308 1879 409 1941 Sacris
431 1878 562 1952 Litteris,
579 1878 631 1941 vel
646 1878 680 1940 in
700 1877 838 1958 profanis
886 1881 1006 1943 delatus
1018 1888 1074 1957 est,
1093 1883 1177 1962 quod
1193 1883 1356 1963 antipodas
1375 1901 1440 1945 esse
1455 1884 1589 1959 doceret,
1603 1882 1657 1943 sed

80 1971 197 2034 historiis
224 1969 322 2033 fieri?
356 1971 488 2045 decedit,
527 1971 667 2050 primum
694 1971 837 2031 omnium
886 1973 970 2053 quod
997 1974 1084 2051 alios,
1113 1992 1168 2034 seu
1195 1974 1321 2035 alterius
1343 1975 1456 2054 speciei
1482 1974 1540 2035 sub
1566 1974 1657 2034 terris

80 2066 223 2145 nandum
237 2063 335 2125 fuisse
353 2079 459 2124 arcam
472 2063 553 2139 Noe;
569 2063 644 2142 quid
659 2063 742 2124 enirn
758 2080 838 2142 opus
887 2070 1006 2127 exstare
1035 2066 1201 2143 homines,
1237 2067 1412 2145 curjusmodi
1445 2066 1656 2127 Praedamitos

81 2157 182 2235 tuimet,
198 2162 236 2218 nt
261 2156 395 2217 Deuade
410 2173 448 2217 ea
469 2155 675 2217 construenda
687 2155 752 2216 Noe
769 2155 838 2216 dili·
886 2163 998 2234 essent‚
1022 2157 1084 2218 alio
1103 2158 1195 2238 plane
1215 2157 1290 2233 sole,
1315 2159 1436 2237 aliaque
1449 2158 1524 2219 luna
1544 2158 1657 2219 collus-

80 2251 170 2330 gcntia
188 2255 279 2311 tanta
300 2265 439 2328 curaque
452 2247 587 2326 doceret,
603 2248 629 2309 si
647 2265 742 2310 naves
754 2247 835 2325 aliae,
885 2254 983 2310 batos
995 2249 1209 2311 disseminaret
1230 2250 1264 2311 in
1277 2250 1401 2329 vulgus.
1423 2250 1530 2329 Neque
1540 2250 1653 2311 Zacha-

80 2343 177 2425 qubus
203 2342 290 2405 secti
321 2341 466 2403 homines
500 2340 534 2402 in
560 2340 715 2421 oppositas
740 2344 838 2401 terrm
885 2340 946 2402 rias
969 2341 1060 2402 illurn
1073 2341 1244 2414 damnavit,
1266 2341 1319 2402 sed
1341 2341 1502 2402 Boniiacio
1526 2342 1656 2419 Mogon-

80 2440 301 2513 cornmeassent,
316 2439 411 2495 antea
423 2432 553 2495 fuissent
566 2431 750 2495 exstructa?
885 2432 952 2494 tino
966 2434 1194 2513 archiepiscopo
1209 2451 1334 2495 causam
1347 2434 1413 2513 ejus
1427 2433 1655 2514 dijudicandam

111 2530 163 2591 lx.
185 2529 219 2591 P.
251 2527 352 2608 Serry
375 2531 411 2587 ιιι
430 2525 700 2607 huicargumento
714 2525 754 2586 ad
767 2542 836 2605 spe·
885 2526 1024 2587 tradidit.
1053 2527 1167 2588 Utrum
1193 2543 1268 2587 vero
1298 2526 1449 2605 Virgilius
1475 2526 1558 2587 illius
1586 2526 1656 2587 doc-

80 2622 147 2683 riem
168 2621 303 2683 molesto
328 2618 545 2699 respondest²,
570 2618 631 2680 hoc
650 2617 732 2679 idem
754 2618 839 2679 aita
886 2618 990 2694 trinae,
1007 2636 1103 2698 quam
1124 2617 1479 2699 iniquometperoersom
1493 2637 1559 2679 non
1572 2617 1655 2697 inju-

83 2713 294 2776 Praadamitici
317 2712 493 2792 systematis
516 2710 694 2773 auctoribus
717 2710 839 2771 solven—
886 2712 933 2773 ria
961 2711 1125 2772 Zacharias
1148 2710 1326 2791 appellavit,
1354 2728 1426 2773 reus
1446 2711 1657 2791 deprehensus

80 2808 159 2882 durn3
185 2823 288 2887 quum
315 2805 401 2868 enim
425 2803 541 2865 diluvio
566 2802 716 2884 perierint
731 2820 838 2866 ornnes
887 2803 990 2878 fucrit,
1014 2822 1051 2865 ac
1077 2808 1241 2884 propterea
1268 2803 1440 2864 sacerdotio
1467 2808 1592 2880 exutus,
1622 2803 1656 2863 in

80 2898 218 2975 hominm,
247 2897 381 2959 Noetica
414 2896 539 2976 dempta
574 2894 703 2971 familia,
730 2894 839 2955 eadem
887 2896 1128 2976 disputationem
1142 2896 1234 2972 cadit,
1250 2900 1383 2975 negante
1398 2895 1540 2970 Caronio,
1561 2893 1655 2955 adtir-

80 2992 159 3072 plane
176 2990 347 3053 difficultas
369 2988 438 3050 illos
460 2987 594 3067 urgebit,
618 2986 645 3047 si
658 2986 837 3067 quispetat,
887 2994 993 3051 mente
1020 2989 1054 3050 P.
1070 2989 1114 3050 Le
1139 2986 1280 3049 Cointe’.
1308 2990 1407 3066 Atque
1428 2986 1495 3047 hanc
1517 2985 1590 3046 satis
1621 2986 1656 3046 in

82 3085 279 3165 quihomines
297 3081 400 3145 exilia
412 3080 530 3142 familia
552 3079 704 3160 procreati
717 3079 757 3140 ad
770 3079 838 3140 illas
888 3098 955 3141 rem
969 3086 1108 3141 nostram
1130 3084 1232 3140 sunto.
1252 3081 1287 3139 lu
1302 3075 1487 3138 'lbevoltinis
1499 3077 1656 3138 litterariis

81 3178 207 3257 ιιιςὶιιιιι
227 3195 271 3239 ex
296 3174 443 3236 Armenia
465 3173 658 3254 appulerint;
677 3172 840 3251 nechujus
887 3168 1355 3234 monumentisanniuooovrn⁸.
1380 3169 1655 3249 egregiacxstatde

81 3269 272 3332 numanis
293 3267 439 3329 facinoris
452 3266 553 3326 ullum
566 3265 600 3326 in
614 3264 717 3337 sacris,
733 3263 838 3344 prola-
888 3264 1012 3349 Virgilii
1034 3265 1185 3348 doctrina,
1205 3279 1241 3324 ac
1254 3262 1454 3325 damnatione
1470 3261 1654 3341 dissertatio,

82 3362 155 3424 uisae
174 3361 265 3424 libris
288 3358 569 3438 exstetvestigium.
584 3356 688 3417 Nolim
704 3373 761 3435 ego
780 3355 840 3417 hoc
888 3376 959 3440 quae
972 3355 1156 3436 lectudigna
1169 3360 1224 3418 est.

83 3455 122 3515 nti
152 3453 364 3535 responsionis
396 3468 510 3531 genere
522 3468 531 3526 ;
566 3448 729 3529 Peyrerius
754 3447 840 3509 enim
1236 3474 1239 3477 ·

83 3545 303 3626 mgat,diluvio
319 3560 430 3606 omnes
443 3542 573 3604 omnino
585 3540 728 3602 homines
742 3540 840 3601 inter-

84 3645 189 3719 emptos
214 3637 336 3699 fuisse:
356 3640 449 3715 atque
461 3640 498 3695 ut
509 3632 542 3694 id
554 3633 746 3708 concederet,
761 3631 840 3692 illud
1117 3630 1306 3713 CAPUT
1347 3632 1407 3715 V·

83 3730 160 3791 nobis
184 3734 362 3811 superesset
383 3724 583 3799 incommodi,
608 3723 692 3805 quod
709 3740 839 3785 eaaroae

84 3824 298 3884 consonatione
311 3820 480 3883 derivatur.
500 3819 580 3880 Nem
594 3822 664 3896 post
681 3816 839 3878 Noeticam

84 3932 173 3975 mm
193 3914 286 3976 fugile
316 3913 411 3975 fuerit
438 3910 515 3972 alias
540 3910 693 3971 instruere
721 3925 837 3981 naves,
917 3897 1183 3980 Difficillimusex
1196 3895 1324 3979 ept'ttola
1337 3895 1378 3958 ad
1389 3897 1626 3962 Homouostocus

85 4006 182 4087 qubus
203 4023 341 4069 oceanus
370 4004 588 4085 dejiceretur:
615 4000 698 4080 quod
729 4000 755 4061 si
787 4001 841 4060 illa
1178 3988 1367 4069 explanatur·

84 4100 208 4178 primam
230 4098 377 4161 omnium
399 4095 561 4175 navigium
580 4092 652 4171 brit,
668 4097 741 4154 ante
764 4091 842 4153 dilu-

86 4189 227 4252 siamaut
240 4189 404 4270 antipodas
418 4186 568 4251 exstitisse
579 4185 761 4265 negandum
769 4185 838 4260 erit,
930 4179 955 4240 1,
975 4176 1010 4238 tn
1034 4193 1134 4238 arcem
1154 4194 1239 4238 nuno
1263 4174 1440 4236 invadimus
1459 4174 1658 4255 Peyrerianae

87 4283 219 4345 antelios
232 4283 275 4344 ab
291 4282 400 4344 Adami
413 4297 527 4361 genere
545 4278 688 4340 homines
700 4275 842 4356 regiones
890 4269 1061 4343 sententie,
1088 4267 1306 4329 difficillimum
1333 4267 1422 4327 illum
1456 4266 1592 4348 epistolae
1620 4265 1660 4330 ad

87 4372 142 4435 illas
172 4375 329 4437 habitatas
363 4373 478 4433 iterum
510 4370 632 4449 colliget
663 4367 839 4448 Peyrerius.
891 4360 1158 4435 Homouoslocum,
1171 4359 1226 4439 qui
1234 4358 1660 4420 sanctorumPatrumdootis·

87 4466 182 4527 Verius
208 4465 372 4547 respondit
398 4463 484 4525 idern
509 4462 616 4541 Serry,
645 4479 710 4521 non
737 4461 843 4521 omnia
892 4455 1103 4532 simonemque
1127 4453 1336 4532 Interpretum
1355 4451 1482 4531 ingenia
1504 4450 1657 4513 maximo·

88 4560 268 4641 oeescripto
284 4558 485 4636 consignata3
500 4571 602 4632 neque
620 4553 698 4614 torte
718 4570 842 4613 neeesse
892 4566 965 4628 pere
1004 4544 1104 4607 torsit.
1152 4543 1320 4624 Postquam
1365 4544 1526 4625 Apostolus
1559 4545 1660 4624 capite

88 4648 178 4727 bisse,
193 4658 231 4713 ιιι
247 4650 377 4730 trajecto
400 4649 532 4720 Oceano,
553 4650 656 4727 partes
677 4644 746 4705 illas
767 4643 842 4705 Adae
891 4639 1000 4719 quinto
1027 4636 1174 4697 dixerat:
1200 4642 1357 4718 propterea
1388 4636 1463 4697 sicut
1487 4655 1542 4717 pcc
1567 4654 1660 4697 unum

88 4744 187 4820 posteri
213 4744 411 4821 occuparent.
442 4739 518 4807 Quis
543 4739 627 4800 enim
649 4743 733 4799 certo
756 4737 841 4805 sciat,
893 4730 1038 4792 bominem
1053 4736 1209 4807 pacatum
1230 4728 1262 4789 iu
1276 4727 1509 4790 deremendum
1523 4727 1657 4805 ιἰιινιυιι,

89 4851 153 4896 aum
165 4836 309 4897 eamdem
322 4833 362 4895 ab
374 4832 463 4894 initio
481 4830 590 4893 mundi
607 4828 844 4910 amplitudidem
893 4831 920 4885 et
931 4826 1147 4904 perpeccotum
1161 4839 1249 4899 mors,
1270 4821 1354 4883 etita
1370 4821 1402 4880 iu
1415 4838 1511 4881 omnes
1530 4818 1661 4881 homiues

89 4936 239 5007 ooeuperet
251 4929 403 5001 Oceanus,
418 4941 516 5004 quam
527 4921 671 4999 subinde,
689 4925 844 4983 transacto
892 4932 972 4975 mors
990 4911 1178 4995 pertransiit,
1195 4913 1229 4975 in
1250 4931 1309 4996 quo
1321 4930 1417 4974 omnes
1434 4921 1626 4993 moraverunt
1636 4911 1659 4989 ⁸,

90 5016 201 5096 diario,
224 5016 411 5099 occupavit?
434 5016 504 5077 Non
517 5015 630 5076 desunt
646 5013 773 5093 quippe,
788 5011 845 5091 qui
893 5007 1054 5087 subjungit
1069 5006 1264 5068 continenter
1281 5026 1288 5066 :
1303 5024 1394 5088 usque
1407 5003 1446 5065 od
1461 5005 1566 5086 Legem
1585 5006 1661 5067 curbi

90 5107 259 5192 idnegem,
278 5110 397 5191 quique
420 5124 508 5169 mare
529 5124 568 5168 ex
585 5105 716 5167 residuis
736 5103 845 5166 diluvii
890 5107 1043 5185 macutum
1065 5106 1131 5160 erm
1157 5099 1189 5159 in
1215 5097 1324 5160 mundo
1339 5117 1351 5159 .·
1378 5105 1529 5179 peceatum
1563 5106 1661 5162 antem

90 5203 415 5280 uuanimmensum
429 5198 598 5262 excrevisse
611 5202 732 5278 putent,
747 5213 844 5258 nova·
892 5212 949 5255 non
972 5188 1189 5272 imputabatur.
1219 5209 1310 5273 quum
1339 5188 1389 5251 lca
1414 5207 1474 5251 noa
1491 5198 1587 5270 csset;
1613 5189 1663 5253 red

91 5309 142 5371 aaa
152 5295 281 5358 subinde
302 5313 339 5357 ac
358 5292 587 5376 propemodum
601 5290 725 5353 infinita
746 5287 845 5370 spatia
893 5283 1030 5367 regnavit
1043 5301 1122 5349 mors
1134 5281 1275 5346 atridam
1283 5300 1373 5364 usque
1381 5279 1557 5365 odMoyrcm
1571 5282 1661 5346 aiom

92 5592 104 5636 ὅ
111 5529 127 5635 ι
134 5529 196 5638 Βᾶι
205 5533 235 5578 a
245 5530 447 5589 mmm-2
459 5530 556 5576 Proteos.
569 5541 609 5575 ιιι.
618 5529 669 5574 -a
680 5528 706 5574 ln
718 5526 801 5573 annal.
811 5526 891 5572 Prone
906 5524 932 5570 ad
943 5536 996 5570 aun,
1007 5535 1120 5576 ιιιιιιιιι,
1133 5534 1156 5570 n.
1166 5523 1201 5567 ιι.
1217 5544 1235 5557 -
1255 5522 1270 5568 t
1283 5523 1375 5570 ianuar.
1388 5534 1409 5568 ι.
1423 5523 1445 5569 ιι
1455 5529 1477 5568 οι
1489 5520 1552 5566 Febr.
1565 5532 1586 5569 ι,
1600 5522 1663 5569 ιι.-
