3932 6172
328 333 388 397 288
834 328 1160 394 Tuuouoalcouuu
1182 329 1400 396 mouerunt

328 497 450 561 strictus
470 502 606 576 tenetur,
622 498 732 580 quisio
744 498 867 575 sentiat,
884 497 978 578 quod,
1002 513 1097 577 quam
1149 497 1204 559 sod
1229 499 1322 559 etiam
1349 497 1531 561 necessitate
1562 498 1687 571 sublata,
1717 520 1779 583 qua
1801 506 1872 569 nnius

328 592 369 652 ab
401 591 575 667 Aristotele,
603 610 639 653 ao
666 591 947 672 Peripateticorum
980 590 1096 664 schola,
1149 591 1366 652 tantummodo
1393 596 1576 671 potestatem
1603 592 1703 669 iaciat,
1725 601 1872 660 eatemmn

329 683 468 762 adeoque
481 683 670 762 pbilosophis
691 683 837 745 omnibus
845 683 992 744 traditam
1014 682 1098 744 dixe-
1147 698 1276 759 prorsus
1290 682 1412 762 eripiat.
1430 685 1529 763 llujus
1545 685 1664 764 generis
1676 687 1872 750 suntillatesti·

327 774 370 835 rit
394 775 545 836 libertatis
567 775 731 853 mtionem,
759 781 791 836 et
813 795 832 837 a
857 774 1098 837 christianorum
1146 773 1264 848 monia,
1279 792 1350 855 quaa
1361 793 1401 835 ex
1416 775 1591 838 innumeris
1602 778 1805 858 excerpamus,
1821 800 1873 842 cun

328 884 387 927 usu
409 872 574 946 propterea
591 867 828 947 segregandam
850 866 992 929 eamdem
1011 884 1098 946 pror·
1146 864 1291 927 universe
1317 866 1356 927 de
1374 866 1526 930 libertatis
1547 874 1657 930 natura
1677 870 1873 950 disputarima
1939 944 1940 953 ἵ

329 976 382 1019 sua
395 958 442 1018 illi
459 958 517 1038 ipsi
536 964 609 1020 sunt
624 960 733 1037 secuti,
755 977 890 1040 quorum
908 958 1095 1032 testimonio,
1146 961 1183 1017 ut
1195 956 1325 1035 adeam,
1340 976 1412 1038 quai
1427 961 1552 1040 propria
1563 961 1617 1022 Dei
1627 968 1683 1038 est,
1698 962 1874 1042 explicandam

329 1054 361 1111 et
392 1054 574 1125 auctoritate
609 1051 773 1129 nituntur,
810 1069 846 1112 ac
882 1069 947 1131 prae
980 1050 1098 1111 euteria
1145 1049 1282 1128 gradum
1303 1049 1485 1113 faceremus.
1514 1052 1564 1115 Sic
1577 1053 1654 1114 illud
1672 1052 1768 1114 Erote
1786 1056 1873 1134 primo,

329 1142 361 1202 S.
377 1142 524 1215 Thomas,
552 1142 667 1222 aliique
691 1143 839 1224 theologi.
860 1142 949 1217 Quod
970 1142 1097 1221 quidem
1147 1138 1185 1202 Si
1198 1140 1360 1220 colueritis,
1375 1149 1404 1204 et
1418 1142 1577 1205 audiritis
1592 1163 1647 1218 me,
1668 1143 1873 1207 denormare
1939 1138 1940 1183 3

246 1256 251 1261 ·
328 1233 421 1313 paulo
435 1239 504 1314 post
518 1253 693 1315 exponam
709 1235 796 1316 prius
811 1235 897 1297 enim
910 1234 949 1295 do
962 1233 1097 1313 antiquis
1146 1231 1275 1294 medita
1308 1232 1391 1308 Quod
1403 1235 1432 1295 ci
1443 1234 1606 1314 uolnerari,
1620 1243 1651 1296 et
1675 1235 1765 1299 meod
1783 1237 1874 1298 imeae·

327 1324 481 1401 Patribus,
511 1346 590 1406 quos
613 1327 769 1408 opinionis
795 1345 859 1388 suae
880 1325 1097 1406 suffragatores
1145 1322 1225 1385 diam
1236 1326 1480 1407 provocaveritis,
1496 1333 1555 1389 eto.
1570 1329 1648 1389 ltem
1660 1327 1734 1388 illud
1746 1327 1874 1390 aalma

326 1416 441 1479 habero
454 1418 644 1498 sejactitant,
654 1436 727 1480 oum
740 1418 800 1479 illis
814 1418 1097 1498 confligam,deque
1144 1416 1200 1477 tici
1210 1435 1261 1479 xv.
1278 1416 1356 1478 Ante
1368 1416 1514 1480 domium
1529 1419 1875 1499 oitr,etmora,doa1rr,rt

327 1510 501 1589 Augustino
522 1510 670 1587 maxime,
699 1529 760 1590 quo
785 1509 939 1591 imprimis
964 1516 1097 1595 patrono
1144 1507 1276 1583 molum
1294 1508 1373 1591 prod
1379 1508 1532 1591 placuerit
1546 1512 1585 1588 ei,
1600 1509 1716 1572 daditm
1728 1510 1783 1572 dii.

326 1601 510 1680 gloriantiu.
535 1603 596 1665 Sed
616 1609 732 1682 quanto
753 1602 916 1664 intervallo
930 1602 970 1663 ab
987 1602 1095 1681 hrrjus,
1185 1601 1416 1680 Ejusdemmodi
1428 1608 1502 1663 sunt
1515 1608 1547 1664 et
1559 1603 1757 1665 illaveterum
1769 1605 1874 1679 Patron,

326 1693 522 1774 aliorumque
535 1713 626 1756 suooo
649 1701 681 1757 et
697 1694 878 1756 salubritate
898 1694 991 1755 distet
1002 1693 1097 1754 fallax
1146 1692 1259 1771 quibus
1272 1693 1408 1754 liberum
1421 1693 1585 1759 arbitrium
1600 1695 1750 1757 definiunt
1759 1701 1877 1775 potestate

211 1778 214 1785 ’
325 1784 395 1863 ista,
413 1793 445 1848 et
460 1787 563 1849 iurata
580 1787 865 1867 quadamobdueta
884 1787 1095 1868 specieteme·
1144 1783 1271 1846 volendi
1296 1804 1407 1855 unum,
1433 1790 1489 1847 aut
1513 1786 1658 1863 alterum,
1677 1787 1738 1849 sive
1760 1787 1877 1862 uolendi,
1940 1856 1941 1865 ἵ

326 1877 412 1955 ritas,
436 1879 569 1940 efficiam
590 1880 738 1960 profecto,
761 1884 798 1941 ut
819 1880 879 1941 hoc
901 1879 969 1940 lom
987 1896 1097 1941 omnes
1144 1879 1215 1936 tum
1227 1876 1351 1955 agendi,
1365 1876 1415 1938 vel
1428 1895 1494 1938 non
1507 1878 1634 1958 agendi.
1651 1879 1768 1940 Utcum
1783 1880 1876 1958 lugu
1940 1868 1941 1943 i

326 1969 519 2047 intelligant3
544 1989 580 2032 ao
595 1972 733 2051 primum
755 1972 898 2033 universe
917 1976 1015 2032 certas
1028 1971 1097 2033 illo-
1145 1966 1230 2028 tinus
1246 1967 1372 2029 «multa
1384 1968 1554 2031 nosfaoere
1568 1969 1668 2046 dicia,
1684 1988 1760 2050 quie,
1773 1969 1877 2031 siuolle

326 2078 398 2122 rum
429 2063 611 2139 calumnias,
648 2068 681 2124 et
714 2062 839 2124 callidas
866 2081 902 2125 ao
927 2062 1097 2125 malitiosas
1145 2076 1227 2136 mus,
1243 2078 1309 2121 non
1336 2060 1444 2140 utique
1467 2061 1652 2124 faceremus.
1684 2063 1746 2137 Quo
1766 2062 1877 2142 pnmtta

326 2150 595 2233 interpretationes
608 2153 757 2234 aperiam,
773 2153 887 2234 quibus
901 2154 1097 2216 adversantes
1145 2151 1279 2230 pertinet
1306 2156 1337 2212 et
1355 2152 1459 2232 ipsum
1480 2153 1571 2215 velle.
1594 2155 1685 2230 Nam,
1710 2154 1735 2215 ai
1752 2154 1875 2230 volumus,

326 2243 386 2306 sibi
411 2245 590 2326 Scriptura,
619 2264 655 2308 ac
686 2248 813 2307 Patrum
840 2247 1006 2308 sententias
1031 2266 1096 2310 nou
1145 2250 1205 2317 θεῖς
1220 2243 1246 2304 si
1255 2243 1413 2320 uolumus,
1424 2263 1490 2307 nou
1503 2250 1559 2306 est.
1575 2247 1737 2308 Nouenim
1748 2245 1875 2321 velemus,

326 2335 452 2400 eludere
474 2338 587 2415 solum,
614 2338 668 2400 sed
690 2338 730 2399 ad
751 2356 822 2399 suas
846 2357 971 2418 quoque
994 2345 1097 2420 partes
1144 2334 1380 2398 sinollemus.i
1407 2339 1472 2398 Aut
1491 2355 1563 2399 oum
1577 2338 1621 2399 ita
1637 2337 1750 2415 scribit,
1768 2337 1876 2398 aroluu·

326 2426 450 2507 invitas,
473 2448 510 2492 ao
532 2435 742 2511 repugnantes
762 2430 886 2493 trahere
912 2431 1094 2496 instituunt:
1145 2430 1241 2489 tatem
1259 2445 1325 2490 esse
1339 2427 1476 2490 liberum
1489 2429 1529 2490 ad
1542 2429 1729 2503 iaciendum,
1748 2429 1877 2491 etaduou

326 2520 440 2600 quibus
460 2522 683 2584 animadversis
703 2541 767 2583 nou
787 2522 965 2602 seamplius
983 2523 1093 2603 decipi,
1144 2517 1319 2581 faciendum
1339 2519 1438 2582 animi
1449 2521 1594 2583 motum¹
1612 2542 1653 2583 :a
1684 2522 1758 2592 bueo,
1777 2520 1876 2601 etejus·
1941 2550 1942 2593 i

327 2630 363 2673 aa
376 2612 591 2674 circumveniri
606 2612 745 2674 veritatis
763 2614 872 2693 magis,
900 2631 995 2693 quam
1006 2617 1094 2675 novi·
1144 2612 1230 2672 modi
1242 2611 1312 2687 alia,
1328 2612 1441 2693 quibus
1449 2613 1489 2674 ad
1501 2614 1657 2676 utrumvis
1666 2613 1878 2694 amplectendum
1941 2610 1942 2635 ³

266 2784 269 2789 ,
326 2704 408 2781 tatis,
425 2710 480 2766 aut
499 2705 704 2768 contentionis
715 2722 824 2767 amans
837 2705 934 2768 lector
946 2706 1093 2786 patiatur.
1144 2702 1244 2780 liberi,
1259 2721 1366 2766 neoex
1390 2722 1455 2767 sese
1469 2705 1596 2767 definita
1623 2711 1753 2787 potestas
1771 2703 1876 2766 mtendi-

1143 2800 1206 2870 tur,
1222 2798 1266 2856 ita
1277 2796 1353 2857 novi
1365 2796 1502 2877 theologi
1514 2798 1673 2878 accipiunt
1693 2796 1876 2871 utamhoilla,
1912 2830 1942 2878 ,ἢ

1143 2886 1212 2962 hoo,
1228 2888 1277 2950 vel
1290 2888 1378 2964 illud,
1390 2895 1422 2951 et
1442 2907 1546 2970 agere,
1561 2890 1613 2952 val
1627 2910 1692 2952 non
1710 2908 1802 2971 agere,
1815 2905 1877 2950 seor·
1902 2886 1942 2983 fl:

563 2972 753 3056 CAPUT
782 2975 840 3057 ll,
1143 2978 1214 3057 sim,
1231 2998 1267 3041 ao
1280 2980 1459 3060 separatim,
1486 2999 1552 3043 non
1574 2983 1670 3045 ambo
1683 2983 1838 3062 conjuncta,
1856 2985 1879 3040 et
1904 2994 1942 3057 eu

1141 3087 1299 3151 exaequo,
1324 3072 1422 3135 libero
1445 3073 1574 3135 arbitrio
1595 3093 1633 3137 ao
1647 3074 1792 3137 voluntati
1808 3070 1879 3149 subji·
1904 3054 1943 3175 Q

1143 3162 1245 3239 ciant;
1261 3171 1308 3239 ut,
1330 3164 1387 3226 etsi
1406 3163 1549 3226 voluntas
1567 3166 1622 3246 jus
1640 3172 1759 3228 tantum
1779 3161 1878 3245 optandi
1942 3182 1943 3229 l

325 3249 430 3313 Liberi
442 3252 566 3313 arbitrii
579 3253 822 3336 irnprtqnctorum
844 3255 941 3336 laeua
957 3263 986 3318 et
998 3254 1094 3318 conit-
1144 3255 1370 3331 uniushabeat,
1385 3274 1485 3336 eoque
1497 3261 1670 3320 necessario
1684 3255 1879 3334 dmumsoupta

366 3342 441 3405 lotio
450 3344 565 3424 primo.
581 3364 642 3426 quo
673 3354 802 3410 veteram
824 3345 860 3409 de
878 3347 1014 3410 libertate
1026 3366 1094 3409 sen·
1143 3348 1330 3425 sit3tamen,
1345 3348 1419 3429 quia
1438 3356 1558 3429 sponte,
1577 3352 1739 3415 autetiam
1757 3343 1879 3430 cupideil

366 3436 473 3496 tentiae
503 3435 638 3511 eludunt,
668 3447 834 3517 correntes,
865 3459 931 3501 eam
961 3440 1096 3501 voluntat
1143 3439 1272 3517 asoisdt,
1287 3440 1384 3502 libere
1393 3440 1473 3502 velle
1486 3441 1617 3504 dicenda
1631 3444 1681 3521 sit,
1697 3449 1728 3505 et
1739 3444 1793 3504 hoc
1801 3441 1880 3520 ipsun

366 3527 479 3588 dieitur
495 3527 536 3589 od
549 3529 684 3610 opposito
707 3549 766 3593 erae
780 3529 885 3609 libero,
909 3530 943 3592 id
963 3533 1092 3611 moram,
1143 3531 1257 3595 habere
1281 3533 1315 3595 in
1338 3538 1499 3612 potestate,
1527 3535 1603 3615 qnia
1627 3538 1664 3598 fit
1685 3536 1801 3616 quando
1820 3530 1878 3591 ruit

366 3637 402 3681 oe
413 3621 575 3704 aeporotim
594 3621 738 3703 intelligi,
763 3632 796 3684 at
813 3623 975 3703 aliquando
989 3643 1093 3703 anum,
1144 3624 1221 3686 Vult
1234 3630 1349 3702 autem,
1361 3625 1418 3687 etsi
1427 3628 1609 3703 necessario,
1625 3636 1730 3689 tamen
1741 3626 1880 3695 voluntate,

366 3710 529 3792 aliquando
554 3712 683 3773 alterum
710 3713 790 3790 vetit,
813 3715 881 3790 etsi,
910 3735 977 3777 ram
1004 3735 1095 3778 urum
1142 3717 1274 3797 ideoque
1285 3717 1401 3793 libere3
1418 3718 1567 3797 quoniam
1579 3721 1669 3782 nulla
1682 3721 1823 3792 voluntas,
1834 3713 1882 3774 sive

367 3802 440 3873 ortt,
473 3807 648 3881 mercorio,
677 3813 705 3867 et
725 3803 916 3869 ddemiacte
941 3806 976 3867 id
1009 3807 1093 3870 velit.
1143 3809 1311 3870 voluntatis
1335 3809 1425 3884 actio,
1452 3827 1549 3889 quam
1563 3811 1734 3874 volitibnem
1755 3806 1883 3890 appellaui

369 3895 441 3971 Qaoe
454 3896 551 3977 opinio
569 3905 658 3958 tame
681 3895 854 3979 Scriptura,
881 3918 970 3979 quom
983 3918 1021 3961 ee
1033 3900 1095 3962 Aa·
1144 3901 1268 3975 scholae,
1285 3919 1351 3962 non
1364 3901 1459 3963 libem
1475 3909 1534 3964 est.

365 3988 478 4068 pristini
488 3988 728 4070 interpretatione
737 3989 957 4071 resellitar;oc
966 3990 1093 4069 doretm,
1185 3994 1225 4053 ΙΙ.
1241 3994 1338 4072 Atqui
1361 3993 1544 4055 calumniari
1564 3993 1649 4056 istud
1662 3999 1718 4071 est,
1739 3998 1767 4054 et
1778 3985 1884 4073 joculari

366 4078 492 4142 liberum
513 4081 673 4144 arbitrium
698 4079 739 4143 aa
756 4084 904 4145 caumate
927 4082 1095 4163 indifferens
1144 4084 1267 4146 lieentia
1286 4085 1434 4163 cavillari,
1448 4085 1635 4148 illudentem
1662 4105 1727 4148 non
1739 4080 1883 4148 eommuni-

367 4189 433 4234 esse.
1144 4176 1202 4238 bus
1222 4182 1348 4238 tantum
1381 4183 1503 4238 natura
1525 4179 1719 4256 notionibus,
1744 4173 1885 4239 sedetiam

1143 4269 1259 4347 verbis,
1281 4275 1312 4330 et
1329 4269 1547 4331 consuetudini
1564 4271 1647 4332 vocis
1665 4272 1811 4344 humana,
1828 4263 1885 4338 Quis

366 4354 390 4415 Ι.
413 4355 562 4418 Liberum
587 4357 724 4421 hominis
748 4359 931 4437 arbitrium,
965 4359 1025 4421 hoo
1050 4363 1096 4421 est
1144 4362 1283 4423 enimait
1298 4362 1382 4442 apud
1398 4380 1430 4422 se
1454 4362 1577 4441 cogitet,
1605 4368 1662 4424 aut
1678 4360 1820 4443 loquendo
1832 4372 1885 4436 pru

327 4451 449 4508 naturae
467 4448 550 4509 illius
569 4449 705 4528 insitam,
720 4470 756 4514 ac
775 4470 947 4533 perennem
969 4451 1096 4513 bonta·
1145 4453 1279 4530 nuntiet,
1302 4453 1399 4515 libere
1427 4471 1518 4533 posse
1544 4455 1726 4535 quempiam
1752 4449 1886 4514 eduobus

326 4543 391 4600 tem
406 4538 448 4599 ita
463 4539 630 4620 Scriptura
639 4561 675 4605 ac
685 4545 793 4606 Patres
807 4545 996 4626 exprimunt,
1012 4550 1049 4606 ut
1061 4544 1096 4604 in
1145 4546 1280 4607 alterum
1293 4545 1418 4624 eligere,
1431 4546 1480 4606 cui
1498 4546 1624 4607 nonnisi
1637 4548 1678 4608 sit
1696 4562 1789 4608 unum
1798 4556 1886 4624 prope

328 4648 439 4691 eorum
447 4632 610 4692 sententiis
618 4633 769 4696 elucescat
786 4637 907 4698 medius
921 4636 1095 4699 illevoluu·
1145 4639 1252 4714 situm,
1268 4642 1334 4713 aut,
1350 4643 1385 4698 ut
1400 4638 1463 4699 duo
1476 4638 1554 4714 sint,
1578 4639 1633 4718 qui
1657 4640 1700 4701 sic
1712 4639 1887 4700 uninereaa·

328 4722 399 4783 tatis
410 4728 518 4797 status,
534 4725 614 4785 etin
627 4726 812 4789 utrumlibet
830 4746 869 4789 ex
881 4746 957 4806 sese,
973 4748 1010 4790 ao
1030 4730 1097 4790 sine
1146 4731 1193 4791 rio
1207 4730 1247 4790 sit
1260 4730 1377 4805 {affixus
1396 4735 1433 4791 ut
1450 4731 1500 4791 vel
1518 4730 1578 4791 hoo
1591 4731 1687 4805 nolle,
1710 4730 1758 4791 vel
1777 4728 1885 4789 alterum

328 4814 392 4875 ulla
415 4817 596 4877 necessitate
613 4835 795 4898 propensus.
821 4820 887 4881 Hoc
904 4822 990 4882 enim
1003 4823 1097 4883 innu-
1145 4823 1225 4885 velle
1251 4842 1316 4884 nou
1330 4822 1449 4903 possit?
1474 4823 1513 4884 Ut
1537 4824 1562 4883 si
1583 4823 1702 4885 sitienti
1720 4823 1886 4904 aquamitfl·

328 4924 417 4967 mera
429 4923 588 4968 sacrarum
601 4908 857 4972 litterarumloea
870 4911 1094 4991 demonstrant,
1147 4915 1310 4976 tummodo
1333 4914 1483 4993 porrigas,
1508 4915 1606 4975 autsi
1631 4916 1724 4977 etiam
1744 4913 1840 4974 uinum
1854 4905 1887 4965 sit

329 5016 399 5078 quae
410 4998 460 5059 vel
474 4999 603 5073 nullam,
624 5001 674 5063 vel
693 5001 854 5065 ridiculam
869 5004 1098 5086 interpretatio·
1147 5006 1301 5084 ostendas,
1315 5012 1351 5068 ut
1367 5008 1519 5088 attingere
1533 5014 1680 5087 nequeat,
1696 5014 1762 5069 tum
1778 5005 1815 5065 sic
1826 5003 1887 5062 hor·

328 5108 403 5151 nem
416 5090 543 5169 habent,
558 5092 585 5153 si
599 5111 664 5154 non
673 5092 794 5173 integra
805 5095 852 5157 vis
870 5097 970 5159 inesse
983 5099 1098 5160 iutelli-
1147 5106 1213 5161 tere
1231 5119 1238 5160 :
1254 5100 1366 5161 Utrum
1375 5099 1474 5160 mavis
1487 5099 1601 5175 bibito;
1625 5106 1682 5162 aut
1693 5100 1738 5161 ita
1759 5099 1886 5177 loquat&

328 5183 413 5264 gitur
435 5183 567 5261 homini,
596 5190 632 5245 ut
665 5187 852 5252 alterutrum
883 5189 979 5253 libere
1005 5193 1102 5272 possit
1150 5193 1186 5253 lu
1204 5197 1352 5272 potestate
1366 5198 1413 5253 est
1431 5191 1612 5273 tuairigida
1633 5192 1692 5268 uti,
1707 5191 1755 5253 rel
1766 5182 1890 5260 vinmsst

327 5275 454 5355 eligere,
469 5294 535 5338 non
548 5278 641 5341 modo
656 5279 733 5341 citra
750 5280 827 5359 vim,
841 5300 878 5344 ao
897 5284 1099 5356 coactionem,
1150 5283 1368 5364 quodcumque
1394 5302 1433 5346 ex
1455 5283 1609 5346 ambobus
1630 5284 1725 5360 voles,
1751 5278 1888 5345 adhibuit}

355 5470 367 5517 i
381 5469 430 5518 lle.
441 5471 457 5515 V
468 5470 496 5517 ie
510 5470 575 5519 Μ.
587 5469 636 5528 Μ,
647 5482 697 5529 asp·
708 5483 757 5523 ¹.-
766 5470 782 5516 t
790 5471 849 5530 aar.
862 5470 902 5518 lib.
913 5471 941 5518 ic
951 5471 1017 5518 tuat.
1030 5473 1100 5519 natea
1112 5484 1161 5532 cip.
1170 5485 1202 5520 ru
1215 5481 1238 5521 at
1248 5473 1258 5521 l
1270 5475 1330 5522 lita.
1341 5486 1390 5533 rip.
1399 5486 1434 5521 xv.
