3932 6172
392 297 444 359 DE
463 297 625 360 ortuclo
645 298 720 360 SEX
740 295 899 374 DIERUM,
921 300 994 363 LIB.
1015 303 1068 379 ill,
1091 303 1172 366 GAP.
1195 305 1245 366 IV.
1555 300 1614 363 305

58 457 129 537 giam
141 457 294 538 demota,
309 466 342 522 et
353 460 453 524 libero
466 462 604 539 arbitrio,
615 480 800 544 quampura
847 464 1098 544 amplectendum
1115 467 1286 533 namucno
1305 465 1478 541 comtricta,
1501 465 1565 542 sed,
1580 470 1616 526 ut

59 556 115 629 puta
124 551 533 634 Aristotelicaphilosophia,
557 556 636 616 sicut
649 556 712 615 suis
724 554 801 615 locis
848 553 884 614 in
909 563 1059 634 potestate
1082 562 1163 622 illius
1182 563 1231 634 sit,
1256 565 1363 620 utrum
1381 558 1480 625 malit,
1495 561 1614 636 optare.

58 642 261 705 ostendimus.»
285 647 389 707 Item:
416 647 492 707 «Ex
513 666 576 726 quo
598 647 645 723 fit,
668 651 703 707 ut
722 644 802 706 nihil
850 646 1018 710 Haecenim
1030 656 1076 711 θεῖ
1088 652 1277 713 Aristoteleae
1291 649 1568 713 summadoctrinae
1581 648 1615 707 in

58 733 133 811 magis
151 733 186 794 in
208 735 269 798 hoc
296 744 481 816 argumento
504 738 653 800 delibero
674 736 801 798 arbitrio
850 734 1130 801 tertioEtdiecrum
1149 738 1409 802 Nicomaedeosum
1421 737 1502 798 libro
1515 735 1615 796 tradi-

58 831 210 904 suspestum
224 845 290 889 esse
302 829 424 903 debeat,
439 847 535 909 quam
551 827 804 891 Aristotelieailla
850 829 893 902 ta,
908 827 964 889 nbi
976 840 1116 911 προαιρεσιν
1130 830 1153 907 ¹,
1167 832 1199 892 id
1213 838 1259 893 est
1267 830 1441 907 electiones,
1456 847 1526 908 que
1533 829 1616 889 idem

59 916 243 996 pbilosophia;
259 919 347 999 cujus
359 920 455 981 solius
476 921 571 982 armis
583 920 800 982 instruetidu·
850 923 896 978 est
915 937 952 981 ac
973 920 1107 983 liberum
1125 921 1300 999 arbitrium,
1323 939 1432 983 eorum
1445 921 1519 982 dicit
1537 938 1613 997 esse,

59 1006 144 1075 imus,
159 1013 192 1068 et
204 1009 347 1089 Pelagius
356 1011 670 1074 libertatembumani
683 1010 802 1073 arbitrii
851 1026 921 1087 quae
935 1019 1008 1074 sunt
1027 1013 1061 1074 in
1077 1019 1183 1075 nostra
1204 1019 1366 1094 potestate,
1389 1014 1450 1075 hoc
1473 1016 1519 1073 est
1543 1029 1616 1073 cum

59 1098 249 1161 defenderunt.
265 1121 281 1159 ι
849 1099 993 1163 innostra
1004 1104 1164 1167 voluntate
1174 1107 1269 1166 situm
1275 1104 1346 1183 θεῖ’,
1356 1110 1482 1184 utsgat,
1493 1103 1616 1165 velnon

88 1189 140 1249 vlt.
158 1192 233 1252 Haec
251 1198 316 1254 tam
331 1194 488 1272 audacter,
512 1199 660 1275 tantoque
682 1195 802 1274 impetn
849 1198 932 1271 agat,
973 1201 1009 1256 ιιῖ
1043 1197 1126 1271 velit,
1163 1202 1217 1258 aut
1243 1197 1332 1258 nolit.
1368 1199 1468 1276 Atque
1501 1195 1617 1256 ibidem

60 1281 225 1344 unicubae
238 1285 369 1364 strepitu
382 1291 523 1347 contorta
541 1291 648 1347 contm
661 1286 800 1366 philoso-
849 1291 878 1345 rt
887 1285 1022 1363 isotsod,
1037 1289 1121 1366 quod
1131 1295 1178 1350 est
1190 1297 1393 1370 spontaneum,
1401 1287 1536 1349 violento
1550 1304 1616 1348 esse

61 1372 167 1452 placet
193 1392 306 1437 eorum
326 1377 501 1458 principem
515 1378 727 1451 Aristotelem,
747 1378 801 1458 qui
850 1378 1039 1440 contrarium
1050 1381 1168 1441 asserit.
1584 1398 1599 1411 ·

62 1464 108 1525 sola
117 1462 230 1544 legerit,
237 1486 274 1529 ac
286 1487 361 1530 vera
373 1474 474 1549 putet3
484 1470 560 1551 quid
569 1470 608 1530 ab
617 1469 688 1547 illis,
699 1475 730 1531 et
741 1468 802 1531 hoo
889 1469 980 1545 Item,
995 1471 1188 1534 voluntatem
1207 1472 1331 1553 proprie
1344 1489 1409 1533 esse
1418 1471 1489 1532 finis
1499 1469 1523 1549 ⁸,
1538 1472 1616 1534 elee-

62 1557 204 1634 prasertim
218 1559 304 1621 aliud
324 1567 473 1640 expectet,
489 1561 549 1622 nisi
565 1561 802 1623 detestandaset
849 1557 969 1620 tionem
984 1580 1094 1624 eorum
1114 1583 1179 1626 esse
1199 1583 1269 1644 quae
1283 1564 1409 1625 suntad
1424 1564 1528 1624 tinem.
1551 1565 1617 1624 Hoc
1699 1560 1702 1565 ’

63 1647 194 1727 sacrilegas
211 1669 316 1727 voces,
335 1670 436 1713 meras
457 1653 589 1714 hereses
609 1658 641 1713 et
657 1652 800 1733 blaspba-
850 1660 943 1729 caput
956 1659 1002 1714 est
1013 1654 1198 1717 Aristotelici
1219 1656 1371 1735 dogmatis
1388 1655 1426 1715 de
1449 1655 1545 1716 libera
1558 1654 1618 1715 ho·

63 1739 447 1823 mesopotamiamque
463 1750 534 1805 tum
550 1743 706 1806 catholicae
714 1744 798 1822 fidei,
849 1741 942 1803 minis
959 1744 1130 1823 voluntate,
1159 1747 1242 1826 quod
1260 1765 1277 1808 e
1298 1747 1389 1807 tertio
1412 1744 1617 1807 Nicomachus

63 1833 219 1894 actoritatis
231 1835 394 1896 inimicas?
409 1836 506 1911 idem,
515 1853 589 1897 eum
597 1836 722 1896 nullum
731 1835 799 1897 illo·
850 1851 927 1902 rum,
944 1842 972 1895 et
985 1855 1161 1917 mapparum
1175 1837 1334 1899 Moralium
1347 1838 1460 1917 primo,
1470 1844 1617 1917 supraest

64 1939 119 1982 rom
125 1923 256 1986 delibero
266 1926 402 1987 hominis
410 1926 539 1989 arbitrio
549 1926 800 2005 dictum,nullam
850 1926 1024 2004 expositum
1037 1947 1056 1989 a
1070 1928 1170 2004 nobis,
1184 1929 1337 2007 adjunctis
1351 1935 1383 1988 et
1395 1929 1528 1989 aliorum
1537 1929 1616 2007 ejus·

64 2012 385 2079 ubmumutsemm
410 2017 543 2098 proferri
564 2018 677 2093 videat,
705 2036 800 2097 quam
849 2015 922 2077 dem
943 2024 1043 2094 sectae,
1058 2026 1090 2080 et
1114 2020 1197 2081 illius
1219 2020 1425 2100 interpretum
1443 2021 1613 2094 sententiis,

65 2106 286 2185 conchristiani,
295 2110 499 2190 catholicique
513 2109 648 2171 nominis
660 2110 801 2171 doctores
849 2124 919 2187 quse
933 2109 974 2170 ad
986 2111 1132 2172 eumdem
1147 2129 1256 2172 omnes
1279 2129 1408 2191 scopum
1425 2110 1612 2173 referuntur.

64 2199 339 2280 omnes,actheologi
350 2206 382 2263 θῖ
393 2202 656 2281 inusuirequenti
665 2202 801 2263 habeant
850 2199 937 2261 Hanc
950 2201 1045 2280 igitur
1062 2202 1151 2264 libari
1169 2203 1288 2264 arbitrii
1302 2203 1526 2279 definitionem,
1541 2209 1614 2265 tan·

64 2295 236 2353 usserorum
248 2291 404 2354 librorum
413 2293 600 2355 testimoniis
609 2293 798 2374 approbent;
850 2306 944 2367 quam
956 2290 1144 2365 haereticam,
1163 2292 1424 2371 Pelagianamque
1439 2292 1546 2353 liberae
1560 2312 1615 2372 pa-

63 2379 140 2443 dicam
154 2384 297 2465 amplius,
323 2385 375 2446 cui
393 2404 456 2446 non
475 2385 630 2446 contraria
647 2402 802 2447 ruovorum
849 2380 932 2440 troni
946 2383 1135 2444 necessitatis
1148 2383 1406 2445 inerueresolent.

64 2471 166 2535 storum
177 2476 396 2556 theologorum
414 2477 560 2557 dogmata
580 2477 723 2538 hoeretiea
737 2495 802 2539 esse
891 2473 984 2551 Atqui
1007 2475 1084 2535 nihil
1105 2475 1220 2535 horum
1243 2481 1300 2552 est,
1321 2474 1405 2555 quod
1423 2494 1489 2536 non
1512 2477 1617 2537 Patres

64 2573 195 2645 tensmnt3
211 2569 299 2648 qnid,
311 2575 348 2630 ut
360 2569 420 2629 illis
440 2568 633 2649 equissimus
651 2569 701 2644 sit,
717 2568 802 2631 aliud
850 2581 969 2642 omnes,
984 2583 1020 2627 ac
1033 2566 1169 2645 theologi
1182 2567 1292 2627 iisdem
1302 2567 1404 2628 verbis
1419 2573 1450 2628 et
1458 2569 1617 2630 sententiis

64 2656 161 2734 cogiut,
177 2659 239 2719 nisi
260 2665 316 2720 aut
338 2678 450 2739 parum
472 2665 607 2721 attentos
624 2677 676 2720 eos
696 2659 801 2737 luisse,
850 2657 1066 2735 expresserint,
1077 2663 1108 2718 et
1121 2659 1160 2719 ad
1180 2658 1396 2737 explicandam
1415 2658 1505 2720 liberi
1524 2666 1616 2721 natu·
1706 2660 1712 2679 ⁸

64 2746 103 2824 qui
120 2754 176 2810 tam
198 2752 361 2831 perspicue
388 2752 505 2812 absona
525 2759 556 2813 at
579 2751 712 2812 absurda
738 2771 803 2813 non
849 2765 918 2807 ram
931 2748 1050 2808 arbitrii
1073 2768 1199 2829 prorsus
1217 2750 1428 2810 adhibuerint.
1443 2751 1553 2812 Nullus
1566 2753 1618 2814 hie

64 2838 183 2917 udone
203 2848 259 2904 aut
271 2842 408 2904 multum
425 2842 589 2922 simplices,
604 2842 658 2922 qui
672 2860 704 2904 se
717 2861 801 2904 mor·
851 2839 889 2899 de
902 2841 1010 2918 gratia,
1036 2845 1068 2901 θῖ
1087 2859 1146 2920 ope
1173 2841 1278 2902 divina
1297 2858 1399 2902 sermo
1421 2859 1485 2902 esse
1513 2842 1614 2919 debet,

64 2928 308 2997 idibuscmnihus
328 2935 405 3011 sola,
427 2935 511 3014 quod
523 2934 648 3009 vellent,
672 2936 803 2996 auctori·
850 2948 944 3009 quem
956 2949 1057 3011 neque
1078 2932 1177 3007 scivit,
1197 2951 1300 3011 neque
1314 2932 1451 2992 naturali
1465 2932 1530 2993 sola
1547 2933 1616 2995 luce

63 3026 147 3085 tatem
156 3044 229 3087 roae
238 3044 295 3087 sua
307 3026 493 3105 probaturos
504 3043 569 3088 esse
585 3026 801 3089 confiderent?
850 3021 973 3100 adjutus
986 3024 1063 3085 scire
1075 3024 1177 3103 potuit
1194 3024 1382 3084 Aristotcles.
1406 3025 1449 3084 De
1466 3023 1617 3085 libertatis

65 3112 245 3178 Quidenim‘t
264 3119 353 3178 Itane
375 3116 594 3197 contempsisse
616 3117 685 3178 illos
704 3120 802 3180 aetatis
850 3123 963 3176 natura
981 3119 1012 3176 et
1032 3116 1220 3196 proprietate
1242 3120 1366 3176 tantum
1386 3116 1501 3194 agitur,
1517 3134 1617 3196 eoque

64 3202 136 3283 hujus
144 3208 276 3286 ingenia,
291 3215 346 3270 aut
354 3208 472 3288 Judlcia
491 3226 555 3269 non
573 3208 795 3288 reformidasse,
851 3212 934 3267 statu
946 3225 1040 3286 quam
1052 3207 1185 3286 aprima
1198 3208 1352 3268 creatione
1358 3207 1487 3267 insitum
1499 3213 1531 3268 et
1539 3209 1617 3269 uati·

64 3300 90 3354 ut
106 3298 147 3358 val
168 3302 328 3362 neminem
351 3318 416 3363 esse
439 3299 610 3381 crederent,
634 3301 699 3380 qui,
726 3302 799 3381 quid
851 3317 926 3359 vum
952 3296 1065 3373 babet3
1101 3299 1156 3378 qui
1187 3298 1280 3358 nullis
1312 3299 1479 3359 sceleribus
1512 3300 1615 3377 obrui,

64 3386 162 3451 doeuet
181 3392 369 3466 Aristoteles,
392 3391 469 3472 quid
489 3392 611 3470 antiqui
633 3393 750 3471 Patres,
772 3399 804 3454 et
852 3390 1082 3469 oblitterariquc
1106 3395 1218 3469 potest,
1243 3394 1493 3469 propterquam,
1524 3393 1618 3452 etiam

65 3477 179 3542 belsia
195 3484 348 3562 magistri,
373 3484 476 3544 scisset
497 3500 647 3562 unquam,
667 3489 699 3545 et
711 3484 803 3545 ambo
851 3487 920 3562 post
932 3486 1103 3562 peceatum,
1119 3481 1280 3542 inAdamo
1287 3482 1441 3560 integram
1451 3481 1620 3544 voluntatis

65 3567 127 3632 inter
137 3591 166 3634 se
178 3575 318 3636 conferre
325 3580 441 3655 posset,
458 3573 519 3651 vel,
532 3574 570 3649 si,
580 3575 804 3653 quodestcon-
851 3574 999 3636 manshse
1015 3572 1200 3647 libertatem,
1225 3592 1297 3635 cum
1317 3574 1429 3634 divinae
1447 3574 1569 3649 litterae,
1584 3593 1620 3635 ae

65 3669 231 3744 ιθιιῖιιιθιιιιι,
251 3668 291 3728 de
303 3667 363 3728 hoc
379 3666 508 3727 illorum
519 3665 600 3726 iacto
620 3669 803 3746 pronuntia·
851 3668 972 3741 Patres,
984 3672 1054 3726 tum
1067 3666 1285 3728 examborum
1298 3667 1478 3727 auctoritate
1492 3666 1620 3728 Triden-

66 3757 211 3833 tunesset,
226 3759 258 3819 id
278 3759 483 3838 despicerent,
503 3775 609 3837 acpro
623 3757 703 3817 mbrl
714 3765 804 3837 puta
852 3758 919 3819 tina
950 3759 1089 3837 synodus
1122 3775 1195 3818 cum
1227 3757 1431 3818 anathematis
1461 3758 1618 3818 sanctione

65 3847 218 3925 rentlsed,
238 3857 274 3911 ut
277 3849 513 3937 conquerendo
534 3866 602 3910 rem
622 3850 804 3912 exacerbare
852 3849 997 3911 decrevit
1026 3849 1114 3923 Quod
1145 3848 1333 3909 Tridentinae
1365 3848 1477 3927 synodi
1507 3847 1619 3908 scitum

66 3936 190 4019 destinam
212 3943 270 4004 etsi
290 3961 355 4003 non
374 3942 446 4002 satis
468 3940 609 4002 dolenter
624 3958 681 4021 pro
695 3959 744 4017 eo,
768 3961 804 4005 ac
852 3942 953 4021 primo
978 3961 997 4003 a
1019 3960 1070 4003 me
1093 3943 1372 4001 commemoratum
1393 3938 1504 4018 capite,
1523 3955 1620 4017 quam

66 4040 188 4111 mereim,
203 4035 263 4096 dici
281 4035 340 4095 ista
361 4039 480 4114 potest;
497 4038 603 4094 ῖθιιιθιι
622 4038 658 4093 ut
674 4033 805 4096 convicti
852 4033 918 4093 vim
944 4033 1057 4094 babeat
1076 4032 1221 4094 adversus
1236 4030 1414 4090 hereticam
1438 4029 1618 4103 novitatem,

65 4125 254 4203 perspicuitate
267 4127 413 4202 tenutis,
429 4124 622 4187 eteridentia
634 4124 804 4187 obtrectare
852 4123 945 4202 perulo
965 4128 1035 4203 post
1056 4123 1185 4196 videro;
1210 4129 1291 4182 certe
1313 4120 1390 4182 illud
1417 4121 1607 4183 euidenst
1560 4126 1618 4193 est,

65 4214 219 4278 neboubus
243 4224 275 4279 et
300 4216 451 4278 obluctari
484 4216 638 4293 desinant,
670 4217 804 4295 agedum
852 4215 1007 4275 nibiltam
1020 4232 1085 4276 esse
1099 4212 1290 4275 scunarium
1305 4211 1405 4287 alteri,
1420 4230 1516 4291 quam
1525 4213 1618 4273 ambo

65 4304 220 4383 ῖιίεῖοῖθῖίε,
242 4313 274 4370 θῖ
294 4307 496 4389 philosophiae
517 4306 636 4384 flagitia
653 4306 718 4384 illa,
733 4326 804 4387 quas
852 4308 997 4367 istasunt
1015 4306 1164 4379 invicem3
1179 4323 1274 4378 nunc,
1297 4304 1380 4383 quod
1394 4303 1498 4380 instat,
1517 4303 1617 4384 quod·

66 4401 127 4473 sunt,
140 4401 309 4461 audiamus
853 4397 1236 4478 quejamexorsisumus,
1250 4413 1379 4475 agamus
1393 4396 1506 4475 potius.

94 4487 164 4550 VllI.
185 4493 357 4553 Estautem
369 4508 469 4552 unum
481 4491 541 4552 boe
554 4496 585 4552 θῖ
597 4508 802 4571 praecipuum
893 4490 945 4550 IX
961 4490 1069 4569 Itaque
1082 4488 1234 4567 sepositis,
1250 4487 1386 4564 utidixi,
1405 4488 1513 4566 gratiae
1528 4489 1617 4568 adju·
1651 4510 1785 4555 ιηιιοιιιιι

67 4573 173 4658 lnquod
194 4587 259 4643 tota
275 4583 324 4643 vis
344 4582 600 4660 adversariorum,
617 4588 649 4643 et
670 4582 804 4662 impetus
853 4581 966 4642 mentis
988 4599 1025 4640 ac
1042 4579 1202 4659 praesidiis,
1226 4596 1295 4658 quae
1319 4579 1359 4639 ad
1384 4579 1505 4639 arbitrii
1527 4579 1619 4641 liberi
1660 4565 1718 4660 Ἢ
1715 4563 1778 4660 :3¹¹2

67 4666 180 4748 incurrit,
204 4675 348 4754 quodque
368 4676 539 4780 presertim
560 4679 596 4735 ut
611 4674 804 4751 haereticum,
854 4678 999 4733 neumam
1011 4671 1089 4731 adeo
1103 4688 1168 4731 non
1186 4670 1354 4750 pertinent,
1370 4677 1513 4750 utsupra
1531 4677 1620 4732 natu·
1665 4669 1772 4765 ppulo:

68 4762 284 4843 &Pelagianum
296 4766 451 4826 criminari
465 4766 565 4827 solent
568 4764 671 4870 ,quod
679 4765 804 4826 liberta·
854 4782 933 4837 ram,
962 4762 995 4823 id
1022 4768 1068 4822 est
1088 4760 1332 4842 supernaturalia
1365 4780 1430 4823 esse
1458 4762 1680 4838 dicantur3u
1651 4779 1788 4882 spartam

68 4849 105 4926 h,
125 4855 297 4936 arbitriique
319 4857 409 4918 liberi
436 4857 606 4918 naturam
598 4875 631 4918 m
657 4873 694 4917 eo
717 4856 806 4935 ponit
855 4854 934 4916 nihil
947 4853 985 4914 de
1006 4853 1148 4914 libertate
1166 4853 1333 4914 voluntatis
1336 4853 1550 4933 arbitrioque
1562 4827 1698 4914 isto

68 4940 233 5024 muctar,
255 4954 290 5009 ut
307 4948 487 5009 indifferens
506 4949 546 5009 sit
569 4948 609 5009 ad
626 4947 809 5008 utrumlibet
855 4945 953 5007 libero
984 4945 1145 5024 scriptum,
1181 4944 1311 5020 editum,
1348 4945 1549 5005 constitutum
1583 4943 1622 5003 ab
1654 4833 1784 4975 enimn.

69 5031 181 5098 duunm
193 5040 388 5118 eligendum;
407 5059 466 5101 nec
485 5058 549 5100 uuo
563 5039 667 5118 aliquo
681 5038 809 5098 definita
856 5036 1031 5111 Aristotele,
1051 5053 1087 5095 ac
1114 5035 1321 5113 Peripateticis
1346 5034 1395 5094 aio
1420 5034 1621 5114 philosophis,

68 5139 96 5184 ιι
110 5127 303 5194 determinata
321 5133 370 5207 sit,
389 5136 444 5193 aut
466 5131 506 5192 ad
526 5148 626 5192 unum
647 5129 809 5210 quippiam
843 5128 942 5208 quod
953 5144 1019 5188 non
1029 5124 1133 5188 verbis
1144 5126 1285 5207 totidem,
1302 5144 1338 5187 ao
1353 5128 1513 5190 sentemiis
1535 5143 1623 5187 usur·

89 5328 169 5377 tuuc
181 5330 210 5379 lli
223 5334 292 5379 Sbte.
305 5344 354 5390 cap.
365 5343 409 5376 ι.-
422 5332 438 5376 2
449 5331 503 5390 cap.
516 5331 606 5376 ιιι-8
615 5330 667 5388 cap.
681 5329 768 5379 ιιι-Δ
781 5328 836 5386 Gap.
847 5338 879 5373 rr.

205 5413 287 5475 Tou.
302 5413 355 5475 tv.
1447 5404 1488 5465 20
