<?xml version="1.0" encoding="UTF-8"?>
<!DOCTYPE html PUBLIC "-//W3C//DTD XHTML 1.0 Transitional//EN"
    "http://www.w3.org/TR/xhtml1/DTD/xhtml1-transitional.dtd">
<html xmlns="http://www.w3.org/1999/xhtml" xml:lang="en" lang="en">
 <head>
  <title>
</title>
<meta http-equiv="Content-Type" content="text/html;charset=utf-8" />
  <meta name='ocr-system' content='tesseract 3.04.00' />
  <meta name='ocr-capabilities' content='ocr_page ocr_carea ocr_par ocr_line ocrx_word'/>
</head>
<body>
  <div class='ocr_page' id='page_1' title='image "./dogmatatheologi00goog_0425.png"; bbox 0 0 3936 6172; ppageno 0'>
   <div class='ocr_carea' id='block_1_1' title="bbox 290 377 1356 443">
    <p class='ocr_par' dir='ltr' id='par_1_1' title="bbox 290 377 1356 443">
     <span class='ocr_line' id='line_1_1' title="bbox 290 377 1356 443; baseline 0.003 -5"><span class='ocrx_word' id='word_1_1' title='bbox 290 377 350 438; x_wconf 74' lang='grc'><strong>406</strong></span> <span class='ocrx_word' id='word_1_2' title='bbox 794 380 1120 443; x_wconf 75' lang='lat' dir='ltr'><strong>rummstccutttt</strong></span> <span class='ocrx_word' id='word_1_3' title='bbox 1140 378 1356 442; x_wconf 71' lang='lat' dir='ltr'><strong>menuctus</strong></span> 
     </span>
    </p>
   </div>
   <div class='ocr_carea' id='block_1_2' title="bbox 169 543 1927 5412">
    <p class='ocr_par' dir='ltr' id='par_1_2' title="bbox 169 543 1927 5412">
     <span class='ocr_line' id='line_1_2' title="bbox 291 543 1850 630; baseline 0.005 -24"><span class='ocrx_word' id='word_1_4' title='bbox 291 545 344 620; x_wconf 87' lang='lat' dir='ltr'><strong>ait,</strong></span> <span class='ocrx_word' id='word_1_5' title='bbox 359 543 399 605; x_wconf 86' lang='lat' dir='ltr'><strong>Si</strong></span> <span class='ocrx_word' id='word_1_6' title='bbox 409 563 458 607; x_wconf 84' lang='lat' dir='ltr'><strong>aes</strong></span> <span class='ocrx_word' id='word_1_7' title='bbox 470 544 570 608; x_wconf 78' lang='lat' dir='ltr'><strong>Filias</strong></span> <span class='ocrx_word' id='word_1_8' title='bbox 579 545 756 621; x_wconf 67' lang='lat' dir='ltr'><strong>liberaverit,</strong></span> <span class='ocrx_word' id='word_1_9' title='bbox 766 565 831 609; x_wconf 75' lang='lat' dir='ltr'><strong>aar</strong></span> <span class='ocrx_word' id='word_1_10' title='bbox 843 546 929 630; x_wconf 69' lang='lat' dir='ltr'><strong>tiberi</strong></span> <span class='ocrx_word' id='word_1_11' title='bbox 937 547 1019 608; x_wconf 83' lang='lat' dir='ltr'><strong>eritis</strong></span> <span class='ocrx_word' id='word_1_12' title='bbox 1033 545 1042 579; x_wconf 94' lang='lat'><strong>¹</strong></span> <span class='ocrx_word' id='word_1_13' title='bbox 1047 566 1056 622; x_wconf 89' lang='lat'>;</span> <span class='ocrx_word' id='word_1_14' title='bbox 1107 546 1202 619; x_wconf 88' lang='lat' dir='ltr'><strong>malo,</strong></span> <span class='ocrx_word' id='word_1_15' title='bbox 1218 551 1250 607; x_wconf 90' lang='lat' dir='ltr'><strong>et</strong></span> <span class='ocrx_word' id='word_1_16' title='bbox 1261 543 1438 606; x_wconf 68' lang='lat' dir='ltr'><strong>retensum</strong></span> <span class='ocrx_word' id='word_1_17' title='bbox 1451 546 1580 622; x_wconf 90' lang='lat' dir='ltr'><strong>bonnm,</strong></span> <span class='ocrx_word' id='word_1_18' title='bbox 1595 547 1730 611; x_wconf 81' lang='lat' dir='ltr'><strong>liberum</strong></span> <span class='ocrx_word' id='word_1_19' title='bbox 1740 548 1850 615; x_wconf 84' lang='lat' dir='ltr'><strong>habeba·</strong></span> 
     </span>
     <span class='ocr_line' id='line_1_3' title="bbox 290 631 1850 722; baseline 0.006 -25"><span class='ocrx_word' id='word_1_20' title='bbox 290 642 322 697; x_wconf 89' lang='lat' dir='ltr'><strong>et</strong></span> <span class='ocrx_word' id='word_1_21' title='bbox 332 636 522 717; x_wconf 75' lang='lat' dir='ltr'><strong>Apostolus¹</strong></span> <span class='ocrx_word' id='word_1_22' title='bbox 540 659 547 699; x_wconf 77' lang='lat' dir='ltr'><strong>t</strong></span> <span class='ocrx_word' id='word_1_23' title='bbox 565 637 624 706; x_wconf 82' lang='lat' dir='ltr'><strong>Ubi</strong></span> <span class='ocrx_word' id='word_1_24' title='bbox 634 639 754 720; x_wconf 81' lang='lat' dir='ltr'><strong>spiritus</strong></span> <span class='ocrx_word' id='word_1_25' title='bbox 762 639 893 715; x_wconf 80' lang='lat' dir='ltr'><strong><em>Domini,</em></strong></span> <span class='ocrx_word' id='word_1_26' title='bbox 911 638 954 699; x_wconf 86' lang='lat' dir='ltr'><strong>ibi</strong></span> <span class='ocrx_word' id='word_1_27' title='bbox 963 636 1056 699; x_wconf 81' lang='lat' dir='ltr'><strong>iiber·</strong></span> <span class='ocrx_word' id='word_1_28' title='bbox 1107 656 1178 699; x_wconf 78' lang='lat' dir='ltr'><strong>mins</strong></span> <span class='ocrx_word' id='word_1_29' title='bbox 1200 638 1376 715; x_wconf 83' lang='lat' dir='ltr'><strong>arbitrium,</strong></span> <span class='ocrx_word' id='word_1_30' title='bbox 1398 639 1524 717; x_wconf 66' lang='lat' dir='ltr'><strong>aptando</strong></span> <span class='ocrx_word' id='word_1_31' title='bbox 1557 647 1624 701; x_wconf 87' lang='lat' dir='ltr'><strong>erat</strong></span> <span class='ocrx_word' id='word_1_32' title='bbox 1642 640 1700 702; x_wconf 86' lang='lat' dir='ltr'><strong>snb</strong></span> <span class='ocrx_word' id='word_1_33' title='bbox 1723 631 1850 722; x_wconf 69' lang='lat' dir='ltr'><strong>primate</strong></span> 
     </span>
     <span class='ocr_line' id='line_1_4' title="bbox 292 729 1850 813; baseline 0.008 -26"><span class='ocrx_word' id='word_1_34' title='bbox 292 735 336 788; x_wconf 81' lang='lat' dir='ltr'><strong>tas</strong></span> <span class='ocrx_word' id='word_1_35' title='bbox 353 747 364 788; x_wconf 89' lang='lat'><strong>.·</strong></span> <span class='ocrx_word' id='word_1_36' title='bbox 382 730 445 805; x_wconf 83' lang='lat' dir='ltr'><strong>Ouo</strong></span> <span class='ocrx_word' id='word_1_37' title='bbox 465 730 612 809; x_wconf 84' lang='lat' dir='ltr'><strong>libertate,</strong></span> <span class='ocrx_word' id='word_1_38' title='bbox 637 732 682 793; x_wconf 88' lang='lat' dir='ltr'><strong>ait</strong></span> <span class='ocrx_word' id='word_1_39' title='bbox 698 732 781 793; x_wconf 89' lang='lat' dir='ltr'><strong>idem</strong></span> <span class='ocrx_word' id='word_1_40' title='bbox 795 730 819 805; x_wconf 70' lang='lat'><strong>³,</strong></span> <span class='ocrx_word' id='word_1_41' title='bbox 846 729 984 794; x_wconf 74' lang='lat' dir='ltr'><strong>Christro</strong></span> <span class='ocrx_word' id='word_1_42' title='bbox 1006 748 1058 790; x_wconf 82' lang='lat' dir='ltr'><strong>nos</strong></span> <span class='ocrx_word' id='word_1_43' title='bbox 1107 730 1324 805; x_wconf 80' lang='lat' dir='ltr'><strong>tenebrarum3</strong></span> <span class='ocrx_word' id='word_1_44' title='bbox 1353 731 1437 793; x_wconf 91' lang='lat' dir='ltr'><strong>unde</strong></span> <span class='ocrx_word' id='word_1_45' title='bbox 1464 749 1533 809; x_wconf 89' lang='lat' dir='ltr'><strong>nos,</strong></span> <span class='ocrx_word' id='word_1_46' title='bbox 1560 733 1586 793; x_wconf 93' lang='lat' dir='ltr'><strong>si</strong></span> <span class='ocrx_word' id='word_1_47' title='bbox 1609 735 1850 813; x_wconf 87' lang='lat' dir='ltr'><strong>quemadmodum</strong></span> 
     </span>
     <span class='ocr_line' id='line_1_5' title="bbox 290 818 1851 906; baseline 0.009 -27"><span class='ocrx_word' id='word_1_48' title='bbox 290 818 436 897; x_wconf 83' lang='lat' dir='ltr'><strong>liberavit,</strong></span> <span class='ocrx_word' id='word_1_49' title='bbox 450 841 563 903; x_wconf 83' lang='lat' dir='ltr'>nempe</span> <span class='ocrx_word' id='word_1_50' title='bbox 574 843 629 905; x_wconf 80' lang='lat' dir='ltr'><strong>per</strong></span> <span class='ocrx_word' id='word_1_51' title='bbox 651 824 792 905; x_wconf 83' lang='lat' dir='ltr'><strong>spiritum</strong></span> <span class='ocrx_word' id='word_1_52' title='bbox 805 822 975 903; x_wconf 82' lang='lat' dir='ltr'><strong>adoptionis</strong></span> <span class='ocrx_word' id='word_1_53' title='bbox 986 823 1059 904; x_wconf 82' lang='lat' dir='ltr'><strong>,qni</strong></span> <span class='ocrx_word' id='word_1_54' title='bbox 1107 822 1180 883; x_wconf 90' lang='lat' dir='ltr'><strong>dicit</strong></span> <span class='ocrx_word' id='word_1_55' title='bbox 1190 823 1364 904; x_wconf 77' lang='lat' dir='ltr'><strong>Apostolus,</strong></span> <span class='ocrx_word' id='word_1_56' title='bbox 1381 824 1463 885; x_wconf 89' lang='lat' dir='ltr'><strong>Deus</strong></span> <span class='ocrx_word' id='word_1_57' title='bbox 1475 823 1565 898; x_wconf 89' lang='lat' dir='ltr'><strong>eruit,</strong></span> <span class='ocrx_word' id='word_1_58' title='bbox 1585 826 1652 905; x_wconf 92' lang='lat' dir='ltr'><strong>ipse</strong></span> <span class='ocrx_word' id='word_1_59' title='bbox 1666 827 1769 906; x_wconf 92' lang='lat' dir='ltr'><strong>utique</strong></span> <span class='ocrx_word' id='word_1_60' title='bbox 1788 828 1851 893; x_wconf 87' lang='lat' dir='ltr'><strong>illud</strong></span> 
     </span>
     <span class='ocr_line' id='line_1_6' title="bbox 290 913 1850 997; baseline 0.001 -16"><span class='ocrx_word' id='word_1_61' title='bbox 290 923 488 981; x_wconf 81' lang='lat' dir='ltr'><strong>testimoniam</strong></span> <span class='ocrx_word' id='word_1_62' title='bbox 497 914 595 977; x_wconf 78' lang='lat' dir='ltr'><strong>reate</strong></span> <span class='ocrx_word' id='word_1_63' title='bbox 609 915 736 997; x_wconf 82' lang='lat' dir='ltr'><strong>spiritui</strong></span> <span class='ocrx_word' id='word_1_64' title='bbox 749 921 856 991; x_wconf 81' lang='lat' dir='ltr'><strong>nostre,</strong></span> <span class='ocrx_word' id='word_1_65' title='bbox 868 914 946 996; x_wconf 80' lang='lat' dir='ltr'><strong>qaod</strong></span> <span class='ocrx_word' id='word_1_66' title='bbox 958 933 1058 977; x_wconf 79' lang='lat' dir='ltr'><strong>samm</strong></span> <span class='ocrx_word' id='word_1_67' title='bbox 1106 913 1240 976; x_wconf 88' lang='lat' dir='ltr'><strong>liberum</strong></span> <span class='ocrx_word' id='word_1_68' title='bbox 1253 915 1332 977; x_wconf 87' lang='lat' dir='ltr'><strong>feeit.</strong></span> <span class='ocrx_word' id='word_1_69' title='bbox 1349 935 1365 974; x_wconf 86' lang='lat' dir='ltr'><strong>n</strong></span> <span class='ocrx_word' id='word_1_70' title='bbox 1384 914 1502 977; x_wconf 80' lang='lat' dir='ltr'>Ibidem</span> <span class='ocrx_word' id='word_1_71' title='bbox 1522 922 1555 977; x_wconf 88' lang='lat' dir='ltr'><strong>et</strong></span> <span class='ocrx_word' id='word_1_72' title='bbox 1571 917 1733 980; x_wconf 81' lang='lat' dir='ltr'><strong>Diabolum</strong></span> <span class='ocrx_word' id='word_1_73' title='bbox 1744 920 1785 980; x_wconf 87' lang='lat' dir='ltr'><strong>ait</strong></span> <span class='ocrx_word' id='word_1_74' title='bbox 1799 940 1850 983; x_wconf 90' lang='lat' dir='ltr'><strong>non</strong></span> 
     </span>
     <span class='ocr_line' id='line_1_7' title="bbox 288 1005 1851 1093; baseline 0.001 -20"><span class='ocrx_word' id='word_1_75' title='bbox 288 1010 350 1093; x_wconf 74' lang='lat' dir='ltr'><strong>filii</strong></span> <span class='ocrx_word' id='word_1_76' title='bbox 360 1011 418 1073; x_wconf 88' lang='lat' dir='ltr'><strong>Dei</strong></span> <span class='ocrx_word' id='word_1_77' title='bbox 426 1009 449 1088; x_wconf 70' lang='lat'><strong>⁸,</strong></span> <span class='ocrx_word' id='word_1_78' title='bbox 462 1016 492 1071; x_wconf 88' lang='lat' dir='ltr'><strong>et</strong></span> <span class='ocrx_word' id='word_1_79' title='bbox 505 1008 646 1070; x_wconf 78' lang='lat' dir='ltr'><strong>serviunti</strong></span> <span class='ocrx_word' id='word_1_80' title='bbox 671 1008 788 1071; x_wconf 80' lang='lat' dir='ltr'><strong><em>ibidem</em></strong></span> <span class='ocrx_word' id='word_1_81' title='bbox 807 1008 985 1088; x_wconf 86' lang='lat' dir='ltr'><strong>opponitur.</strong></span> <span class='ocrx_word' id='word_1_82' title='bbox 1012 1009 1057 1069; x_wconf 86' lang='lat' dir='ltr'><strong>lta</strong></span> <span class='ocrx_word' id='word_1_83' title='bbox 1105 1005 1220 1070; x_wconf 88' lang='lat' dir='ltr'><strong>habere</strong></span> <span class='ocrx_word' id='word_1_84' title='bbox 1246 1007 1410 1070; x_wconf 80' lang='lat' dir='ltr'><strong>«liberum</strong></span> <span class='ocrx_word' id='word_1_85' title='bbox 1436 1008 1599 1069; x_wconf 87' lang='lat' dir='ltr'><strong>arbitrium</strong></span> <span class='ocrx_word' id='word_1_86' title='bbox 1621 1010 1661 1072; x_wconf 91' lang='lat' dir='ltr'><strong>ad</strong></span> <span class='ocrx_word' id='word_1_87' title='bbox 1683 1010 1851 1075; x_wconf 81' lang='lat' dir='ltr'><strong>benefacien-</strong></span> 
     </span>
     <span class='ocr_line' id='line_1_8' title="bbox 288 1099 1850 1190; baseline 0.003 -26"><span class='ocrx_word' id='word_1_88' title='bbox 288 1103 421 1164; x_wconf 89' lang='lat' dir='ltr'><strong>liberum</strong></span> <span class='ocrx_word' id='word_1_89' title='bbox 432 1101 607 1175; x_wconf 89' lang='lat' dir='ltr'><strong>arbitrium,</strong></span> <span class='ocrx_word' id='word_1_90' title='bbox 625 1099 675 1161; x_wconf 91' lang='lat' dir='ltr'><strong>vel</strong></span> <span class='ocrx_word' id='word_1_91' title='bbox 688 1100 788 1161; x_wconf 90' lang='lat' dir='ltr'><strong>libera</strong></span> <span class='ocrx_word' id='word_1_92' title='bbox 799 1100 943 1160; x_wconf 82' lang='lat' dir='ltr'><strong>voluntas</strong></span> <span class='ocrx_word' id='word_1_93' title='bbox 955 1100 1058 1180; x_wconf 91' lang='lat' dir='ltr'><strong>dupli·</strong></span> <span class='ocrx_word' id='word_1_94' title='bbox 1105 1100 1193 1173; x_wconf 89' lang='lat' dir='ltr'><strong>dum,</strong></span> <span class='ocrx_word' id='word_1_95' title='bbox 1205 1100 1308 1161; x_wconf 90' lang='lat' dir='ltr'><strong>sedad</strong></span> <span class='ocrx_word' id='word_1_96' title='bbox 1328 1101 1499 1190; x_wconf 84' lang='lat' dir='ltr'><strong>maximam</strong></span> <span class='ocrx_word' id='word_1_97' title='bbox 1519 1101 1764 1165; x_wconf 71' lang='lat' dir='ltr'><strong>malevolentiam</strong></span> <span class='ocrx_word' id='word_1_98' title='bbox 1775 1123 1850 1185; x_wconf 83' lang='lat' dir='ltr'><strong>pana</strong></span> 
     </span>
     <span class='ocr_line' id='line_1_9' title="bbox 169 1190 1531 1272; baseline -0.004 -16"><span class='ocrx_word' id='word_1_99' title='bbox 169 1192 174 1201; x_wconf 85' lang='lat'>&#39;</span> <span class='ocrx_word' id='word_1_100' title='bbox 288 1196 363 1256; x_wconf 86' lang='lat' dir='ltr'><strong>citer</strong></span> <span class='ocrx_word' id='word_1_101' title='bbox 373 1194 502 1269; x_wconf 65' lang='lat' dir='ltr'><strong>dicitur}</strong></span> <span class='ocrx_word' id='word_1_102' title='bbox 516 1198 571 1254; x_wconf 89' lang='lat' dir='ltr'><strong>aut</strong></span> <span class='ocrx_word' id='word_1_103' title='bbox 582 1191 655 1272; x_wconf 90' lang='lat' dir='ltr'><strong>quia</strong></span> <span class='ocrx_word' id='word_1_104' title='bbox 668 1192 731 1253; x_wconf 92' lang='lat' dir='ltr'><strong>huc</strong></span> <span class='ocrx_word' id='word_1_105' title='bbox 743 1191 792 1252; x_wconf 90' lang='lat' dir='ltr'><strong>vel</strong></span> <span class='ocrx_word' id='word_1_106' title='bbox 805 1190 879 1252; x_wconf 88' lang='lat' dir='ltr'><strong>illue</strong></span> <span class='ocrx_word' id='word_1_107' title='bbox 896 1191 977 1252; x_wconf 86' lang='lat' dir='ltr'><strong>flecti</strong></span> <span class='ocrx_word' id='word_1_108' title='bbox 999 1211 1055 1271; x_wconf 91' lang='lat' dir='ltr'><strong>po·</strong></span> <span class='ocrx_word' id='word_1_109' title='bbox 1104 1192 1152 1252; x_wconf 87' lang='lat' dir='ltr'><strong>sui</strong></span> <span class='ocrx_word' id='word_1_110' title='bbox 1166 1192 1287 1253; x_wconf 83' lang='lat' dir='ltr'><strong>sceleris</strong></span> <span class='ocrx_word' id='word_1_111' title='bbox 1301 1192 1499 1254; x_wconf 88' lang='lat' dir='ltr'><strong>obduratum.</strong></span> <span class='ocrx_word' id='word_1_112' title='bbox 1516 1212 1531 1251; x_wconf 85' lang='lat' dir='ltr'><strong>n</strong></span> 
     </span>
     <span class='ocr_line' id='line_1_10' title="bbox 287 1273 1847 1369; baseline 0.003 -22"><span class='ocrx_word' id='word_1_113' title='bbox 287 1293 356 1366; x_wconf 89' lang='lat' dir='ltr'><strong>test,</strong></span> <span class='ocrx_word' id='word_1_114' title='bbox 373 1305 444 1367; x_wconf 82' lang='lat' dir='ltr'><strong>quae</strong></span> <span class='ocrx_word' id='word_1_115' title='bbox 456 1292 502 1347; x_wconf 89' lang='lat' dir='ltr'><strong>eet</strong></span> <span class='ocrx_word' id='word_1_116' title='bbox 514 1284 664 1345; x_wconf 77' lang='lat' dir='ltr'><strong>natiualis</strong></span> <span class='ocrx_word' id='word_1_117' title='bbox 679 1283 763 1343; x_wconf 89' lang='lat' dir='ltr'><strong>illius</strong></span> <span class='ocrx_word' id='word_1_118' title='bbox 776 1283 834 1358; x_wconf 91' lang='lat' dir='ltr'><strong>vis,</strong></span> <span class='ocrx_word' id='word_1_119' title='bbox 854 1302 890 1343; x_wconf 89' lang='lat' dir='ltr'><strong>ae</strong></span> <span class='ocrx_word' id='word_1_120' title='bbox 909 1288 1054 1363; x_wconf 89' lang='lat' dir='ltr'><strong>potestas,</strong></span> <span class='ocrx_word' id='word_1_121' title='bbox 1145 1285 1184 1343; x_wconf 90' lang='lat' dir='ltr'><strong>ln</strong></span> <span class='ocrx_word' id='word_1_122' title='bbox 1201 1284 1282 1345; x_wconf 91' lang='lat' dir='ltr'><strong>libre</strong></span> <span class='ocrx_word' id='word_1_123' title='bbox 1301 1300 1426 1364; x_wconf 91' lang='lat' dir='ltr'><strong>quoque</strong></span> <span class='ocrx_word' id='word_1_124' title='bbox 1439 1283 1475 1346; x_wconf 82' lang='lat' dir='ltr'><strong>da</strong></span> <span class='ocrx_word' id='word_1_125' title='bbox 1491 1273 1691 1368; x_wconf 72' lang='lat' dir='ltr'><strong>Cori-aptiore,</strong></span> <span class='ocrx_word' id='word_1_126' title='bbox 1709 1296 1737 1349; x_wconf 87' lang='lat' dir='ltr'><strong>et</strong></span> <span class='ocrx_word' id='word_1_127' title='bbox 1755 1292 1847 1369; x_wconf 71' lang='lat' dir='ltr'><strong>qratia</strong></span> 
     </span>
     <span class='ocr_line' id='line_1_11' title="bbox 287 1375 1849 1459; baseline 0.003 -19"><span class='ocrx_word' id='word_1_128' title='bbox 287 1386 342 1441; x_wconf 88' lang='lat' dir='ltr'><strong>aut</strong></span> <span class='ocrx_word' id='word_1_129' title='bbox 355 1379 429 1459; x_wconf 90' lang='lat' dir='ltr'><strong>qnia</strong></span> <span class='ocrx_word' id='word_1_130' title='bbox 451 1377 559 1439; x_wconf 89' lang='lat' dir='ltr'><strong>solutis</strong></span> <span class='ocrx_word' id='word_1_131' title='bbox 576 1376 702 1456; x_wconf 69' lang='lat' dir='ltr'><strong>merati,</strong></span> <span class='ocrx_word' id='word_1_132' title='bbox 724 1381 756 1436; x_wconf 92' lang='lat' dir='ltr'><strong>et</strong></span> <span class='ocrx_word' id='word_1_133' title='bbox 773 1376 955 1455; x_wconf 86' lang='lat' dir='ltr'><strong>corruptelae</strong></span> <span class='ocrx_word' id='word_1_134' title='bbox 968 1377 1055 1437; x_wconf 88' lang='lat' dir='ltr'><strong>nexi-</strong></span> <span class='ocrx_word' id='word_1_135' title='bbox 1104 1376 1281 1455; x_wconf 78' lang='lat' dir='ltr'><strong>supprimo</strong></span> <span class='ocrx_word' id='word_1_136' title='bbox 1299 1375 1585 1457; x_wconf 82' lang='lat' dir='ltr'><strong>«Liberumitaque</strong></span> <span class='ocrx_word' id='word_1_137' title='bbox 1604 1377 1763 1441; x_wconf 72' lang='lat' dir='ltr'><strong>arbitrium</strong></span> <span class='ocrx_word' id='word_1_138' title='bbox 1780 1389 1807 1442; x_wconf 86' lang='lat' dir='ltr'><strong>et</strong></span> <span class='ocrx_word' id='word_1_139' title='bbox 1817 1384 1849 1444; x_wconf 91' lang='lat' dir='ltr'><strong>ad</strong></span> 
     </span>
     <span class='ocr_line' id='line_1_12' title="bbox 286 1467 1848 1551; baseline 0.001 -19"><span class='ocrx_word' id='word_1_140' title='bbox 286 1472 356 1549; x_wconf 80' lang='lat' dir='ltr'><strong>biis,</strong></span> <span class='ocrx_word' id='word_1_141' title='bbox 367 1471 481 1551; x_wconf 90' lang='lat' dir='ltr'><strong>quibus</strong></span> <span class='ocrx_word' id='word_1_142' title='bbox 500 1469 644 1530; x_wconf 89' lang='lat' dir='ltr'><strong>servilem</strong></span> <span class='ocrx_word' id='word_1_143' title='bbox 660 1469 694 1529; x_wconf 90' lang='lat' dir='ltr'><strong>in</strong></span> <span class='ocrx_word' id='word_1_144' title='bbox 707 1469 836 1528; x_wconf 89' lang='lat' dir='ltr'><strong>modum</strong></span> <span class='ocrx_word' id='word_1_145' title='bbox 850 1467 1052 1547; x_wconf 77' lang='lat' dir='ltr'><strong>obligabatur,</strong></span> <span class='ocrx_word' id='word_1_146' title='bbox 1103 1468 1233 1541; x_wconf 91' lang='lat' dir='ltr'><strong>malum,</strong></span> <span class='ocrx_word' id='word_1_147' title='bbox 1248 1468 1331 1529; x_wconf 90' lang='lat' dir='ltr'><strong>etad</strong></span> <span class='ocrx_word' id='word_1_148' title='bbox 1344 1468 1465 1529; x_wconf 89' lang='lat' dir='ltr'><strong>bonum</strong></span> <span class='ocrx_word' id='word_1_149' title='bbox 1476 1467 1653 1530; x_wconf 87' lang='lat' dir='ltr'><strong>iaciendum</strong></span> <span class='ocrx_word' id='word_1_150' title='bbox 1663 1471 1848 1534; x_wconf 87' lang='lat' dir='ltr'><strong>confitendum</strong></span> 
     </span>
     <span class='ocr_line' id='line_1_13' title="bbox 251 1559 1848 1644; baseline 0.001 -20"><span class='ocrx_word' id='word_1_151' title='bbox 251 1606 255 1613; x_wconf 72' lang='lat'><strong>.</strong></span> <span class='ocrx_word' id='word_1_152' title='bbox 286 1568 436 1644; x_wconf 78' lang='lat' dir='ltr'><strong>potestate</strong></span> <span class='ocrx_word' id='word_1_153' title='bbox 449 1581 506 1623; x_wconf 89' lang='lat' dir='ltr'><strong>sua</strong></span> <span class='ocrx_word' id='word_1_154' title='bbox 520 1562 617 1622; x_wconf 90' lang='lat' dir='ltr'><strong>utitur</strong></span> <span class='ocrx_word' id='word_1_155' title='bbox 631 1561 722 1634; x_wconf 92' lang='lat' dir='ltr'><strong>adid,</strong></span> <span class='ocrx_word' id='word_1_156' title='bbox 741 1560 824 1640; x_wconf 90' lang='lat' dir='ltr'><strong>quod</strong></span> <span class='ocrx_word' id='word_1_157' title='bbox 838 1559 1056 1636; x_wconf 88' lang='lat' dir='ltr'><strong>bonum,Deo·</strong></span> <span class='ocrx_word' id='word_1_158' title='bbox 1104 1559 1356 1621; x_wconf 87' lang='lat' dir='ltr'><strong>estuoshabere.</strong></span> <span class='ocrx_word' id='word_1_159' title='bbox 1381 1560 1441 1622; x_wconf 87' lang='lat' dir='ltr'><strong>Sed</strong></span> <span class='ocrx_word' id='word_1_160' title='bbox 1467 1561 1501 1620; x_wconf 90' lang='lat' dir='ltr'><strong>in</strong></span> <span class='ocrx_word' id='word_1_161' title='bbox 1523 1562 1606 1622; x_wconf 90' lang='lat' dir='ltr'><strong>malo</strong></span> <span class='ocrx_word' id='word_1_162' title='bbox 1629 1561 1764 1624; x_wconf 85' lang='lat' dir='ltr'><strong>iaciendo</strong></span> <span class='ocrx_word' id='word_1_163' title='bbox 1783 1565 1848 1626; x_wconf 86' lang='lat' dir='ltr'><strong>liber</strong></span> 
     </span>
     <span class='ocr_line' id='line_1_14' title="bbox 286 1651 1848 1736; baseline 0 -19"><span class='ocrx_word' id='word_1_164' title='bbox 286 1674 347 1735; x_wconf 89' lang='lat' dir='ltr'><strong>que</strong></span> <span class='ocrx_word' id='word_1_165' title='bbox 370 1661 494 1736; x_wconf 88' lang='lat' dir='ltr'><strong>gratum</strong></span> <span class='ocrx_word' id='word_1_166' title='bbox 514 1658 571 1730; x_wconf 89' lang='lat' dir='ltr'><strong>est,</strong></span> <span class='ocrx_word' id='word_1_167' title='bbox 593 1653 783 1732; x_wconf 88' lang='lat' dir='ltr'><strong>eligendum,</strong></span> <span class='ocrx_word' id='word_1_168' title='bbox 807 1669 842 1712; x_wconf 88' lang='lat' dir='ltr'><strong>ao</strong></span> <span class='ocrx_word' id='word_1_169' title='bbox 866 1651 1053 1732; x_wconf 87' lang='lat' dir='ltr'><strong>iaciendum,</strong></span> <span class='ocrx_word' id='word_1_170' title='bbox 1103 1657 1150 1711; x_wconf 91' lang='lat' dir='ltr'><strong>est</strong></span> <span class='ocrx_word' id='word_1_171' title='bbox 1176 1652 1306 1731; x_wconf 90' lang='lat' dir='ltr'><strong>quisque</strong></span> <span class='ocrx_word' id='word_1_172' title='bbox 1323 1653 1460 1731; x_wconf 77' lang='lat' dir='ltr'><strong>justitiae,</strong></span> <span class='ocrx_word' id='word_1_173' title='bbox 1488 1669 1658 1733; x_wconf 90' lang='lat' dir='ltr'><strong>servusque</strong></span> <span class='ocrx_word' id='word_1_174' title='bbox 1685 1657 1801 1733; x_wconf 80' lang='lat' dir='ltr'><strong>peceati.</strong></span> <span class='ocrx_word' id='word_1_175' title='bbox 1821 1659 1848 1717; x_wconf 92' lang='lat' dir='ltr'><strong>ln</strong></span> 
     </span>
     <span class='ocr_line' id='line_1_15' title="bbox 286 1740 1847 1828; baseline 0.001 -21"><span class='ocrx_word' id='word_1_176' title='bbox 286 1748 370 1828; x_wconf 91' lang='lat' dir='ltr'><strong>quod</strong></span> <span class='ocrx_word' id='word_1_177' title='bbox 384 1751 485 1821; x_wconf 88' lang='lat' dir='ltr'><strong>antea,</strong></span> <span class='ocrx_word' id='word_1_178' title='bbox 501 1763 541 1807; x_wconf 89' lang='lat' dir='ltr'><strong>ne</strong></span> <span class='ocrx_word' id='word_1_179' title='bbox 553 1744 684 1806; x_wconf 88' lang='lat' dir='ltr'><strong>minima</strong></span> <span class='ocrx_word' id='word_1_180' title='bbox 698 1744 823 1823; x_wconf 87' lang='lat' dir='ltr'><strong>quidem</strong></span> <span class='ocrx_word' id='word_1_181' title='bbox 832 1760 871 1804; x_wconf 90' lang='lat' dir='ltr'><strong>ex</strong></span> <span class='ocrx_word' id='word_1_182' title='bbox 883 1749 1056 1825; x_wconf 75' lang='lat' dir='ltr'><strong>partepras-</strong></span> <span class='ocrx_word' id='word_1_183' title='bbox 1103 1740 1186 1802; x_wconf 90' lang='lat' dir='ltr'><strong>bono</strong></span> <span class='ocrx_word' id='word_1_184' title='bbox 1201 1748 1305 1804; x_wconf 88' lang='lat' dir='ltr'><strong>autem</strong></span> <span class='ocrx_word' id='word_1_185' title='bbox 1317 1743 1466 1827; x_wconf 87' lang='lat' dir='ltr'><strong>liberasse</strong></span> <span class='ocrx_word' id='word_1_186' title='bbox 1479 1744 1584 1805; x_wconf 88' lang='lat' dir='ltr'><strong>nullus</strong></span> <span class='ocrx_word' id='word_1_187' title='bbox 1591 1747 1764 1825; x_wconf 87' lang='lat' dir='ltr'><strong>potest,uisi</strong></span> <span class='ocrx_word' id='word_1_188' title='bbox 1774 1747 1847 1809; x_wconf 79' lang='lat' dir='ltr'><strong>luerit</strong></span> 
     </span>
     <span class='ocr_line' id='line_1_16' title="bbox 285 1832 1846 1920; baseline 0 -21"><span class='ocrx_word' id='word_1_189' title='bbox 285 1846 366 1901; x_wconf 88' lang='lat' dir='ltr'><strong>stare</strong></span> <span class='ocrx_word' id='word_1_190' title='bbox 379 1843 509 1920; x_wconf 88' lang='lat' dir='ltr'><strong>poterat.</strong></span> <span class='ocrx_word' id='word_1_191' title='bbox 532 1838 632 1917; x_wconf 81' lang='lat' dir='ltr'><strong>Atque</strong></span> <span class='ocrx_word' id='word_1_192' title='bbox 653 1837 714 1898; x_wconf 90' lang='lat' dir='ltr'><strong>hoc</strong></span> <span class='ocrx_word' id='word_1_193' title='bbox 730 1839 832 1916; x_wconf 90' lang='lat' dir='ltr'><strong>ipsum</strong></span> <span class='ocrx_word' id='word_1_194' title='bbox 852 1838 1009 1912; x_wconf 73' lang='lat' dir='ltr'><strong>excitanti,</strong></span> <span class='ocrx_word' id='word_1_195' title='bbox 1025 1842 1056 1898; x_wconf 89' lang='lat' dir='ltr'><strong>et</strong></span> <span class='ocrx_word' id='word_1_196' title='bbox 1103 1832 1251 1895; x_wconf 90' lang='lat' dir='ltr'><strong>liberatus</strong></span> <span class='ocrx_word' id='word_1_197' title='bbox 1265 1834 1304 1895; x_wconf 92' lang='lat' dir='ltr'><strong>ab</strong></span> <span class='ocrx_word' id='word_1_198' title='bbox 1318 1853 1367 1913; x_wconf 88' lang='lat' dir='ltr'><strong>eo,</strong></span> <span class='ocrx_word' id='word_1_199' title='bbox 1383 1835 1437 1915; x_wconf 93' lang='lat' dir='ltr'><strong>qui</strong></span> <span class='ocrx_word' id='word_1_200' title='bbox 1447 1836 1524 1896; x_wconf 81' lang='lat' dir='ltr'><strong>dixit</strong></span> <span class='ocrx_word' id='word_1_201' title='bbox 1540 1855 1548 1897; x_wconf 76' lang='lat' dir='ltr'><strong>t</strong></span> <span class='ocrx_word' id='word_1_202' title='bbox 1562 1835 1604 1898; x_wconf 88' lang='lat' dir='ltr'><strong>Si</strong></span> <span class='ocrx_word' id='word_1_203' title='bbox 1616 1855 1667 1898; x_wconf 85' lang='lat' dir='ltr'><strong>vos</strong></span> <span class='ocrx_word' id='word_1_204' title='bbox 1681 1837 1774 1899; x_wconf 73' lang='lat' dir='ltr'><strong>ditias</strong></span> <span class='ocrx_word' id='word_1_205' title='bbox 1789 1838 1846 1900; x_wconf 83' lang='lat' dir='ltr'><strong>lite·</strong></span> 
     </span>
     <span class='ocr_line' id='line_1_17' title="bbox 284 1925 1626 2010; baseline -0.001 -18"><span class='ocrx_word' id='word_1_206' title='bbox 284 1931 443 2010; x_wconf 85' lang='lat' dir='ltr'><strong>adjuvanti</strong></span> <span class='ocrx_word' id='word_1_207' title='bbox 454 1930 565 1991; x_wconf 82' lang='lat' dir='ltr'><strong>Christi</strong></span> <span class='ocrx_word' id='word_1_208' title='bbox 578 1930 685 2008; x_wconf 76' lang='lat' dir='ltr'><strong>gratiae</strong></span> <span class='ocrx_word' id='word_1_209' title='bbox 699 1928 800 1997; x_wconf 90' lang='lat' dir='ltr'><strong>debet,</strong></span> <span class='ocrx_word' id='word_1_210' title='bbox 812 1928 901 2007; x_wconf 86' lang='lat' dir='ltr'><strong>cujus</strong></span> <span class='ocrx_word' id='word_1_211' title='bbox 913 1947 972 2009; x_wconf 90' lang='lat' dir='ltr'><strong>ope</strong></span> <span class='ocrx_word' id='word_1_212' title='bbox 986 1948 1053 1990; x_wconf 89' lang='lat' dir='ltr'><strong>eor-</strong></span> <span class='ocrx_word' id='word_1_213' title='bbox 1104 1927 1227 1998; x_wconf 73' lang='lat' dir='ltr'><strong>ravair,</strong></span> <span class='ocrx_word' id='word_1_214' title='bbox 1244 1935 1313 1987; x_wconf 79' lang='lat' dir='ltr'><strong>tune</strong></span> <span class='ocrx_word' id='word_1_215' title='bbox 1325 1945 1393 1989; x_wconf 77' lang='lat' dir='ltr'><strong>aare</strong></span> <span class='ocrx_word' id='word_1_216' title='bbox 1406 1926 1496 1988; x_wconf 70' lang='lat' dir='ltr'><strong>liberi</strong></span> <span class='ocrx_word' id='word_1_217' title='bbox 1507 1927 1592 1989; x_wconf 81' lang='lat' dir='ltr'><strong>eritis</strong></span> <span class='ocrx_word' id='word_1_218' title='bbox 1601 1925 1626 1990; x_wconf 77' lang='lat'><strong>⁰.</strong></span> 
     </span>
     <span class='ocr_line' id='line_1_18' title="bbox 284 2017 1846 2102; baseline 0.001 -20"><span class='ocrx_word' id='word_1_219' title='bbox 284 2022 465 2083; x_wconf 89' lang='lat' dir='ltr'><strong>roboratum</strong></span> <span class='ocrx_word' id='word_1_220' title='bbox 491 2044 506 2079; x_wconf 85' lang='lat' dir='ltr'><strong>o</strong></span> <span class='ocrx_word' id='word_1_221' title='bbox 523 2020 657 2081; x_wconf 91' lang='lat' dir='ltr'><strong>liberum</strong></span> <span class='ocrx_word' id='word_1_222' title='bbox 677 2019 812 2080; x_wconf 89' lang='lat' dir='ltr'><strong>hominis</strong></span> <span class='ocrx_word' id='word_1_223' title='bbox 831 2020 1006 2096; x_wconf 86' lang='lat' dir='ltr'><strong>arbitrium,</strong></span> <span class='ocrx_word' id='word_1_224' title='bbox 1022 2021 1054 2083; x_wconf 90' lang='lat' dir='ltr'><strong>id</strong></span> <span class='ocrx_word' id='word_1_225' title='bbox 1144 2017 1184 2076; x_wconf 90' lang='lat' dir='ltr'><strong>V.</strong></span> <span class='ocrx_word' id='word_1_226' title='bbox 1202 2018 1292 2079; x_wconf 88' lang='lat' dir='ltr'><strong>Hunc</strong></span> <span class='ocrx_word' id='word_1_227' title='bbox 1319 2024 1434 2080; x_wconf 87' lang='lat' dir='ltr'><strong>statum</strong></span> <span class='ocrx_word' id='word_1_228' title='bbox 1460 2019 1640 2097; x_wconf 87' lang='lat' dir='ltr'><strong>voluntatis,</strong></span> <span class='ocrx_word' id='word_1_229' title='bbox 1665 2039 1733 2101; x_wconf 83' lang='lat' dir='ltr'><strong>quae</strong></span> <span class='ocrx_word' id='word_1_230' title='bbox 1754 2025 1846 2102; x_wconf 87' lang='lat' dir='ltr'><strong>peccati</strong></span> 
     </span>
     <span class='ocr_line' id='line_1_19' title="bbox 285 2108 1846 2191; baseline 0.002 -18"><span class='ocrx_word' id='word_1_231' title='bbox 285 2118 330 2173; x_wconf 90' lang='lat' dir='ltr'><strong>est</strong></span> <span class='ocrx_word' id='word_1_232' title='bbox 342 2113 490 2174; x_wconf 87' lang='lat' dir='ltr'><strong>naturalis</strong></span> <span class='ocrx_word' id='word_1_233' title='bbox 502 2113 569 2191; x_wconf 89' lang='lat' dir='ltr'><strong>ipsa</strong></span> <span class='ocrx_word' id='word_1_234' title='bbox 581 2110 860 2187; x_wconf 66' lang='lat' dir='ltr'><strong>lacrimamotum,</strong></span> <span class='ocrx_word' id='word_1_235' title='bbox 872 2111 1055 2191; x_wconf 88' lang='lat' dir='ltr'><strong>inquam,et</strong></span> <span class='ocrx_word' id='word_1_236' title='bbox 1103 2108 1314 2171; x_wconf 88' lang='lat' dir='ltr'><strong>dominatione</strong></span> <span class='ocrx_word' id='word_1_237' title='bbox 1334 2111 1519 2185; x_wconf 78' lang='lat' dir='ltr'><strong>continetur,</strong></span> <span class='ocrx_word' id='word_1_238' title='bbox 1542 2113 1732 2190; x_wconf 77' lang='lat' dir='ltr'><strong>Augustinus</strong></span> <span class='ocrx_word' id='word_1_239' title='bbox 1747 2116 1846 2177; x_wconf 69' lang='lat' dir='ltr'><strong>arub-</strong></span> 
     </span>
     <span class='ocr_line' id='line_1_20' title="bbox 243 2202 1845 2286; baseline 0.001 -21"><span class='ocrx_word' id='word_1_240' title='bbox 243 2246 247 2254; x_wconf 87' lang='lat'>-</span> <span class='ocrx_word' id='word_1_241' title='bbox 284 2204 519 2278; x_wconf 86' lang='lat' dir='ltr'><strong>excitatum,ita</strong></span> <span class='ocrx_word' id='word_1_242' title='bbox 532 2208 715 2283; x_wconf 87' lang='lat' dir='ltr'><strong>cooperatur</strong></span> <span class='ocrx_word' id='word_1_243' title='bbox 728 2204 989 2265; x_wconf 88' lang='lat' dir='ltr'><strong>assentiencheo</strong></span> <span class='ocrx_word' id='word_1_244' title='bbox 1003 2223 1055 2265; x_wconf 86' lang='lat' dir='ltr'><strong>ex·</strong></span> <span class='ocrx_word' id='word_1_245' title='bbox 1103 2207 1170 2273; x_wconf 84' lang='lat' dir='ltr'><strong>tem,</strong></span> <span class='ocrx_word' id='word_1_246' title='bbox 1189 2206 1220 2261; x_wconf 92' lang='lat' dir='ltr'><strong>et</strong></span> <span class='ocrx_word' id='word_1_247' title='bbox 1232 2202 1437 2282; x_wconf 83' lang='lat' dir='ltr'><strong>captivitatem</strong></span> <span class='ocrx_word' id='word_1_248' title='bbox 1459 2203 1614 2266; x_wconf 89' lang='lat' dir='ltr'><strong>nominat.</strong></span> <span class='ocrx_word' id='word_1_249' title='bbox 1641 2205 1845 2286; x_wconf 85' lang='lat' dir='ltr'><strong>Nonnunquam</strong></span> 
     </span>
     <span class='ocr_line' id='line_1_21' title="bbox 284 2293 1844 2375; baseline -0.002 -17"><span class='ocrx_word' id='word_1_250' title='bbox 284 2298 403 2372; x_wconf 88' lang='lat' dir='ltr'><strong>citanti,</strong></span> <span class='ocrx_word' id='word_1_251' title='bbox 415 2302 507 2375; x_wconf 91' lang='lat' dir='ltr'><strong>atque</strong></span> <span class='ocrx_word' id='word_1_252' title='bbox 520 2295 654 2371; x_wconf 72' lang='lat' dir='ltr'><strong>amanti,</strong></span> <span class='ocrx_word' id='word_1_253' title='bbox 671 2300 708 2355; x_wconf 90' lang='lat' dir='ltr'><strong>ut</strong></span> <span class='ocrx_word' id='word_1_254' title='bbox 730 2294 826 2375; x_wconf 90' lang='lat' dir='ltr'><strong>possit</strong></span> <span class='ocrx_word' id='word_1_255' title='bbox 838 2294 1011 2371; x_wconf 86' lang='lat' dir='ltr'><strong>dissentire,</strong></span> <span class='ocrx_word' id='word_1_256' title='bbox 1027 2295 1052 2356; x_wconf 91' lang='lat' dir='ltr'><strong>si</strong></span> <span class='ocrx_word' id='word_1_257' title='bbox 1102 2308 1186 2364; x_wconf 83' lang='lat' dir='ltr'><strong>vcro,</strong></span> <span class='ocrx_word' id='word_1_258' title='bbox 1199 2293 1252 2372; x_wconf 90' lang='lat' dir='ltr'><strong>qui</strong></span> <span class='ocrx_word' id='word_1_259' title='bbox 1267 2294 1310 2354; x_wconf 90' lang='lat' dir='ltr'><strong>sio</strong></span> <span class='ocrx_word' id='word_1_260' title='bbox 1323 2300 1370 2355; x_wconf 90' lang='lat' dir='ltr'><strong>est</strong></span> <span class='ocrx_word' id='word_1_261' title='bbox 1384 2293 1520 2368; x_wconf 84' lang='lat' dir='ltr'><strong>affectus,</strong></span> <span class='ocrx_word' id='word_1_262' title='bbox 1544 2313 1619 2357; x_wconf 92' lang='lat' dir='ltr'><strong>eum</strong></span> <span class='ocrx_word' id='word_1_263' title='bbox 1640 2301 1728 2357; x_wconf 87' lang='lat' dir='ltr'><strong>vocat</strong></span> <span class='ocrx_word' id='word_1_264' title='bbox 1740 2296 1844 2359; x_wconf 73' lang='lat' dir='ltr'><strong>liberavi</strong></span> 
     </span>
     <span class='ocr_line' id='line_1_22' title="bbox 282 2382 1845 2468; baseline 0.001 -18"><span class='ocrx_word' id='word_1_265' title='bbox 282 2389 368 2466; x_wconf 86' lang='lat' dir='ltr'><strong>velit,</strong></span> <span class='ocrx_word' id='word_1_266' title='bbox 379 2411 394 2447; x_wconf 82' lang='lat' dir='ltr'><strong>n</strong></span> <span class='ocrx_word' id='word_1_267' title='bbox 413 2394 449 2449; x_wconf 87' lang='lat' dir='ltr'><strong>ut</strong></span> <span class='ocrx_word' id='word_1_268' title='bbox 458 2389 501 2449; x_wconf 88' lang='lat' dir='ltr'><strong>ait</strong></span> <span class='ocrx_word' id='word_1_269' title='bbox 515 2387 735 2448; x_wconf 86' lang='lat' dir='ltr'><strong>Tridentinum</strong></span> <span class='ocrx_word' id='word_1_270' title='bbox 748 2386 914 2447; x_wconf 86' lang='lat' dir='ltr'><strong>concilium</strong></span> <span class='ocrx_word' id='word_1_271' title='bbox 928 2384 951 2446; x_wconf 81' lang='lat'><strong>⁸.</strong></span> <span class='ocrx_word' id='word_1_272' title='bbox 1093 2382 1238 2463; x_wconf 80' lang='lat' dir='ltr'><strong>justitie,</strong></span> <span class='ocrx_word' id='word_1_273' title='bbox 1252 2390 1283 2446; x_wconf 90' lang='lat' dir='ltr'><strong>et</strong></span> <span class='ocrx_word' id='word_1_274' title='bbox 1293 2403 1410 2447; x_wconf 68' lang='lat' dir='ltr'><strong>arram</strong></span> <span class='ocrx_word' id='word_1_275' title='bbox 1424 2388 1546 2467; x_wconf 82' lang='lat' dir='ltr'><strong>peccati.</strong></span> <span class='ocrx_word' id='word_1_276' title='bbox 1571 2389 1614 2450; x_wconf 90' lang='lat' dir='ltr'><strong>Ut</strong></span> <span class='ocrx_word' id='word_1_277' title='bbox 1626 2389 1712 2450; x_wconf 81' lang='lat' dir='ltr'><strong>erim</strong></span> <span class='ocrx_word' id='word_1_278' title='bbox 1723 2391 1773 2468; x_wconf 90' lang='lat' dir='ltr'><strong>qui</strong></span> <span class='ocrx_word' id='word_1_279' title='bbox 1784 2391 1845 2451; x_wconf 86' lang='lat' dir='ltr'><strong>liber</strong></span> 
     </span>
     <span class='ocr_line' id='line_1_23' title="bbox 322 2476 1842 2560; baseline 0.001 -18"><span class='ocrx_word' id='word_1_280' title='bbox 322 2482 375 2544; x_wconf 90' lang='lat' dir='ltr'><strong>IV.</strong></span> <span class='ocrx_word' id='word_1_281' title='bbox 407 2481 575 2559; x_wconf 86' lang='lat' dir='ltr'><strong>Utriusque</strong></span> <span class='ocrx_word' id='word_1_282' title='bbox 601 2478 684 2539; x_wconf 90' lang='lat' dir='ltr'><strong>illius</strong></span> <span class='ocrx_word' id='word_1_283' title='bbox 709 2478 858 2538; x_wconf 85' lang='lat' dir='ltr'><strong>libertatis</strong></span> <span class='ocrx_word' id='word_1_284' title='bbox 887 2478 1053 2541; x_wconf 84' lang='lat' dir='ltr'><strong>innumera</strong></span> <span class='ocrx_word' id='word_1_285' title='bbox 1101 2480 1147 2537; x_wconf 89' lang='lat' dir='ltr'><strong>est</strong></span> <span class='ocrx_word' id='word_1_286' title='bbox 1160 2476 1200 2536; x_wconf 91' lang='lat' dir='ltr'><strong>ab</strong></span> <span class='ocrx_word' id='word_1_287' title='bbox 1218 2476 1334 2557; x_wconf 89' lang='lat' dir='ltr'><strong>aliquo,</strong></span> <span class='ocrx_word' id='word_1_288' title='bbox 1358 2496 1424 2540; x_wconf 90' lang='lat' dir='ltr'><strong>non</strong></span> <span class='ocrx_word' id='word_1_289' title='bbox 1443 2479 1620 2560; x_wconf 89' lang='lat' dir='ltr'><strong>ampliusei</strong></span> <span class='ocrx_word' id='word_1_290' title='bbox 1642 2483 1786 2543; x_wconf 83' lang='lat' dir='ltr'><strong>obnoxius</strong></span> <span class='ocrx_word' id='word_1_291' title='bbox 1799 2488 1842 2556; x_wconf 89' lang='lat' dir='ltr'><strong>est,</strong></span> 
     </span>
     <span class='ocr_line' id='line_1_24' title="bbox 281 2567 1843 2654; baseline 0.001 -21"><span class='ocrx_word' id='word_1_292' title='bbox 281 2578 357 2633; x_wconf 85' lang='lat' dir='ltr'><strong>suut</strong></span> <span class='ocrx_word' id='word_1_293' title='bbox 379 2572 463 2652; x_wconf 91' lang='lat' dir='ltr'><strong>apud</strong></span> <span class='ocrx_word' id='word_1_294' title='bbox 486 2572 695 2651; x_wconf 67' lang='lat' dir='ltr'><strong>augustinum</strong></span> <span class='ocrx_word' id='word_1_295' title='bbox 712 2570 899 2646; x_wconf 88' lang='lat' dir='ltr'><strong>testimonia,</strong></span> <span class='ocrx_word' id='word_1_296' title='bbox 920 2589 955 2631; x_wconf 90' lang='lat' dir='ltr'><strong>ac</strong></span> <span class='ocrx_word' id='word_1_297' title='bbox 979 2571 1052 2633; x_wconf 90' lang='lat' dir='ltr'><strong>libri</strong></span> <span class='ocrx_word' id='word_1_298' title='bbox 1100 2568 1154 2627; x_wconf 88' lang='lat' dir='ltr'><strong>sed</strong></span> <span class='ocrx_word' id='word_1_299' title='bbox 1167 2567 1206 2628; x_wconf 88' lang='lat' dir='ltr'><strong>ab</strong></span> <span class='ocrx_word' id='word_1_300' title='bbox 1225 2569 1279 2628; x_wconf 94' lang='lat' dir='ltr'><strong>illo</strong></span> <span class='ocrx_word' id='word_1_301' title='bbox 1293 2576 1339 2630; x_wconf 84' lang='lat' dir='ltr'><strong>est</strong></span> <span class='ocrx_word' id='word_1_302' title='bbox 1352 2576 1532 2650; x_wconf 85' lang='lat' dir='ltr'><strong>exemptus;</strong></span> <span class='ocrx_word' id='word_1_303' title='bbox 1547 2573 1592 2633; x_wconf 83' lang='lat' dir='ltr'><strong>ita</strong></span> <span class='ocrx_word' id='word_1_304' title='bbox 1610 2574 1665 2653; x_wconf 91' lang='lat' dir='ltr'><strong>qui</strong></span> <span class='ocrx_word' id='word_1_305' title='bbox 1684 2575 1738 2634; x_wconf 89' lang='lat' dir='ltr'><strong>sub</strong></span> <span class='ocrx_word' id='word_1_306' title='bbox 1751 2573 1843 2654; x_wconf 66' lang='lat' dir='ltr'><strong>metati</strong></span> 
     </span>
     <span class='ocr_line' id='line_1_25' title="bbox 184 2660 1843 2746; baseline 0.001 -20"><span class='ocrx_word' id='word_1_307' title='bbox 184 2730 189 2739; x_wconf 73' lang='grc'>,</span> <span class='ocrx_word' id='word_1_308' title='bbox 280 2684 361 2746; x_wconf 91' lang='lat' dir='ltr'><strong>pene</strong></span> <span class='ocrx_word' id='word_1_309' title='bbox 377 2683 497 2740; x_wconf 91' lang='lat' dir='ltr'><strong>omnes,</strong></span> <span class='ocrx_word' id='word_1_310' title='bbox 512 2664 624 2744; x_wconf 77' lang='lat' dir='ltr'><strong>quibam</strong></span> <span class='ocrx_word' id='word_1_311' title='bbox 641 2663 841 2739; x_wconf 89' lang='lat' dir='ltr'><strong>Pelagianam</strong></span> <span class='ocrx_word' id='word_1_312' title='bbox 860 2664 1051 2742; x_wconf 86' lang='lat' dir='ltr'><strong>oppugnavit</strong></span> <span class='ocrx_word' id='word_1_313' title='bbox 1101 2660 1247 2722; x_wconf 86' lang='lat' dir='ltr'><strong>servitute</strong></span> <span class='ocrx_word' id='word_1_314' title='bbox 1261 2662 1544 2741; x_wconf 78' lang='lat' dir='ltr'><strong>captiuisbabetur</strong></span> <span class='ocrx_word' id='word_1_315' title='bbox 1557 2665 1843 2745; x_wconf 85' lang='lat' dir='ltr'><strong>alienusestajusti-</strong></span> 
     </span>
     <span class='ocr_line' id='line_1_26' title="bbox 279 2750 1842 2838; baseline 0 -19"><span class='ocrx_word' id='word_1_316' title='bbox 279 2758 437 2836; x_wconf 83' lang='lat' dir='ltr'><strong>haeresim,</strong></span> <span class='ocrx_word' id='word_1_317' title='bbox 450 2757 485 2817; x_wconf 92' lang='lat' dir='ltr'><strong>in</strong></span> <span class='ocrx_word' id='word_1_318' title='bbox 495 2757 555 2818; x_wconf 89' lang='lat' dir='ltr'><strong>hoc</strong></span> <span class='ocrx_word' id='word_1_319' title='bbox 573 2774 636 2816; x_wconf 89' lang='lat' dir='ltr'><strong>uuo</strong></span> <span class='ocrx_word' id='word_1_320' title='bbox 652 2760 837 2834; x_wconf 89' lang='lat' dir='ltr'><strong>argumento</strong></span> <span class='ocrx_word' id='word_1_321' title='bbox 854 2773 1049 2818; x_wconf 78' lang='lat' dir='ltr'><strong>commorari·</strong></span> <span class='ocrx_word' id='word_1_322' title='bbox 1098 2750 1152 2819; x_wconf 88' lang='lat' dir='ltr'><strong>tia,</strong></span> <span class='ocrx_word' id='word_1_323' title='bbox 1170 2753 1280 2831; x_wconf 85' lang='lat' dir='ltr'><strong>atejus</strong></span> <span class='ocrx_word' id='word_1_324' title='bbox 1293 2754 1460 2834; x_wconf 82' lang='lat' dir='ltr'><strong>imperium</strong></span> <span class='ocrx_word' id='word_1_325' title='bbox 1477 2757 1621 2819; x_wconf 78' lang='lat' dir='ltr'><strong>excussit.</strong></span> <span class='ocrx_word' id='word_1_326' title='bbox 1651 2758 1702 2819; x_wconf 83' lang='lat' dir='ltr'><strong>Sic</strong></span> <span class='ocrx_word' id='word_1_327' title='bbox 1718 2759 1749 2819; x_wconf 90' lang='lat' dir='ltr'><strong>in</strong></span> <span class='ocrx_word' id='word_1_328' title='bbox 1760 2759 1842 2838; x_wconf 73' lang='lat' dir='ltr'><strong>punio</strong></span> 
     </span>
     <span class='ocr_line' id='line_1_27' title="bbox 281 2841 1839 2931; baseline 0.001 -21"><span class='ocrx_word' id='word_1_329' title='bbox 281 2855 344 2925; x_wconf 88' lang='lat' dir='ltr'><strong>tur,</strong></span> <span class='ocrx_word' id='word_1_330' title='bbox 364 2855 401 2910; x_wconf 88' lang='lat' dir='ltr'><strong>ut</strong></span> <span class='ocrx_word' id='word_1_331' title='bbox 426 2848 477 2910; x_wconf 87' lang='lat' dir='ltr'><strong>vel</strong></span> <span class='ocrx_word' id='word_1_332' title='bbox 498 2867 544 2923; x_wconf 91' lang='lat' dir='ltr'><strong>ea,</strong></span> <span class='ocrx_word' id='word_1_333' title='bbox 574 2865 645 2928; x_wconf 88' lang='lat' dir='ltr'><strong>ques</strong></span> <span class='ocrx_word' id='word_1_334' title='bbox 673 2847 884 2931; x_wconf 83' lang='lat' dir='ltr'><strong>hactenustot</strong></span> <span class='ocrx_word' id='word_1_335' title='bbox 901 2847 1050 2928; x_wconf 79' lang='lat' dir='ltr'><strong>capitibus</strong></span> <span class='ocrx_word' id='word_1_336' title='bbox 1098 2841 1139 2903; x_wconf 81' lang='lat' dir='ltr'><strong>od</strong></span> <span class='ocrx_word' id='word_1_337' title='bbox 1150 2843 1345 2925; x_wconf 73' lang='lat' dir='ltr'><strong>Bonifatium</strong></span> <span class='ocrx_word' id='word_1_338' title='bbox 1358 2855 1459 2909; x_wconf 69' lang='lat' dir='ltr'><strong>comta</strong></span> <span class='ocrx_word' id='word_1_339' title='bbox 1473 2848 1839 2931; x_wconf 76' lang='lat' dir='ltr'><strong>epistolasPelaqicnorum,</strong></span> 
     </span>
     <span class='ocr_line' id='line_1_28' title="bbox 281 2938 1841 3022; baseline -0.001 -19"><span class='ocrx_word' id='word_1_340' title='bbox 281 2941 512 3022; x_wconf 88' lang='lat' dir='ltr'><strong>explicavimus,</strong></span> <span class='ocrx_word' id='word_1_341' title='bbox 525 2939 1049 3015; x_wconf 74' lang='lat' dir='ltr'><strong>clarissimedemoustrmrt.8sd,ut</strong></span> <span class='ocrx_word' id='word_1_342' title='bbox 1098 2953 1124 2995; x_wconf 87' lang='lat' dir='ltr'><strong>c.</strong></span> <span class='ocrx_word' id='word_1_343' title='bbox 1144 2951 1165 2995; x_wconf 89' lang='lat' dir='ltr'><strong>u</strong></span> <span class='ocrx_word' id='word_1_344' title='bbox 1192 2938 1331 3015; x_wconf 91' lang='lat' dir='ltr'><strong>primum</strong></span> <span class='ocrx_word' id='word_1_345' title='bbox 1363 2939 1497 3000; x_wconf 90' lang='lat' dir='ltr'><strong>liberum</strong></span> <span class='ocrx_word' id='word_1_346' title='bbox 1528 2940 1694 3003; x_wconf 87' lang='lat' dir='ltr'><strong>arbitrium</strong></span> <span class='ocrx_word' id='word_1_347' title='bbox 1725 2943 1765 3003; x_wconf 90' lang='lat' dir='ltr'><strong>ait</strong></span> <span class='ocrx_word' id='word_1_348' title='bbox 1790 2959 1841 3002; x_wconf 85' lang='lat' dir='ltr'><strong>non</strong></span> 
     </span>
     <span class='ocr_line' id='line_1_29' title="bbox 280 3026 1840 3115; baseline 0 -21"><span class='ocrx_word' id='word_1_349' title='bbox 280 3035 313 3094; x_wconf 91' lang='lat' dir='ltr'><strong>tn</strong></span> <span class='ocrx_word' id='word_1_350' title='bbox 327 3050 395 3094; x_wconf 91' lang='lat' dir='ltr'><strong>rem</strong></span> <span class='ocrx_word' id='word_1_351' title='bbox 407 3032 505 3093; x_wconf 86' lang='lat' dir='ltr'><strong>veluti</strong></span> <span class='ocrx_word' id='word_1_352' title='bbox 517 3037 704 3113; x_wconf 84' lang='lat' dir='ltr'><strong>praesentem</strong></span> <span class='ocrx_word' id='word_1_353' title='bbox 720 3031 873 3092; x_wconf 88' lang='lat' dir='ltr'><strong>lectorum</strong></span> <span class='ocrx_word' id='word_1_354' title='bbox 892 3030 1048 3092; x_wconf 84' lang='lat' dir='ltr'><strong>deducan-</strong></span> <span class='ocrx_word' id='word_1_355' title='bbox 1097 3026 1223 3105; x_wconf 87' lang='lat' dir='ltr'><strong>periisse</strong></span> <span class='ocrx_word' id='word_1_356' title='bbox 1236 3047 1292 3108; x_wconf 87' lang='lat' dir='ltr'><strong>per</strong></span> <span class='ocrx_word' id='word_1_357' title='bbox 1303 3032 1619 3109; x_wconf 64' lang='lat' dir='ltr'><strong>petulantiam«</strong></span> <span class='ocrx_word' id='word_1_358' title='bbox 1634 3034 1687 3094; x_wconf 90' lang='lat' dir='ltr'><strong>sed</strong></span> <span class='ocrx_word' id='word_1_359' title='bbox 1699 3052 1772 3110; x_wconf 91' lang='lat' dir='ltr'><strong>eam,</strong></span> <span class='ocrx_word' id='word_1_360' title='bbox 1786 3051 1840 3115; x_wconf 88' lang='lat' dir='ltr'><strong>qua</strong></span> 
     </span>
     <span class='ocr_line' id='line_1_30' title="bbox 282 3117 1840 3205; baseline 0.006 -20"><span class='ocrx_word' id='word_1_361' title='bbox 282 3130 334 3185; x_wconf 84' lang='lat' dir='ltr'><strong>tur</strong></span> <span class='ocrx_word' id='word_1_362' title='bbox 347 3123 581 3205; x_wconf 54' lang='lat' dir='ltr'><strong>animumque</strong></span> <span class='ocrx_word' id='word_1_363' title='bbox 592 3126 701 3185; x_wconf 79' lang='lat' dir='ltr'><strong>eorum</strong></span> <span class='ocrx_word' id='word_1_364' title='bbox 708 3122 879 3200; x_wconf 74' lang='lat' dir='ltr'><strong>peulbloea</strong></span> <span class='ocrx_word' id='word_1_365' title='bbox 888 3123 1047 3202; x_wconf 78' lang='lat' dir='ltr'><strong>subjiciam</strong></span> <span class='ocrx_word' id='word_1_366' title='bbox 1096 3117 1131 3177; x_wconf 82' lang='lat' dir='ltr'><strong>in</strong></span> <span class='ocrx_word' id='word_1_367' title='bbox 1143 3120 1285 3197; x_wconf 77' lang='lat' dir='ltr'><strong>paradiso</strong></span> <span class='ocrx_word' id='word_1_368' title='bbox 1294 3121 1364 3194; x_wconf 79' lang='lat' dir='ltr'><strong>fuit,</strong></span> <span class='ocrx_word' id='word_1_369' title='bbox 1386 3123 1562 3186; x_wconf 81' lang='lat' dir='ltr'><strong>libertatem</strong></span> <span class='ocrx_word' id='word_1_370' title='bbox 1583 3125 1719 3187; x_wconf 75' lang='lat' dir='ltr'><strong>habendi</strong></span> <span class='ocrx_word' id='word_1_371' title='bbox 1737 3126 1840 3205; x_wconf 80' lang='lat' dir='ltr'><strong>pteram</strong></span> 
     </span>
     <span class='ocr_line' id='line_1_31' title="bbox 278 3210 1838 3297; baseline -0.001 -19"><span class='ocrx_word' id='word_1_372' title='bbox 278 3217 312 3278; x_wconf 92' lang='lat' dir='ltr'><strong>in</strong></span> <span class='ocrx_word' id='word_1_373' title='bbox 326 3217 440 3297; x_wconf 89' lang='lat' dir='ltr'><strong>quibus</strong></span> <span class='ocrx_word' id='word_1_374' title='bbox 452 3233 521 3278; x_wconf 90' lang='lat' dir='ltr'><strong>rem</strong></span> <span class='ocrx_word' id='word_1_375' title='bbox 534 3221 651 3296; x_wconf 88' lang='lat' dir='ltr'><strong>aperta,</strong></span> <span class='ocrx_word' id='word_1_376' title='bbox 665 3219 696 3277; x_wconf 92' lang='lat' dir='ltr'><strong>et</strong></span> <span class='ocrx_word' id='word_1_377' title='bbox 702 3214 813 3275; x_wconf 88' lang='lat' dir='ltr'><strong>illustri</strong></span> <span class='ocrx_word' id='word_1_378' title='bbox 827 3213 1048 3296; x_wconf 90' lang='lat' dir='ltr'><strong>significatione</strong></span> <span class='ocrx_word' id='word_1_379' title='bbox 1096 3227 1170 3271; x_wconf 79' lang='lat' dir='ltr'><strong>cum</strong></span> <span class='ocrx_word' id='word_1_380' title='bbox 1187 3210 1419 3275; x_wconf 81' lang='lat' dir='ltr'><strong>immortalitate</strong></span> <span class='ocrx_word' id='word_1_381' title='bbox 1439 3214 1604 3293; x_wconf 86' lang='lat' dir='ltr'><strong>justitiam,</strong></span> <span class='ocrx_word' id='word_1_382' title='bbox 1629 3223 1750 3297; x_wconf 88' lang='lat' dir='ltr'><strong>propter</strong></span> <span class='ocrx_word' id='word_1_383' title='bbox 1773 3215 1838 3296; x_wconf 90' lang='lat' dir='ltr'><strong>quod</strong></span> 
     </span>
     <span class='ocr_line' id='line_1_32' title="bbox 277 3304 1839 3389; baseline -0.001 -20"><span class='ocrx_word' id='word_1_384' title='bbox 277 3308 400 3370; x_wconf 90' lang='lat' dir='ltr'><strong>videtur</strong></span> <span class='ocrx_word' id='word_1_385' title='bbox 413 3307 599 3389; x_wconf 87' lang='lat' dir='ltr'><strong>exprimere.</strong></span> <span class='ocrx_word' id='word_1_386' title='bbox 1095 3308 1207 3364; x_wconf 80' lang='lat' dir='ltr'><strong>natiue</strong></span> <span class='ocrx_word' id='word_1_387' title='bbox 1219 3304 1356 3366; x_wconf 85' lang='lat' dir='ltr'><strong>humana</strong></span> <span class='ocrx_word' id='word_1_388' title='bbox 1367 3306 1473 3367; x_wconf 88' lang='lat' dir='ltr'><strong>divina</strong></span> <span class='ocrx_word' id='word_1_389' title='bbox 1491 3307 1613 3387; x_wconf 80' lang='lat' dir='ltr'><strong>indiget</strong></span> <span class='ocrx_word' id='word_1_390' title='bbox 1627 3310 1733 3387; x_wconf 90' lang='lat' dir='ltr'><strong>gratia.</strong></span> <span class='ocrx_word' id='word_1_391' title='bbox 1745 3329 1760 3367; x_wconf 87' lang='lat' dir='ltr'><strong>v</strong></span> <span class='ocrx_word' id='word_1_392' title='bbox 1774 3310 1839 3368; x_wconf 76' lang='lat' dir='ltr'><strong>&#39;lum</strong></span> 
     </span>
     <span class='ocr_line' id='line_1_33' title="bbox 318 3392 1840 3481; baseline 0 -20"><span class='ocrx_word' id='word_1_393' title='bbox 318 3402 354 3461; x_wconf 92' lang='lat' dir='ltr'><strong>ln</strong></span> <span class='ocrx_word' id='word_1_394' title='bbox 378 3400 467 3481; x_wconf 89' lang='lat' dir='ltr'><strong>epist.</strong></span> <span class='ocrx_word' id='word_1_395' title='bbox 485 3416 587 3461; x_wconf 80' lang='lat' dir='ltr'><strong>nxxxu</strong></span> <span class='ocrx_word' id='word_1_396' title='bbox 608 3398 788 3477; x_wconf 78' lang='lat' dir='ltr'><strong>Pelagianos</strong></span> <span class='ocrx_word' id='word_1_397' title='bbox 809 3396 943 3459; x_wconf 85' lang='lat' dir='ltr'><strong>liberum</strong></span> <span class='ocrx_word' id='word_1_398' title='bbox 962 3400 1045 3461; x_wconf 87' lang='lat' dir='ltr'><strong>arbi·</strong></span> <span class='ocrx_word' id='word_1_399' title='bbox 1094 3392 1170 3455; x_wconf 91' lang='lat' dir='ltr'><strong>illud</strong></span> <span class='ocrx_word' id='word_1_400' title='bbox 1193 3396 1331 3474; x_wconf 82' lang='lat' dir='ltr'><strong>Apostoli</strong></span> <span class='ocrx_word' id='word_1_401' title='bbox 1356 3405 1509 3461; x_wconf 88' lang='lat' dir='ltr'><strong>memorat</strong></span> <span class='ocrx_word' id='word_1_402' title='bbox 1532 3419 1539 3460; x_wconf 74' lang='grc' dir='ltr'>ι</span> <span class='ocrx_word' id='word_1_403' title='bbox 1566 3401 1644 3461; x_wconf 83' lang='lat' dir='ltr'><strong>Cam</strong></span> <span class='ocrx_word' id='word_1_404' title='bbox 1668 3400 1755 3461; x_wconf 82' lang='lat' dir='ltr'><strong>essetis</strong></span> <span class='ocrx_word' id='word_1_405' title='bbox 1776 3399 1840 3460; x_wconf 78' lang='lat' dir='ltr'><strong>rra&#39;</strong></span> 
     </span>
     <span class='ocr_line' id='line_1_34' title="bbox 278 3487 1837 3571; baseline -0.001 -18"><span class='ocrx_word' id='word_1_406' title='bbox 278 3492 373 3553; x_wconf 86' lang='lat' dir='ltr'><strong>trium</strong></span> <span class='ocrx_word' id='word_1_407' title='bbox 387 3511 405 3552; x_wconf 91' lang='lat' dir='ltr'><strong>a</strong></span> <span class='ocrx_word' id='word_1_408' title='bbox 418 3497 530 3552; x_wconf 89' lang='lat' dir='ltr'><strong>natura</strong></span> <span class='ocrx_word' id='word_1_409' title='bbox 539 3491 666 3552; x_wconf 87' lang='lat' dir='ltr'><strong>insitum</strong></span> <span class='ocrx_word' id='word_1_410' title='bbox 678 3490 1045 3568; x_wconf 84' lang='lat' dir='ltr'><strong>immodicejactantesita</strong></span> <span class='ocrx_word' id='word_1_411' title='bbox 1090 3487 1217 3566; x_wconf 79' lang='lat' dir='ltr'><strong>peccati,</strong></span> <span class='ocrx_word' id='word_1_412' title='bbox 1231 3487 1321 3549; x_wconf 82' lang='lat' dir='ltr'><strong>tiberi</strong></span> <span class='ocrx_word' id='word_1_413' title='bbox 1331 3488 1435 3568; x_wconf 82' lang='lat' dir='ltr'><strong>scistis</strong></span> <span class='ocrx_word' id='word_1_414' title='bbox 1441 3490 1587 3571; x_wconf 65' lang='lat' dir='ltr'><strong>justiam*</strong></span> <span class='ocrx_word' id='word_1_415' title='bbox 1602 3493 1675 3568; x_wconf 81' lang='lat' dir='ltr'><strong>3ubi</strong></span> <span class='ocrx_word' id='word_1_416' title='bbox 1687 3511 1748 3554; x_wconf 88' lang='lat' dir='ltr'><strong>non</strong></span> <span class='ocrx_word' id='word_1_417' title='bbox 1759 3492 1837 3552; x_wconf 74' lang='lat' dir='ltr'><strong>diver</strong></span> 
     </span>
     <span class='ocr_line' id='line_1_35' title="bbox 277 3581 1836 3664; baseline 0.001 -19"><span class='ocrx_word' id='word_1_418' title='bbox 277 3584 466 3664; x_wconf 85' lang='lat' dir='ltr'><strong>compescit:</strong></span> <span class='ocrx_word' id='word_1_419' title='bbox 487 3603 502 3641; x_wconf 84' lang='lat' dir='ltr'><strong>a</strong></span> <span class='ocrx_word' id='word_1_420' title='bbox 521 3582 673 3643; x_wconf 88' lang='lat' dir='ltr'><strong>Desinant</strong></span> <span class='ocrx_word' id='word_1_421' title='bbox 692 3600 766 3661; x_wconf 90' lang='lat' dir='ltr'><strong>ergo</strong></span> <span class='ocrx_word' id='word_1_422' title='bbox 785 3581 828 3643; x_wconf 89' lang='lat' dir='ltr'><strong>sic</strong></span> <span class='ocrx_word' id='word_1_423' title='bbox 851 3583 998 3661; x_wconf 86' lang='lat' dir='ltr'><strong>insanire,</strong></span> <span class='ocrx_word' id='word_1_424' title='bbox 1014 3591 1046 3645; x_wconf 90' lang='lat' dir='ltr'><strong>et</strong></span> <span class='ocrx_word' id='word_1_425' title='bbox 1094 3595 1146 3638; x_wconf 74' lang='lat' dir='ltr'><strong>tus</strong></span> <span class='ocrx_word' id='word_1_426' title='bbox 1159 3584 1256 3640; x_wconf 81' lang='lat' dir='ltr'><strong>status</strong></span> <span class='ocrx_word' id='word_1_427' title='bbox 1269 3587 1326 3655; x_wconf 89' lang='lat' dir='ltr'><strong>est,</strong></span> <span class='ocrx_word' id='word_1_428' title='bbox 1342 3583 1394 3643; x_wconf 87' lang='lat' dir='ltr'><strong>sed</strong></span> <span class='ocrx_word' id='word_1_429' title='bbox 1411 3600 1495 3643; x_wconf 89' lang='lat' dir='ltr'><strong>uuus</strong></span> <span class='ocrx_word' id='word_1_430' title='bbox 1517 3589 1547 3644; x_wconf 91' lang='lat' dir='ltr'><strong>et</strong></span> <span class='ocrx_word' id='word_1_431' title='bbox 1559 3583 1658 3662; x_wconf 91' lang='lat' dir='ltr'><strong>idem,</strong></span> <span class='ocrx_word' id='word_1_432' title='bbox 1672 3603 1777 3646; x_wconf 75' lang='lat' dir='ltr'><strong>areum</strong></span> <span class='ocrx_word' id='word_1_433' title='bbox 1793 3600 1836 3645; x_wconf 78' lang='lat' dir='ltr'><strong>ese</strong></span> 
     </span>
     <span class='ocr_line' id='line_1_36' title="bbox 277 3671 1925 3759; baseline -0.002 -23"><span class='ocrx_word' id='word_1_434' title='bbox 277 3673 1042 3754; x_wconf 88' lang='lat' dir='ltr'><strong>adhoc&#39;seintelliganthabere,quantumpossunt,</strong></span> <span class='ocrx_word' id='word_1_435' title='bbox 1091 3672 1215 3749; x_wconf 66' lang='lat' dir='ltr'><strong>mesti,</strong></span> <span class='ocrx_word' id='word_1_436' title='bbox 1237 3677 1268 3734; x_wconf 89' lang='lat' dir='ltr'><strong>et</strong></span> <span class='ocrx_word' id='word_1_437' title='bbox 1291 3671 1417 3733; x_wconf 74' lang='lat' dir='ltr'><strong>liberum</strong></span> <span class='ocrx_word' id='word_1_438' title='bbox 1444 3675 1590 3755; x_wconf 76' lang='lat' dir='ltr'><strong>justitie,</strong></span> <span class='ocrx_word' id='word_1_439' title='bbox 1623 3679 1673 3738; x_wconf 89' lang='lat' dir='ltr'><strong>cui</strong></span> <span class='ocrx_word' id='word_1_440' title='bbox 1693 3676 1836 3757; x_wconf 85' lang='lat' dir='ltr'><strong>opponitur</strong></span> <span class='ocrx_word' id='word_1_441' title='bbox 1860 3692 1925 3759; x_wconf 28' lang='lat' dir='ltr'><strong>,maai</strong></span> 
     </span>
     <span class='ocr_line' id='line_1_37' title="bbox 275 3751 1927 3857; baseline 0.007 -30"><span class='ocrx_word' id='word_1_442' title='bbox 275 3767 412 3829; x_wconf 88' lang='lat' dir='ltr'><strong>liberum</strong></span> <span class='ocrx_word' id='word_1_443' title='bbox 424 3767 599 3843; x_wconf 86' lang='lat' dir='ltr'><strong>arbitrium,</strong></span> <span class='ocrx_word' id='word_1_444' title='bbox 615 3771 652 3826; x_wconf 90' lang='lat' dir='ltr'><strong>ut</strong></span> <span class='ocrx_word' id='word_1_445' title='bbox 664 3766 799 3846; x_wconf 86' lang='lat' dir='ltr'><strong>superba</strong></span> <span class='ocrx_word' id='word_1_446' title='bbox 811 3764 970 3828; x_wconf 76' lang='lat' dir='ltr'><strong>volumtate</strong></span> <span class='ocrx_word' id='word_1_447' title='bbox 983 3786 1044 3829; x_wconf 82' lang='lat' dir='ltr'><strong>res·</strong></span> <span class='ocrx_word' id='word_1_448' title='bbox 1092 3760 1249 3841; x_wconf 74' lang='lat' dir='ltr'><strong>liberatum,</strong></span> <span class='ocrx_word' id='word_1_449' title='bbox 1264 3764 1313 3826; x_wconf 83' lang='lat' dir='ltr'><strong>vel</strong></span> <span class='ocrx_word' id='word_1_450' title='bbox 1330 3765 1440 3826; x_wconf 88' lang='lat' dir='ltr'><strong>libera</strong></span> <span class='ocrx_word' id='word_1_451' title='bbox 1458 3773 1583 3845; x_wconf 86' lang='lat' dir='ltr'><strong>peccato</strong></span> <span class='ocrx_word' id='word_1_452' title='bbox 1592 3787 1602 3845; x_wconf 91' lang='lat'>;</span> <span class='ocrx_word' id='word_1_453' title='bbox 1626 3770 1664 3830; x_wconf 92' lang='lat' dir='ltr'><strong>de</strong></span> <span class='ocrx_word' id='word_1_454' title='bbox 1682 3786 1739 3848; x_wconf 91' lang='lat' dir='ltr'><strong>quo</strong></span> <span class='ocrx_word' id='word_1_455' title='bbox 1750 3766 1834 3828; x_wconf 85' lang='lat' dir='ltr'><strong>statim</strong></span> <span class='ocrx_word' id='word_1_456' title='bbox 1853 3751 1927 3857; x_wconf 56' lang='lat' dir='ltr'><strong>&#39;&#39;ffib</strong></span> 
     </span>
     <span class='ocr_line' id='line_1_38' title="bbox 275 3852 1834 3940; baseline 0.007 -34"><span class='ocrx_word' id='word_1_457' title='bbox 275 3866 375 3940; x_wconf 56' lang='lat' dir='ltr'><strong>pugne</strong></span> <span class='ocrx_word' id='word_1_458' title='bbox 387 3859 587 3940; x_wconf 65' lang='lat' dir='ltr'><strong>adjutorium,</strong></span> <span class='ocrx_word' id='word_1_459' title='bbox 600 3858 653 3919; x_wconf 64' lang='lat' dir='ltr'><strong>sed</strong></span> <span class='ocrx_word' id='word_1_460' title='bbox 667 3857 763 3939; x_wconf 63' lang='lat' dir='ltr'><strong>nepta</strong></span> <span class='ocrx_word' id='word_1_461' title='bbox 774 3856 935 3918; x_wconf 68' lang='lat' dir='ltr'><strong>voluntate</strong></span> <span class='ocrx_word' id='word_1_462' title='bbox 953 3858 1042 3920; x_wconf 63' lang='lat' dir='ltr'><strong>ineo.</strong></span> <span class='ocrx_word' id='word_1_463' title='bbox 1092 3852 1150 3913; x_wconf 87' lang='lat' dir='ltr'><strong>ista</strong></span> <span class='ocrx_word' id='word_1_464' title='bbox 1173 3855 1325 3936; x_wconf 88' lang='lat' dir='ltr'><strong>subjecit:</strong></span> <span class='ocrx_word' id='word_1_465' title='bbox 1352 3879 1369 3916; x_wconf 83' lang='lat' dir='ltr'><strong>a</strong></span> <span class='ocrx_word' id='word_1_466' title='bbox 1391 3856 1496 3919; x_wconf 88' lang='lat' dir='ltr'><strong>Liberi</strong></span> <span class='ocrx_word' id='word_1_467' title='bbox 1515 3876 1590 3940; x_wconf 91' lang='lat' dir='ltr'><strong>ergo</strong></span> <span class='ocrx_word' id='word_1_468' title='bbox 1617 3879 1636 3920; x_wconf 91' lang='lat' dir='ltr'><strong>a</strong></span> <span class='ocrx_word' id='word_1_469' title='bbox 1653 3860 1766 3939; x_wconf 87' lang='lat' dir='ltr'><strong>justitia</strong></span> <span class='ocrx_word' id='word_1_470' title='bbox 1784 3875 1834 3918; x_wconf 89' lang='lat' dir='ltr'><strong>non</strong></span> 
     </span>
     <span class='ocr_line' id='line_1_39' title="bbox 275 3948 1833 4026; baseline 0.001 -20"><span class='ocrx_word' id='word_1_471' title='bbox 275 3960 345 4014; x_wconf 80' lang='lat' dir='ltr'><strong>cent</strong></span> <span class='ocrx_word' id='word_1_472' title='bbox 364 3953 544 4014; x_wconf 83' lang='lat' dir='ltr'><strong>Dominum.</strong></span> <span class='ocrx_word' id='word_1_473' title='bbox 570 3952 643 4012; x_wconf 81' lang='lat' dir='ltr'><strong>Haee</strong></span> <span class='ocrx_word' id='word_1_474' title='bbox 666 3951 751 4012; x_wconf 83' lang='lat' dir='ltr'><strong>enim</strong></span> <span class='ocrx_word' id='word_1_475' title='bbox 777 3949 921 4011; x_wconf 84' lang='lat' dir='ltr'><strong>voluntas</strong></span> <span class='ocrx_word' id='word_1_476' title='bbox 945 3951 1043 4015; x_wconf 75' lang='lat' dir='ltr'><strong>libera</strong></span> <span class='ocrx_word' id='word_1_477' title='bbox 1092 3951 1175 4021; x_wconf 87' lang='lat' dir='ltr'><strong>sunt,</strong></span> <span class='ocrx_word' id='word_1_478' title='bbox 1190 3948 1249 4007; x_wconf 85' lang='lat' dir='ltr'><strong>nisi</strong></span> <span class='ocrx_word' id='word_1_479' title='bbox 1261 3948 1390 4009; x_wconf 82' lang='lat' dir='ltr'><strong>arbitrio</strong></span> <span class='ocrx_word' id='word_1_480' title='bbox 1404 3949 1588 4026; x_wconf 83' lang='lat' dir='ltr'><strong>voluntatis;</strong></span> <span class='ocrx_word' id='word_1_481' title='bbox 1609 3951 1699 4012; x_wconf 83' lang='lat' dir='ltr'><strong>liberi</strong></span> <span class='ocrx_word' id='word_1_482' title='bbox 1719 3956 1833 4011; x_wconf 77' lang='lat' dir='ltr'><strong>autema</strong></span> 
     </span>
     <span class='ocr_line' id='line_1_40' title="bbox 274 4040 1830 4123; baseline -0.003 -17"><span class='ocrx_word' id='word_1_483' title='bbox 274 4050 359 4106; x_wconf 88' lang='lat' dir='ltr'><strong>tanto</strong></span> <span class='ocrx_word' id='word_1_484' title='bbox 372 4045 432 4107; x_wconf 89' lang='lat' dir='ltr'><strong>erit</strong></span> <span class='ocrx_word' id='word_1_485' title='bbox 443 4043 581 4117; x_wconf 90' lang='lat' dir='ltr'><strong>liberior,</strong></span> <span class='ocrx_word' id='word_1_486' title='bbox 603 4048 719 4123; x_wconf 90' lang='lat' dir='ltr'><strong>quanto</strong></span> <span class='ocrx_word' id='word_1_487' title='bbox 739 4041 858 4118; x_wconf 81' lang='lat' dir='ltr'><strong>sanior3</strong></span> <span class='ocrx_word' id='word_1_488' title='bbox 880 4047 968 4104; x_wconf 86' lang='lat' dir='ltr'><strong>tauto</strong></span> <span class='ocrx_word' id='word_1_489' title='bbox 981 4063 1040 4106; x_wconf 87' lang='lat' dir='ltr'><strong>au·</strong></span> <span class='ocrx_word' id='word_1_490' title='bbox 1090 4047 1215 4116; x_wconf 79' lang='lat' dir='ltr'><strong>peccaro</strong></span> <span class='ocrx_word' id='word_1_491' title='bbox 1228 4058 1292 4100; x_wconf 87' lang='lat'>11011</span> <span class='ocrx_word' id='word_1_492' title='bbox 1316 4040 1405 4118; x_wconf 79' lang='lat' dir='ltr'><strong>fittnt,</strong></span> <span class='ocrx_word' id='word_1_493' title='bbox 1432 4041 1492 4101; x_wconf 86' lang='lat' dir='ltr'><strong>nisi</strong></span> <span class='ocrx_word' id='word_1_494' title='bbox 1518 4044 1619 4121; x_wconf 87' lang='lat' dir='ltr'><strong>gratia</strong></span> <span class='ocrx_word' id='word_1_495' title='bbox 1647 4041 1830 4104; x_wconf 71' lang='lat' dir='ltr'><strong>savarone.»</strong></span> 
     </span>
     <span class='ocr_line' id='line_1_41' title="bbox 272 4128 1831 4216; baseline 0.003 -29"><span class='ocrx_word' id='word_1_496' title='bbox 272 4143 336 4199; x_wconf 56' lang='lat' dir='ltr'><strong>tam</strong></span> <span class='ocrx_word' id='word_1_497' title='bbox 370 4137 483 4211; x_wconf 68' lang='lat' dir='ltr'><strong>sanior,</strong></span> <span class='ocrx_word' id='word_1_498' title='bbox 520 4141 637 4216; x_wconf 71' lang='lat' dir='ltr'><strong>quanto</strong></span> <span class='ocrx_word' id='word_1_499' title='bbox 669 4133 782 4195; x_wconf 72' lang='lat' dir='ltr'><strong>divinae</strong></span> <span class='ocrx_word' id='word_1_500' title='bbox 808 4133 1037 4213; x_wconf 62' lang='lat' dir='ltr'><strong>misericordiae,</strong></span> <span class='ocrx_word' id='word_1_501' title='bbox 1091 4128 1211 4193; x_wconf 88' lang='lat' dir='ltr'><strong>Ibidem</strong></span> <span class='ocrx_word' id='word_1_502' title='bbox 1224 4133 1318 4193; x_wconf 91' lang='lat' dir='ltr'><strong>etiam</strong></span> <span class='ocrx_word' id='word_1_503' title='bbox 1332 4131 1831 4216; x_wconf 83' lang='lat' dir='ltr'><strong>notat,Paulumprudenteroverba</strong></span> 
     </span>
     <span class='ocr_line' id='line_1_42' title="bbox 272 4222 1831 4308; baseline -0.005 -18"><span class='ocrx_word' id='word_1_504' title='bbox 272 4230 442 4308; x_wconf 62' lang='lat' dir='ltr'><strong>gratimue</strong></span> <span class='ocrx_word' id='word_1_505' title='bbox 453 4228 629 4308; x_wconf 88' lang='lat' dir='ltr'><strong>subjectior.</strong></span> <span class='ocrx_word' id='word_1_506' title='bbox 646 4247 662 4286; x_wconf 85' lang='lat' dir='ltr'><strong>v</strong></span> <span class='ocrx_word' id='word_1_507' title='bbox 684 4228 722 4287; x_wconf 86' lang='lat' dir='ltr'><strong>Et</strong></span> <span class='ocrx_word' id='word_1_508' title='bbox 736 4244 810 4288; x_wconf 86' lang='lat' dir='ltr'><strong>mox</strong></span> <span class='ocrx_word' id='word_1_509' title='bbox 827 4246 834 4286; x_wconf 93' lang='lat'><strong>:</strong></span> <span class='ocrx_word' id='word_1_510' title='bbox 851 4227 1039 4300; x_wconf 80' lang='lat' dir='ltr'><strong>«Quomodo</strong></span> <span class='ocrx_word' id='word_1_511' title='bbox 1089 4223 1350 4302; x_wconf 88' lang='lat' dir='ltr'><strong>ipsadisorevisse.</strong></span> <span class='ocrx_word' id='word_1_512' title='bbox 1365 4226 1469 4288; x_wconf 79' lang='lat' dir='ltr'><strong>»eum</strong></span> <span class='ocrx_word' id='word_1_513' title='bbox 1483 4228 1567 4289; x_wconf 92' lang='lat' dir='ltr'><strong>enim</strong></span> <span class='ocrx_word' id='word_1_514' title='bbox 1588 4228 1723 4302; x_wconf 85' lang='lat' dir='ltr'><strong>dixisset,</strong></span> <span class='ocrx_word' id='word_1_515' title='bbox 1743 4222 1831 4285; x_wconf 77' lang='lat' dir='ltr'><strong>«Cam</strong></span> 
     </span>
     <span class='ocr_line' id='line_1_43' title="bbox 272 4314 1831 4401; baseline -0.004 -19"><span class='ocrx_word' id='word_1_516' title='bbox 272 4322 358 4382; x_wconf 91' lang='lat' dir='ltr'><strong>enim</strong></span> <span class='ocrx_word' id='word_1_517' title='bbox 370 4320 469 4381; x_wconf 89' lang='lat' dir='ltr'><strong>libera</strong></span> <span class='ocrx_word' id='word_1_518' title='bbox 486 4326 541 4394; x_wconf 89' lang='lat' dir='ltr'><strong>est,</strong></span> <span class='ocrx_word' id='word_1_519' title='bbox 568 4320 618 4381; x_wconf 92' lang='lat' dir='ltr'><strong>cui</strong></span> <span class='ocrx_word' id='word_1_520' title='bbox 637 4319 816 4380; x_wconf 89' lang='lat' dir='ltr'><strong>dominatur</strong></span> <span class='ocrx_word' id='word_1_521' title='bbox 834 4318 978 4397; x_wconf 90' lang='lat' dir='ltr'><strong>iniquitas</strong></span> <span class='ocrx_word' id='word_1_522' title='bbox 990 4319 1035 4380; x_wconf 82' lang='lat' dir='ltr'><strong>‘lu</strong></span> <span class='ocrx_word' id='word_1_523' title='bbox 1087 4317 1264 4377; x_wconf 74' lang='lat' dir='ltr'><strong>smeieuetis</strong></span> <span class='ocrx_word' id='word_1_524' title='bbox 1277 4318 1397 4398; x_wconf 77' lang='lat' dir='ltr'><strong>pemati,</strong></span> <span class='ocrx_word' id='word_1_525' title='bbox 1407 4318 1496 4381; x_wconf 82' lang='lat' dir='ltr'><strong>liberi</strong></span> <span class='ocrx_word' id='word_1_526' title='bbox 1504 4319 1751 4401; x_wconf 79' lang='lat' dir='ltr'><strong>faistisjsatitia.</strong></span> <span class='ocrx_word' id='word_1_527' title='bbox 1764 4314 1831 4377; x_wconf 88' lang='lat' dir='ltr'><strong>aeli-</strong></span> 
     </span>
     <span class='ocr_line' id='line_1_44' title="bbox 272 4409 1828 4493; baseline -0.005 -20"><span class='ocrx_word' id='word_1_528' title='bbox 272 4414 310 4473; x_wconf 86' lang='lat' dir='ltr'><strong>Et</strong></span> <span class='ocrx_word' id='word_1_529' title='bbox 321 4412 356 4473; x_wconf 90' lang='lat' dir='ltr'><strong>iu</strong></span> <span class='ocrx_word' id='word_1_530' title='bbox 365 4412 493 4493; x_wconf 88' lang='lat' dir='ltr'><strong>epistota</strong></span> <span class='ocrx_word' id='word_1_531' title='bbox 505 4428 542 4472; x_wconf 85' lang='lat' dir='ltr'><strong>xc</strong></span> <span class='ocrx_word' id='word_1_532' title='bbox 555 4430 624 4491; x_wconf 81' lang='lat' dir='ltr'><strong>qua</strong></span> <span class='ocrx_word' id='word_1_533' title='bbox 636 4417 683 4473; x_wconf 87' lang='lat' dir='ltr'><strong>est</strong></span> <span class='ocrx_word' id='word_1_534' title='bbox 702 4411 849 4492; x_wconf 83' lang='lat' dir='ltr'><strong>synodica</strong></span> <span class='ocrx_word' id='word_1_535' title='bbox 865 4431 872 4471; x_wconf 91' lang='lat'>:</span> <span class='ocrx_word' id='word_1_536' title='bbox 891 4432 907 4469; x_wconf 85' lang='lat' dir='ltr'><strong>u</strong></span> <span class='ocrx_word' id='word_1_537' title='bbox 921 4412 997 4484; x_wconf 85' lang='lat' dir='ltr'><strong>Quia</strong></span> <span class='ocrx_word' id='word_1_538' title='bbox 1009 4418 1039 4473; x_wconf 89' lang='lat' dir='ltr'><strong>et</strong></span> <span class='ocrx_word' id='word_1_539' title='bbox 1087 4409 1311 4487; x_wconf 84' lang='lat' dir='ltr'><strong>berosjustitiee</strong></span> <span class='ocrx_word' id='word_1_540' title='bbox 1324 4427 1388 4470; x_wconf 91' lang='lat' dir='ltr'><strong>non</strong></span> <span class='ocrx_word' id='word_1_541' title='bbox 1402 4410 1546 4473; x_wconf 89' lang='lat' dir='ltr'><strong>liberatos</strong></span> <span class='ocrx_word' id='word_1_542' title='bbox 1556 4411 1828 4492; x_wconf 81' lang='lat' dir='ltr'><strong>amripsisset;mox,</strong></span> 
     </span>
     <span class='ocr_line' id='line_1_45' title="bbox 271 4499 1830 4584; baseline -0.005 -19"><span class='ocrx_word' id='word_1_543' title='bbox 271 4505 375 4584; x_wconf 88' lang='lat' dir='ltr'><strong>ipsum</strong></span> <span class='ocrx_word' id='word_1_544' title='bbox 393 4509 508 4564; x_wconf 82' lang='lat' dir='ltr'><strong>nostrae</strong></span> <span class='ocrx_word' id='word_1_545' title='bbox 530 4502 699 4563; x_wconf 90' lang='lat' dir='ltr'><strong>voluntatis</strong></span> <span class='ocrx_word' id='word_1_546' title='bbox 720 4501 884 4562; x_wconf 87' lang='lat' dir='ltr'><strong>arbitrium</strong></span> <span class='ocrx_word' id='word_1_547' title='bbox 910 4520 982 4563; x_wconf 89' lang='lat' dir='ltr'><strong>rere</strong></span> <span class='ocrx_word' id='word_1_548' title='bbox 1001 4502 1038 4564; x_wconf 89' lang='lat' dir='ltr'><strong>fit</strong></span> <span class='ocrx_word' id='word_1_549' title='bbox 1091 4500 1342 4579; x_wconf 68' lang='lat' dir='ltr'><strong>superoctonon</strong></span> <span class='ocrx_word' id='word_1_550' title='bbox 1355 4501 1478 4577; x_wconf 90' lang='lat' dir='ltr'><strong>liberos,</strong></span> <span class='ocrx_word' id='word_1_551' title='bbox 1493 4503 1546 4577; x_wconf 91' lang='lat' dir='ltr'><strong>ait,</strong></span> <span class='ocrx_word' id='word_1_552' title='bbox 1555 4520 1595 4563; x_wconf 92' lang='lat' dir='ltr'><strong>ne</strong></span> <span class='ocrx_word' id='word_1_553' title='bbox 1608 4504 1667 4564; x_wconf 90' lang='lat' dir='ltr'><strong>sibi</strong></span> <span class='ocrx_word' id='word_1_554' title='bbox 1675 4499 1830 4563; x_wconf 85' lang='lat' dir='ltr'><strong>hoetribue</strong></span> 
     </span>
     <span class='ocr_line' id='line_1_46' title="bbox 270 4592 1829 4674; baseline -0.002 -18"><span class='ocrx_word' id='word_1_555' title='bbox 270 4596 419 4672; x_wconf 82' lang='lat' dir='ltr'><strong>liberum3</strong></span> <span class='ocrx_word' id='word_1_556' title='bbox 442 4596 519 4656; x_wconf 90' lang='lat' dir='ltr'><strong>dum</strong></span> <span class='ocrx_word' id='word_1_557' title='bbox 540 4613 560 4654; x_wconf 91' lang='lat' dir='ltr'><strong>a</strong></span> <span class='ocrx_word' id='word_1_558' title='bbox 580 4594 752 4655; x_wconf 87' lang='lat' dir='ltr'><strong>carnatium</strong></span> <span class='ocrx_word' id='word_1_559' title='bbox 775 4594 1036 4674; x_wconf 80' lang='lat' dir='ltr'><strong>eonetipiscentia·</strong></span> <span class='ocrx_word' id='word_1_560' title='bbox 1085 4594 1227 4667; x_wconf 87' lang='lat' dir='ltr'><strong>rent,sed</strong></span> <span class='ocrx_word' id='word_1_561' title='bbox 1236 4593 1467 4671; x_wconf 82' lang='lat' dir='ltr'><strong>vigilantissime</strong></span> <span class='ocrx_word' id='word_1_562' title='bbox 1480 4595 1590 4655; x_wconf 90' lang='lat' dir='ltr'><strong>maluit</strong></span> <span class='ocrx_word' id='word_1_563' title='bbox 1608 4592 1829 4656; x_wconf 81' lang='lat' dir='ltr'><strong>direreiiieutes</strong></span> 
     </span>
     <span class='ocr_line' id='line_1_47' title="bbox 269 4679 1831 4766; baseline -0.005 -18"><span class='ocrx_word' id='word_1_564' title='bbox 269 4706 341 4749; x_wconf 90' lang='lat' dir='ltr'><strong>rum</strong></span> <span class='ocrx_word' id='word_1_565' title='bbox 355 4686 568 4748; x_wconf 88' lang='lat' dir='ltr'><strong>dominatione</strong></span> <span class='ocrx_word' id='word_1_566' title='bbox 582 4685 741 4747; x_wconf 88' lang='lat' dir='ltr'><strong>liberatur.</strong></span> <span class='ocrx_word' id='word_1_567' title='bbox 755 4706 771 4744; x_wconf 85' lang='lat' dir='ltr'><strong>v</strong></span> <span class='ocrx_word' id='word_1_568' title='bbox 794 4685 844 4747; x_wconf 88' lang='lat' dir='ltr'><strong>Sic</strong></span> <span class='ocrx_word' id='word_1_569' title='bbox 859 4686 894 4747; x_wconf 93' lang='lat' dir='ltr'><strong>in</strong></span> <span class='ocrx_word' id='word_1_570' title='bbox 906 4687 1035 4766; x_wconf 88' lang='lat' dir='ltr'><strong>epistola</strong></span> <span class='ocrx_word' id='word_1_571' title='bbox 1084 4684 1219 4746; x_wconf 86' lang='lat' dir='ltr'><strong>referens</strong></span> <span class='ocrx_word' id='word_1_572' title='bbox 1229 4685 1337 4746; x_wconf 88' lang='lat' dir='ltr'><strong>hocad</strong></span> <span class='ocrx_word' id='word_1_573' title='bbox 1351 4685 1438 4747; x_wconf 90' lang='lat' dir='ltr'><strong>illam</strong></span> <span class='ocrx_word' id='word_1_574' title='bbox 1451 4687 1576 4747; x_wconf 85' lang='lat' dir='ltr'><strong>Domini</strong></span> <span class='ocrx_word' id='word_1_575' title='bbox 1587 4686 1764 4748; x_wconf 85' lang='lat' dir='ltr'><strong>sententiam</strong></span> <span class='ocrx_word' id='word_1_576' title='bbox 1781 4702 1787 4743; x_wconf 95' lang='lat'>:</span> <span class='ocrx_word' id='word_1_577' title='bbox 1801 4679 1831 4742; x_wconf 79' lang='lat' dir='ltr'><strong>st</strong></span> 
     </span>
     <span class='ocr_line' id='line_1_48' title="bbox 269 4776 1825 4853; baseline -0.004 -13"><span class='ocrx_word' id='word_1_578' title='bbox 269 4796 340 4840; x_wconf 85' lang='lat' dir='ltr'><strong>cvu.</strong></span> <span class='ocrx_word' id='word_1_579' title='bbox 371 4779 433 4840; x_wconf 80' lang='lat' dir='ltr'><strong>«Si</strong></span> <span class='ocrx_word' id='word_1_580' title='bbox 456 4795 531 4839; x_wconf 91' lang='lat' dir='ltr'><strong>vero</strong></span> <span class='ocrx_word' id='word_1_581' title='bbox 555 4778 700 4840; x_wconf 90' lang='lat' dir='ltr'><strong>volumus</strong></span> <span class='ocrx_word' id='word_1_582' title='bbox 719 4777 882 4839; x_wconf 85' lang='lat' dir='ltr'><strong>defendere</strong></span> <span class='ocrx_word' id='word_1_583' title='bbox 901 4779 1034 4840; x_wconf 89' lang='lat' dir='ltr'><strong>liberum</strong></span> <span class='ocrx_word' id='word_1_584' title='bbox 1084 4797 1133 4840; x_wconf 85' lang='lat' dir='ltr'><strong>eos</strong></span> <span class='ocrx_word' id='word_1_585' title='bbox 1146 4777 1246 4839; x_wconf 83' lang='lat' dir='ltr'><strong>Filius</strong></span> <span class='ocrx_word' id='word_1_586' title='bbox 1260 4776 1441 4853; x_wconf 79' lang='lat' dir='ltr'><strong>liberaverit,</strong></span> <span class='ocrx_word' id='word_1_587' title='bbox 1459 4785 1605 4840; x_wconf 69' lang='lat' dir='ltr'><strong>tenerae</strong></span> <span class='ocrx_word' id='word_1_588' title='bbox 1623 4778 1707 4840; x_wconf 79' lang='lat' dir='ltr'><strong>liberi</strong></span> <span class='ocrx_word' id='word_1_589' title='bbox 1717 4778 1825 4838; x_wconf 71' lang='lat' dir='ltr'><strong>eritis.»</strong></span> 
     </span>
     <span class='ocr_line' id='line_1_49' title="bbox 268 4865 1826 4951; baseline -0.006 -19"><span class='ocrx_word' id='word_1_590' title='bbox 268 4871 442 4947; x_wconf 85' lang='lat' dir='ltr'><strong>arbitrium,</strong></span> <span class='ocrx_word' id='word_1_591' title='bbox 464 4888 530 4931; x_wconf 90' lang='lat' dir='ltr'><strong>nou</strong></span> <span class='ocrx_word' id='word_1_592' title='bbox 547 4888 774 4951; x_wconf 78' lang='lat' dir='ltr'><strong>oppugnemus,</strong></span> <span class='ocrx_word' id='word_1_593' title='bbox 794 4870 877 4931; x_wconf 76' lang='lat' dir='ltr'><strong>rande</strong></span> <span class='ocrx_word' id='word_1_594' title='bbox 902 4870 938 4931; x_wconf 88' lang='lat' dir='ltr'><strong>tit</strong></span> <span class='ocrx_word' id='word_1_595' title='bbox 955 4871 1032 4933; x_wconf 90' lang='lat' dir='ltr'><strong>lihe-</strong></span> <span class='ocrx_word' id='word_1_596' title='bbox 1082 4871 1126 4932; x_wconf 83' lang='lat' dir='ltr'><strong>Ao</strong></span> <span class='ocrx_word' id='word_1_597' title='bbox 1148 4870 1288 4949; x_wconf 87' lang='lat' dir='ltr'><strong>sequenti</strong></span> <span class='ocrx_word' id='word_1_598' title='bbox 1309 4869 1418 4949; x_wconf 89' lang='lat' dir='ltr'><strong>capite,</strong></span> <span class='ocrx_word' id='word_1_599' title='bbox 1444 4888 1530 4931; x_wconf 81' lang='lat' dir='ltr'><strong>onec</strong></span> <span class='ocrx_word' id='word_1_600' title='bbox 1549 4869 1682 4932; x_wconf 87' lang='lat' dir='ltr'><strong>liberum</strong></span> <span class='ocrx_word' id='word_1_601' title='bbox 1702 4868 1733 4929; x_wconf 93' lang='lat' dir='ltr'><strong>in</strong></span> <span class='ocrx_word' id='word_1_602' title='bbox 1758 4865 1826 4926; x_wconf 90' lang='lat' dir='ltr'><strong>bono</strong></span> 
     </span>
     <span class='ocr_line' id='line_1_50' title="bbox 266 4953 1824 5043; baseline -0.001 -20"><span class='ocrx_word' id='word_1_603' title='bbox 266 4982 350 5026; x_wconf 88' lang='lat' dir='ltr'><strong>rum.</strong></span> <span class='ocrx_word' id='word_1_604' title='bbox 370 4965 449 5025; x_wconf 92' lang='lat' dir='ltr'><strong>Nam</strong></span> <span class='ocrx_word' id='word_1_605' title='bbox 468 4963 522 5043; x_wconf 89' lang='lat' dir='ltr'><strong>qni</strong></span> <span class='ocrx_word' id='word_1_606' title='bbox 542 4969 701 5043; x_wconf 90' lang='lat' dir='ltr'><strong>oppugnat</strong></span> <span class='ocrx_word' id='word_1_607' title='bbox 720 4962 863 5043; x_wconf 89' lang='lat' dir='ltr'><strong>gratiam,</strong></span> <span class='ocrx_word' id='word_1_608' title='bbox 878 4980 941 5042; x_wconf 88' lang='lat' dir='ltr'><strong>qua</strong></span> <span class='ocrx_word' id='word_1_609' title='bbox 960 4981 1031 5024; x_wconf 91' lang='lat' dir='ltr'><strong>nos·</strong></span> <span class='ocrx_word' id='word_1_610' title='bbox 1082 4963 1150 5037; x_wconf 92' lang='lat' dir='ltr'><strong>erit,</strong></span> <span class='ocrx_word' id='word_1_611' title='bbox 1164 4961 1266 5041; x_wconf 85' lang='lat' dir='ltr'><strong>inquit</strong></span> <span class='ocrx_word' id='word_1_612' title='bbox 1279 4961 1318 5022; x_wconf 89' lang='lat' dir='ltr'><strong>de</strong></span> <span class='ocrx_word' id='word_1_613' title='bbox 1334 4960 1464 5022; x_wconf 89' lang='lat' dir='ltr'><strong>arbitrio</strong></span> <span class='ocrx_word' id='word_1_614' title='bbox 1481 4961 1580 5023; x_wconf 91' lang='lat' dir='ltr'><strong>libero</strong></span> <span class='ocrx_word' id='word_1_615' title='bbox 1599 4962 1734 5042; x_wconf 86' lang='lat' dir='ltr'><strong>loquens,</strong></span> <span class='ocrx_word' id='word_1_616' title='bbox 1756 4953 1824 5035; x_wconf 78' lang='lat' dir='ltr'><strong>qnod</strong></span> 
     </span>
     <span class='ocr_line' id='line_1_51' title="bbox 265 5049 1823 5129; baseline -0.003 -13"><span class='ocrx_word' id='word_1_617' title='bbox 265 5061 349 5116; x_wconf 76' lang='lat' dir='ltr'><strong>uum</strong></span> <span class='ocrx_word' id='word_1_618' title='bbox 361 5056 401 5117; x_wconf 90' lang='lat' dir='ltr'><strong>ad</strong></span> <span class='ocrx_word' id='word_1_619' title='bbox 418 5055 635 5117; x_wconf 88' lang='lat' dir='ltr'><strong>declinandum</strong></span> <span class='ocrx_word' id='word_1_620' title='bbox 656 5073 675 5115; x_wconf 89' lang='lat' dir='ltr'><strong>a</strong></span> <span class='ocrx_word' id='word_1_621' title='bbox 693 5055 787 5127; x_wconf 69' lang='lat' dir='ltr'><strong>mmo,</strong></span> <span class='ocrx_word' id='word_1_622' title='bbox 808 5066 839 5115; x_wconf 88' lang='lat' dir='ltr'><strong>et</strong></span> <span class='ocrx_word' id='word_1_623' title='bbox 857 5053 1031 5116; x_wconf 89' lang='lat' dir='ltr'><strong>faciendum</strong></span> <span class='ocrx_word' id='word_1_624' title='bbox 1079 5055 1294 5115; x_wconf 88' lang='lat' dir='ltr'><strong>liberatornon</strong></span> <span class='ocrx_word' id='word_1_625' title='bbox 1306 5053 1496 5129; x_wconf 88' lang='lat' dir='ltr'><strong>liberaverit;</strong></span> <span class='ocrx_word' id='word_1_626' title='bbox 1506 5054 1560 5127; x_wconf 87' lang='lat' dir='ltr'><strong>sed</strong></span> <span class='ocrx_word' id='word_1_627' title='bbox 1571 5053 1605 5114; x_wconf 90' lang='lat' dir='ltr'><strong>in</strong></span> <span class='ocrx_word' id='word_1_628' title='bbox 1617 5055 1698 5114; x_wconf 88' lang='lat' dir='ltr'><strong>malo</strong></span> <span class='ocrx_word' id='word_1_629' title='bbox 1710 5049 1823 5111; x_wconf 80' lang='lat' dir='ltr'><strong>ntum</strong></span> 
     </span>
     <span class='ocr_line' id='line_1_52' title="bbox 264 5136 1822 5226; baseline -0.008 -17"><span class='ocrx_word' id='word_1_630' title='bbox 264 5147 396 5221; x_wconf 85' lang='lat' dir='ltr'><strong>bonum,</strong></span> <span class='ocrx_word' id='word_1_631' title='bbox 420 5148 569 5208; x_wconf 91' lang='lat' dir='ltr'><strong>liberatur</strong></span> <span class='ocrx_word' id='word_1_632' title='bbox 591 5147 767 5221; x_wconf 86' lang='lat' dir='ltr'><strong>arbitrium,</strong></span> <span class='ocrx_word' id='word_1_633' title='bbox 778 5146 844 5226; x_wconf 90' lang='lat' dir='ltr'><strong>ipse</strong></span> <span class='ocrx_word' id='word_1_634' title='bbox 866 5146 1029 5209; x_wconf 88' lang='lat' dir='ltr'><strong>arbitrium</strong></span> <span class='ocrx_word' id='word_1_635' title='bbox 1078 5144 1406 5220; x_wconf 87' lang='lat' dir='ltr'><strong>habetarbitrium,eui</strong></span> <span class='ocrx_word' id='word_1_636' title='bbox 1419 5136 1822 5207; x_wconf 85' lang='lat' dir='ltr'><strong>delectationemmalitiarel</strong></span> 
     </span>
     <span class='ocr_line' id='line_1_53' title="bbox 263 5226 1820 5319; baseline -0.008 -19"><span class='ocrx_word' id='word_1_637' title='bbox 263 5259 356 5302; x_wconf 90' lang='lat' dir='ltr'><strong>suum</strong></span> <span class='ocrx_word' id='word_1_638' title='bbox 370 5241 471 5301; x_wconf 89' lang='lat' dir='ltr'><strong>adhuc</strong></span> <span class='ocrx_word' id='word_1_639' title='bbox 488 5240 556 5300; x_wconf 86' lang='lat' dir='ltr'><strong>vult</strong></span> <span class='ocrx_word' id='word_1_640' title='bbox 572 5257 637 5301; x_wconf 90' lang='lat' dir='ltr'><strong>esse</strong></span> <span class='ocrx_word' id='word_1_641' title='bbox 655 5238 823 5319; x_wconf 85' lang='lat' dir='ltr'><strong>captivum.</strong></span> <span class='ocrx_word' id='word_1_642' title='bbox 840 5258 856 5295; x_wconf 81' lang='lat' dir='ltr'><strong>a</strong></span> <span class='ocrx_word' id='word_1_643' title='bbox 878 5239 915 5298; x_wconf 86' lang='lat' dir='ltr'><strong>Et</strong></span> <span class='ocrx_word' id='word_1_644' title='bbox 928 5256 1022 5307; x_wconf 87' lang='lat' dir='ltr'><strong>mox:</strong></span> <span class='ocrx_word' id='word_1_645' title='bbox 1078 5236 1287 5311; x_wconf 67' lang='lat' dir='ltr'><strong>cratibusve]</strong></span> <span class='ocrx_word' id='word_1_646' title='bbox 1302 5226 1820 5316; x_wconf 84' lang='lat' dir='ltr'><strong>manifestusdeceptorinseruit.vel</strong></span> 
     </span>
     <span class='ocr_line' id='line_1_54' title="bbox 266 5326 1815 5412; baseline -0.007 -21"><span class='ocrx_word' id='word_1_647' title='bbox 266 5334 478 5412; x_wconf 78' lang='lat' dir='ltr'><strong>«Responde,</strong></span> <span class='ocrx_word' id='word_1_648' title='bbox 504 5332 660 5412; x_wconf 62' lang='lat' dir='ltr'><strong>montedo</strong></span> <span class='ocrx_word' id='word_1_649' title='bbox 688 5331 726 5391; x_wconf 90' lang='lat' dir='ltr'><strong>ad</strong></span> <span class='ocrx_word' id='word_1_650' title='bbox 760 5330 978 5391; x_wconf 88' lang='lat' dir='ltr'><strong>declinandum</strong></span> <span class='ocrx_word' id='word_1_651' title='bbox 1007 5350 1026 5392; x_wconf 91' lang='lat' dir='ltr'><strong>a</strong></span> <span class='ocrx_word' id='word_1_652' title='bbox 1077 5331 1135 5391; x_wconf 91' lang='lat' dir='ltr'><strong>sibi</strong></span> <span class='ocrx_word' id='word_1_653' title='bbox 1156 5329 1221 5408; x_wconf 89' lang='lat' dir='ltr'><strong>ipse</strong></span> <span class='ocrx_word' id='word_1_654' title='bbox 1238 5329 1410 5409; x_wconf 90' lang='lat' dir='ltr'><strong>persuasit;</strong></span> <span class='ocrx_word' id='word_1_655' title='bbox 1433 5333 1491 5389; x_wconf 86' lang='lat' dir='ltr'><strong>etc.</strong></span> <span class='ocrx_word' id='word_1_656' title='bbox 1522 5329 1582 5390; x_wconf 83' lang='lat' dir='ltr'><strong>Sed</strong></span> <span class='ocrx_word' id='word_1_657' title='bbox 1600 5326 1815 5391; x_wconf 68' lang='lat' dir='ltr'><strong>haeretante,</strong></span> 
     </span>
    </p>
   </div>
   <div class='ocr_carea' id='block_1_3' title="bbox 290 5521 1671 5607">
    <p class='ocr_par' dir='ltr' id='par_1_3' title="bbox 290 5521 1671 5607">
     <span class='ocr_line' id='line_1_55' title="bbox 290 5521 1671 5607; baseline -0.004 -32"><span class='ocrx_word' id='word_1_658' title='bbox 290 5532 300 5575; x_wconf 90' lang='lat' dir='ltr'><strong>t</strong></span> <span class='ocrx_word' id='word_1_659' title='bbox 315 5533 347 5578; x_wconf 86' lang='lat' dir='ltr'><strong>lt.</strong></span> <span class='ocrx_word' id='word_1_660' title='bbox 361 5543 404 5577; x_wconf 80' lang='lat' dir='ltr'><strong>ver.</strong></span> <span class='ocrx_word' id='word_1_661' title='bbox 417 5532 503 5577; x_wconf 74' lang='lat' dir='ltr'><strong>aa-tt</strong></span> <span class='ocrx_word' id='word_1_662' title='bbox 514 5532 532 5575; x_wconf 93' lang='lat' dir='ltr'><strong>u</strong></span> <span class='ocrx_word' id='word_1_663' title='bbox 545 5534 593 5577; x_wconf 79' lang='lat' dir='ltr'><strong>cor.</strong></span> <span class='ocrx_word' id='word_1_664' title='bbox 603 5542 639 5578; x_wconf 85' lang='grc' dir='ltr'>ιιι.</span> <span class='ocrx_word' id='word_1_665' title='bbox 652 5532 710 5579; x_wconf 87' lang='lat' dir='ltr'><strong>tt.-</strong></span> <span class='ocrx_word' id='word_1_666' title='bbox 722 5533 737 5576; x_wconf 87' lang='lat' dir='ltr'><strong>a</strong></span> <span class='ocrx_word' id='word_1_667' title='bbox 747 5521 825 5584; x_wconf 55' lang='lat' dir='ltr'><strong>Galsa,</strong></span> <span class='ocrx_word' id='word_1_668' title='bbox 838 5532 886 5576; x_wconf 90' lang='lat' dir='ltr'><strong>t.-</strong></span> <span class='ocrx_word' id='word_1_669' title='bbox 895 5530 909 5576; x_wconf 80' lang='lat' dir='ltr'><strong>t</strong></span> <span class='ocrx_word' id='word_1_670' title='bbox 919 5532 978 5577; x_wconf 75' lang='lat' dir='ltr'><strong>Rom.</strong></span> <span class='ocrx_word' id='word_1_671' title='bbox 988 5542 1037 5581; x_wconf 83' lang='grc' dir='ltr'>ιιιι.</span> <span class='ocrx_word' id='word_1_672' title='bbox 1050 5532 1112 5576; x_wconf 79' lang='lat' dir='ltr'><strong>ts·</strong></span> <span class='ocrx_word' id='word_1_673' title='bbox 1123 5534 1136 5573; x_wconf 81' lang='lat' dir='ltr'><strong>t</strong></span> <span class='ocrx_word' id='word_1_674' title='bbox 1148 5530 1204 5574; x_wconf 81' lang='lat' dir='ltr'><strong>sess.</strong></span> <span class='ocrx_word' id='word_1_675' title='bbox 1213 5542 1241 5581; x_wconf 82' lang='lat' dir='ltr'><strong>n,</strong></span> <span class='ocrx_word' id='word_1_676' title='bbox 1252 5539 1301 5574; x_wconf 84' lang='lat' dir='ltr'><strong>een.</strong></span> <span class='ocrx_word' id='word_1_677' title='bbox 1312 5528 1378 5573; x_wconf 81' lang='lat' dir='ltr'><strong>r.-t</strong></span> <span class='ocrx_word' id='word_1_678' title='bbox 1388 5529 1451 5573; x_wconf 82' lang='lat' dir='ltr'><strong>tosa.</strong></span> <span class='ocrx_word' id='word_1_679' title='bbox 1462 5530 1561 5607; x_wconf 42' lang='lat' dir='ltr'><strong>asaf-t</strong></span> <span class='ocrx_word' id='word_1_680' title='bbox 1571 5529 1630 5575; x_wconf 75' lang='lat' dir='ltr'><strong>Rom.</strong></span> <span class='ocrx_word' id='word_1_681' title='bbox 1641 5538 1671 5570; x_wconf 85' lang='lat' dir='ltr'><strong>u.</strong></span> 
     </span>
    </p>
   </div>
   <div class='ocr_carea' id='block_1_4' title="bbox 0 0 1972 6172">
    <p class='ocr_par' dir='ltr' id='par_1_4' title="bbox 0 0 1972 6172">
     <span class='ocr_line' id='line_1_56' title="bbox 0 0 1972 6172; baseline 0 2"><span class='ocrx_word' id='word_1_682' title='bbox 0 0 1972 6172; x_wconf 95' lang='lat' dir='ltr'><strong> </strong></span> 
     </span>
    </p>
   </div>
  </div>
 </body>
</html>
