4122 6184
301 304 342 369 26
809 301 1149 369 ,annolofflcosutt
1171 302 1391 365 uoauamm

343 474 425 537 Pena
438 473 517 536 alter
530 471 673 553 Gregorii
692 470 825 553 Nyssani
845 471 931 532 loeus
948 469 1071 531 excide·
1161 467 1604 531 BamardusinssrmonedeS.
1615 470 1776 546 Benedicta,
1787 471 1890 533 ache-

303 571 364 638 rat,
380 584 442 645 quo
451 565 528 628 nihil
538 566 597 627 diei
608 565 704 646 possit
712 563 893 646 expressius.
905 564 937 624 Is
950 561 1071 623 inlihro
1120 561 1285 637 rubim,ait
1301 563 1465 644 Propheta,
1475 562 1637 623 stabantet
1649 582 1714 624 non
1726 564 1886 639 sedebant3

302 657 405 738 primo
428 665 526 719 mmm
551 656 736 720 Eunomiam
762 656 801 717 de
823 655 985 736 Seraphim
1011 654 1072 715 illis
1120 653 1197 734 quid
1209 654 1409 731 laborasti,ut
1419 654 1616 734 jamsadeasl
1629 655 1733 717 Omnes
1745 656 1888 718 adminis-

301 768 408 830 agens,
424 750 479 830 qui
500 751 584 830 apud
597 751 721 811 Esaiam
734 748 897 827 trisagium
915 747 1071 826 hymnum
1119 748 1241 808 tratarir'
1252 748 1450 829 samspr'aitas
1459 747 1543 809 mtssr‘
1555 748 1586 807 ia
1594 748 1791 809 ministeriam
1797 767 1890 831 prop

307 848 435 919 eanunt,
454 842 499 904 ita
517 838 623 903 scribit
637 838 1071 921 :aMinistrssporroesserir-
1121 849 1169 902 ter
1181 859 1238 916 eos,
1249 841 1304 919 qai
1320 839 1525 903 hereditatem
1537 840 1664 921 capiam
1675 840 1795 917 salmam
1812 849 1843 904 et
1855 848 1889 904 tu

300 939 382 995 tutes
392 934 465 997 istas
476 933 620 996 facientes
638 932 831 994 voluntatem
845 932 909 1001 Dei,
921 948 977 1011 per
987 947 1068 1005 eam,
1120 932 1239 994 sedebis
1250 933 1285 994 1ο
1298 933 1385 995 Idem
1394 932 1528 994 affirmat
1538 939 1570 993 et
1583 933 1617 993 in
1630 950 1771 994 sermone
1785 935 1887 1013 primo

300 1045 373 1107 quae
385 1026 465 1089 lauta
479 1031 534 1099 est,
552 1031 752 1105 penestarum
769 1024 1003 1104 purgationem,
1025 1040 1070 1085 se·
1119 1023 1155 1085 de
1170 1024 1362 1101 S.Mr'adaele,
1375 1025 1887 1106 «Nequeidcuiquemsdditinere-

300 1120 440 1181 eundum
454 1119 646 1180 voluntatem
654 1120 730 1197 ejus,
737 1117 792 1196 qui
799 1116 894 1189 misit,
904 1135 959 1196 per
969 1133 1070 1177 unum
1119 1117 1214 1179 dibile
1226 1118 1384 1191 videatrn,
1407 1117 1660 1198 quandoquidem
1677 1119 1743 1198 ipse
1762 1136 1886 1199 quoque

300 1207 1070 1291 Seraphimorumteaitasignificaviuauujusmadi
1118 1217 1250 1285 amator,
1261 1215 1292 1271 et
1300 1228 1356 1271 rex
1364 1211 1555 1290 Angelorum
1564 1214 1705 1271 uenttaan
1716 1211 1888 1272 ministrari

298 1318 392 1379 porro
405 1300 614 1362 ministerium
628 1300 742 1361 obeant
753 1299 810 1376 illi,
825 1318 900 1361 mox
911 1301 1044 1381 explieat
1060 1320 1068 1362 ε
1118 1303 1602 1365 sedmr'm'strareetaaimamsaom
1608 1301 1882 1383 darepmmaltis.»

302 1413 318 1449 a
335 1394 386 1455 Est
398 1399 505 1457 autem
517 1394 578 1454 hoa
590 1392 799 1454 ministerium
819 1393 986 1472 spirituum
998 1393 1069 1454 isto·
1118 1395 1234 1457 Videat
1244 1393 1652 1474 sermonemrvejusdemde
1665 1393 1762 1456 Vertis
1770 1395 1883 1458 Esaia.

297 1503 382 1565 rum,
396 1491 525 1567 propter
537 1485 668 1547 salutem
686 1504 806 1561 eorum,
823 1486 878 1564 qui
898 1484 1067 1564 salvantur,
1118 1489 1195 1550 Vide
1209 1490 1394 1550 Gereonium
1405 1489 1439 1548 in
1457 1487 1606 1568 Tritaque,
1612 1487 1666 1566 qui
1677 1508 1693 1544 a
1705 1487 1885 1551 haereticum

298 1578 441 1639 emitti.»
1118 1599 1183 1641 esse
1195 1587 1299 1642 censet
1311 1583 1424 1657 disere,
1440 1598 1505 1641 non
1519 1597 1627 1640 omnes
1643 1579 1774 1658 Angelos
1785 1581 1886 1641 admi-

338 1670 407 1732 Xll.
423 1671 558 1751 cyrillus
567 1671 839 1733 Alexandrinusin
848 1669 983 1730 meando
991 1667 1067 1730 libro
1118 1669 1311 1732 nistratorios
1325 1688 1390 1732 esse
1404 1668 1540 1750 spiritus,
1555 1668 1591 1728 in
1603 1667 1808 1729 ministerium
1826 1687 1884 1748 pro

296 1760 332 1824 de
347 1761 1068 1845 Rectafideodllapiaas¹,similamargumenta-
1116 1762 1306 1840 hominibus,
1330 1765 1384 1844 qui
1409 1762 1623 1825 haereditatem
1649 1761 1791 1841 adepturi
1810 1769 1886 1824 sunt

298 1854 417 1915 tionem
430 1874 469 1917 ex
482 1856 621 1936 Apostoli
635 1855 675 1916 ad
689 1855 828 1918 Hebraeos
847 1856 916 1916 loeo
935 1853 1069 1935 muoipit
1116 1855 1246 1930 salutisa
1258 1857 1383 1917 datos·

296 1946 761 2027 deohsequiis,etministe1io
784 1949 976 2028 Angelorum
998 1965 1067 2007 om·
1156 1947 1241 2009 Xlll.
1263 1949 1427 2009 Ambrosio
1453 1947 1618 2027 inscriptus
1641 1949 1885 2009 oommentarius

296 2040 397 2117 nium,
417 2047 448 2102 et
458 2041 552 2120 plens
568 2059 752 2121 summaque
768 2042 835 2103 Filii
851 2046 1013 2120 potestate.
1028 2041 1068 2100 Et
1116 2041 1156 2101 ad
1169 2041 1330 2120 epistolam
1342 2039 1381 2101 ad
1392 2041 1540 2112 Hebraeas,
1555 2038 1747 2118 Angelorum
1760 2040 1885 2103 ordines

297 2132 332 2193 in
345 2132 426 2193 libro
444 2133 546 2212 primo
556 2133 893 2195 commentariorumin
910 2131 1064 2207 Esaiam¹,
1116 2151 1224 2193 omnes
1237 2133 1400 2194 ihidemah
1412 2131 1557 2212 Apostolo
1567 2132 1804 2211 comprehensos
1816 2151 1883 2194 esse

298 2225 337 2285 de
350 2243 414 2285 uno
428 2224 482 2285 illo
495 2243 534 2286 ex
549 2227 658 2288 ordine
673 2226 847 2306 Seraphim,
864 2225 919 2304 qui
932 2225 972 2285 ad
989 2224 1065 2284 Pro·
1115 2225 1259 2287 declarat.
1279 2248 1292 2284 r
1317 2228 1398 2298 Non,
1423 2225 1534 2304 inquit,
1561 2224 1641 2284 solos
1668 2224 1801 2302 Angelos
1823 2225 1884 2287 hoo

296 2315 423 2394 phetam
451 2317 615 2393 advolarit,
636 2319 777 2398 loquens,
797 2324 863 2379 tam
882 2318 949 2392 hos,
971 2333 1066 2397 quam
1115 2336 1259 2381 sermone
1272 2318 1498 2395 signifieatsed
1510 2315 1760 2378 omnesvirtutes
1773 2317 1883 2378 minis·

296 2409 373 2470 alios
398 2427 506 2470 omnes
531 2410 658 2490 spiritus
680 2409 844 2489 Angelieos
866 2409 1066 2470 administros
1113 2411 1201 2472 teriia
1211 2412 1354 2491 supernis
1363 2411 1539 2490 fungentes.
1549 2410 1715 2471 Sciendum
1723 2417 1771 2470 est
1784 2411 1880 2487 enim,

296 2518 372 2574 esse,
389 2507 421 2562 et
433 2502 474 2562 ad
486 2506 600 2563 nutum
617 2501 731 2563 divina
743 2501 911 2580 mejestatis
924 2500 1063 2581 obsequi,
1114 2504 1199 2582 quod
1212 2504 1349 2583 Angelus
1364 2520 1481 2565 nomen
1495 2508 1541 2564 est
1553 2501 1655 2573 officii,
1671 2520 1736 2561 non
1750 2507 1879 2564 natura.

296 2592 438 2671 mittique
452 2593 553 2655 donet.
1113 2595 1172 2669 Qui
1187 2595 1282 2656 etiam
1295 2613 1418 2676 semper
1432 2601 1505 2656 sunt
1518 2594 1882 2674 spiritussednonsem-

329 2685 444 2747 Arretor
457 2691 607 2765 praeterea
626 2686 824 2763 Quaestionum
856 2693 885 2746 et
905 2688 1065 2768 respomrh-
1113 2706 1170 2767 per
1178 2689 1290 2768 Angeli
1298 2689 1402 2749 voeari
1415 2686 1679 2768 possunt.Quaris
1689 2686 1784 2765 hujus
1793 2692 1882 2747 nater·

295 2775 417 2839 named
432 2776 833 2840 Orttodasosinterlustini
847 2782 1065 2859 operaturos
1113 2800 1158 2842 rea
1184 2780 1325 2842 nomen?
1352 2780 1485 2860 Spiritus
1517 2785 1574 2841 est.
1612 2779 1730 2852 Quaris
1764 2778 1881 2843 officii?

295 2869 380 2931 tione
393 2886 449 2931 xxx
478 2871 613 2949 Angelos
633 2888 742 2931 omnes
755 2870 899 2949 majores,
913 2872 1063 2933 minores·
1113 2873 1262 2953 Angelus.
1279 2874 1323 2934 Ex
1337 2890 1385 2949 eo,
1398 2872 1483 2952 quod
1496 2878 1552 2941 est,
1561 2878 1609 2933 est
1621 2871 1765 2951 spiritus3
1782 2890 1820 2932 ex
1830 2889 1880 2941 eo,

296 2980 356 3041 que
390 2961 600 3024 macionibus
631 2963 781 3041 externis,
815 2982 852 3023 aa
885 2963 1065 3026 ministeriis
1113 2966 1198 3045 quod
1225 2965 1299 3044 agit,
1326 2965 1473 3043 Angelus,
1500 2964 1574 3044 quia
1599 2963 1737 3042 Angelus
1763 2952 1880 3039 Greere,

296 3056 464 3117 attributos
478 3074 544 3118 esse
557 3057 733 3118 confirmat.
1113 3057 1243 3117 nuntius
1266 3057 1376 3117 Latina
1400 3055 1529 3131 dieitur3
1554 3055 1633 3116 sieut
1652 3055 1746 3115 homo
1765 3074 1881 3117 nomen

336 3147 548 3210 'theodoretus
565 3150 601 3209 tn
620 3150 701 3210 libro
720 3151 813 3212 tertio
830 3156 934 3213 eontra
949 3148 1064 3214 Graecos
1112 3154 1251 3225 natura3
1277 3148 1366 3209 miles
1391 3165 1466 3210 vero
1492 3165 1608 3208 nomen
1635 3147 1746 3222 offieti;
1773 3148 1880 3227 eisqui

299 3257 365 3300 non
378 3239 467 3300 aliter
476 3241 569 3301 sentit
585 3261 593 3317 ς
611 3259 735 3302 necnon
748 3241 784 3301 iu
796 3242 950 3321 quintode
960 3245 1064 3305 Hoere·
1113 3247 1202 3303 erant
1226 3243 1291 3321 iam
1320 3241 1445 3320 spiritus
1471 3240 1587 3301 conditi
1606 3256 1625 3300 a
1646 3246 1783 3302 creatore
1800 3243 1877 3316 Deo,

295 3331 383 3411 sibus,
404 3333 503 3412 eapite
516 3348 571 3393 vn.
587 3333 626 3393 Et
648 3334 856 3412 Hieronymus
878 3334 912 3393 in
936 3335 1064 3413 epistola
1112 3334 1184 3395 faalt
1208 3352 1262 3394 eos
1291 3334 1434 3412 Angelos,
1463 3332 1615 3393 mittendo
1642 3350 1695 3393 eos
1721 3333 1877 3406 nuntiare,

295 3441 368 3485 axin
403 3424 444 3485 ad
470 3423 632 3485 Damasum
657 3425 696 3486 de
723 3425 843 3487 visione
874 3425 928 3485 illa
952 3426 1062 3503 Esaiae,
1112 3426 1196 3505 quod
1206 3425 1308 3503 jussit.
1327 3448 1339 3483 ν
1358 3426 1433 3499 Quae
1453 3425 1564 3485 iisdem
1587 3441 1667 3503 pene
1680 3424 1781 3485 verbis
1797 3427 1880 3506 apud

298 3539 314 3575 a
346 3517 477 3592 Quidam
509 3517 710 3593 Graecorum,
737 3518 795 3593 ait,
828 3518 862 3578 ln
898 3518 1064 3597 Scripturis
1113 3518 1300 3578 Primasium
1313 3516 1883 3597 leguntur;atquahieinsuperApos-

293 3612 434 3692 apprime
443 3611 597 3685 eruditus,
605 3610 769 3690 Seraphim
777 3611 1063 3690 virmtesquasdam
1112 3608 1167 3670 toli
1192 3614 1348 3689 postrema
1371 3610 1425 3671 illa
1449 3610 1607 3670 declarans
1633 3609 1739 3689 eapitis
1760 3610 1878 3689 primI:

294 3703 327 3763 in
339 3703 423 3764 omlis
435 3720 500 3764 esso
512 3703 663 3782 exposuit,
678 3719 748 3781 quaa
766 3708 837 3763 ante
853 3703 990 3763 tribunal
1009 3705 1065 3765 Dei
1112 3700 1220 3763 Nonae
1233 3711 1402 3763 omumsuut
1412 3700 1669 3763 administratorii
1674 3701 1811 3782 spiritus,
1820 3708 1879 3764 eta.

294 3795 468 3855 assistentes
487 3794 614 3856 laudent
636 3812 720 3871 eum,
735 3794 811 3855 etin
825 3794 944 3855 diversa
958 3795 1063 3856 minis·
1112 3795 1235 3873 quaerit,
1255 3794 1311 3854 «si
1328 3812 1436 3855 omnes
1449 3792 1758 3873 spiritusooelestium
1781 3795 1879 3856 virtu-

295 3887 372 3948 teria
386 3888 561 3962 mittantur,
578 3886 775 3966 maximeque
789 3886 829 3946 ad
842 3905 905 3963 eos,
921 3888 975 3967 qui
989 3907 1064 3968 pur-
1112 3891 1192 3961 tum,
1216 3891 1253 3946 ut
1274 3886 1336 3946 illia
1358 3887 1446 3947 doeet
1469 3885 1644 3965 Apostolus,
1665 3885 1827 3946 mittantur
1841 3888 1880 3947 ad

294 3980 418 4057 gatione
451 3979 603 4058 indigent,
637 3984 669 4039 et
700 3979 740 4038 oh
769 3978 899 4058 pristina
925 3985 1061 4060 pomata,
1113 3977 1245 4040 salutem
1264 3976 1469 4051 credentium,
1485 3977 1561 4057 quid
1584 3982 1641 4052 est,
1660 3978 1745 4056 quod
1769 3978 1879 4039 Daniel

294 4072 397 4150 aliqua
406 4088 445 4132 ex
458 4076 545 4150 parte
557 4071 713 4151 suppliciis
726 4071 851 4150 purgari
864 4077 1059 4135 merentur.»
1114 4069 1206 4129 dixit:
1216 4069 1249 4129 M
1252 4068 1370 4130 r‘tlr‘ami
1372 4068 1670 4131 llt'ummmistratam
1682 4068 1736 4129 im·
1738 4116 1745 4143 ,
1754 4070 1880 4132 etdeer'er

293 4164 373 4223 Tum
387 4163 426 4224 ad
448 4167 541 4242 eaput
554 4178 587 4224 rr
614 4162 716 4224 Esaiae
747 4179 785 4223 ex
806 4163 945 4242 Apostoli
961 4164 1064 4226 verbis
1113 4169 1230 4221 centena
1255 4160 1353 4221 millia
1387 4160 1586 4222 assistebant?
1606 4162 1766 4235 Quomodo
1794 4164 1877 4224 enlm

293 4254 437 4330 ostendit,
449 4254 531 4317 mitti
553 4255 647 4316 etiam
664 4255 829 4335 Seraphim
851 4260 978 4335 propter
997 4274 1061 4333 eos,
1113 4270 1221 4313 omnes
1243 4254 1420 4329 mittuntur,
1431 4254 1458 4314 si
1474 4255 1573 4315 deaies
1596 4260 1725 4316 centena
1739 4254 1835 4315 millia
1849 4256 1878 4317 ei

293 4347 347 4424 qui
360 4346 574 4407 haereditatem
587 4348 742 4428 accepturi
756 4352 829 4407 sunt
842 4347 959 4408 salutis.
1111 4345 1277 4406 assistunt?
1286 4366 1301 4403 ν
1322 4347 1403 4405 Tum
1416 4345 1461 4406 ita
1473 4346 1648 4426 respondet,
1663 4353 1700 4406 ut
1713 4346 1794 4406 mitti
1807 4366 1878 4426 pro-

333 4438 382 4499 Sie
409 4437 591 4498 Ambrosius
623 4438 703 4499 libro
738 4439 841 4517 primo
874 4437 910 4499 de
939 4437 1063 4520 Spiritu
1111 4439 1227 4498 misene
1241 4454 1350 4498 omnes
1361 4437 1455 4498 etiam
1464 4439 1648 4509 assistentes,
1657 4438 1716 4499 hoo
1729 4443 1774 4499 est
1785 4439 1877 4500 subli-

292 4537 400 4606 saneto,
423 4529 521 4609 eapite
534 4546 562 4592 r.
586 4531 624 4590 Et
641 4530 777 4591 Junilius
800 4530 957 4592 Africanus
982 4530 1061 4591 libro
1111 4529 1235 4606 miores,
1251 4534 1376 4591 asserat.
1399 4529 1672 4608 «intelligendum
1693 4532 1877 4611 ergo,quod

292 4622 427 4682 seeundo
453 4620 488 4682 de
513 4620 660 4684 Partibus
678 4621 790 4685 diuina>
811 4621 894 4702 lepis,
914 4622 1014 4702 eapite
1030 4640 1061 4683 rx
1111 4621 1308 4701 omnipotens
1322 4622 1416 4697 Deus,
1432 4622 1486 4702 qui
1508 4622 1634 4701 spiritus
1654 4629 1699 4683 est
1711 4623 1876 4685 ineiroum-

270 4713 426 4793 ·Angelos
452 4732 560 4775 omnes
582 4714 689 4776 asserit
718 4719 784 4774 aet
811 4714 870 4774 sibi
887 4713 1059 4786 consulere,
1110 4712 1253 4793 scriptus,
1269 4714 1375 4774 omnia
1389 4713 1508 4794 implet,
1524 4720 1555 4775 et
1577 4714 1695 4795 ubique
1717 4720 1801 4775 totus
1818 4722 1875 4777 est.

292 4805 368 4867 dum
394 4805 543 4867 ohediunt
564 4807 705 4883 creatori,
723 4811 754 4867 et
775 4805 966 4882 hominibus,
983 4807 1060 4868 dum
1111 4807 1306 4886 Quapropter
1328 4807 1494 4886 Angelieus
1516 4807 1652 4886 spiritus,
1667 4807 1722 4887 qui
1743 4808 1876 4868 maum-

292 4916 403 4963 aorum
412 4899 631 4981 dispensationi
646 4897 846 4980 prospiciunt.
1110 4898 1242 4979 scriptus
1275 4905 1332 4973 est,
1368 4918 1566 4981 quocumque
1599 4901 1759 4974 mittatur,
1795 4901 1879 4967 intra

292 5085 356 5164 γ1ας,
366 5088 407 5141 καὶ
420 5088 552 5158 κουφότητι
561 5083 850 5158 φύσεως,ἄλλαςᾶλλότι
864 5086 908 5151 τῆς
917 5083 1061 5156 οἰιοομ1νης
1110 5087 1408 5159 νιῶνκαθάροιως,κατ1ι
1430 5089 1461 5142 τὸ
1486 5087 1654 5161 βοῦλημοτοῦ
1677 5086 1877 5159 temolestus,

293 5175 365 5246 ptpse
377 5168 696 5241 διειληφυίας,ῆᾶλλῳτιν1
704 5173 748 5222 τοῦ
757 5167 848 5230 παντὸς
859 5165 1059 5239 terminatam.
1111 5170 1170 5241 παρ’
1192 5167 1245 5231 tata
1264 5176 1316 5224 τῶν
1337 5172 1448 5244 Σιροφὶμ
1465 5170 1606 5245 hepaticus·
1628 5172 1689 5241 αὕτη
1709 5173 1757 5244 γάρ
1776 5171 1841 5229 tara
1862 5174 1878 5243 ἡ

328 5272 348 5313 α
363 5256 442 5313 Nise.
457 5254 492 5307 Th
504 5252 532 5307 hl
544 5253 699 5325 λοιτονργοὶνς
717 5245 779 5305 εἶναι
792 5250 835 5312 τὰς
849 5251 962 5323 δυνάμιος
973 5251 1061 5313 ταύτας
1111 5251 1253 5324 marsuppia
1276 5255 1419 5325 πνευμάτων
1434 5255 1528 5309 τούτων
1549 5252 1588 5308 tre
1608 5255 1719 5328 sumpla
1736 5262 1787 5311 τῶν
1800 5258 1880 5319 auto·

292 5339 408 5400 ποιούσας
420 5337 449 5395 τὸ
469 5337 564 5409 illapsi
582 5340 625 5391 τοῦ
639 5334 709 5399 θεοῦ,
730 5333 772 5391 td
784 5338 828 5403 τῆς
841 5333 973 5407 γινομένης
987 5332 1063 5406 ἆμαρ·
1112 5336 1191 5407 pisas
1205 5333 1376 5408 ἐκπέμπεσθαι.

319 5471 330 5513 1
346 5469 393 5515 Par.
404 5481 430 5521 rr,
442 5493 470 5503 -
480 5468 494 5514 i
505 5469 554 5525 cyr.
567 5468 608 5516 lib.
619 5467 637 5511 1
647 5469 698 5513 Em.
711 5466 761 5511 virle
769 5474 790 5511 et
804 5467 844 5512 lib.
857 5466 922 5511 1116
934 5466 989 5511 adar
1007 5466 1033 5511 ta
1044 5466 1082 5519 Sp.
