3936 6172
322 384 381 445 388
825 372 1150 438 THEOLOGIGORUM
1170 374 1388 439 DOGMATUM

322 564 419 608 unam
446 552 566 627 partem
593 543 773 624 applicavit,
804 545 915 622 utputa
940 540 1036 601 homo
1060 543 1091 599 et
1140 541 1230 603 liberi
1255 542 1433 606 facultatem
1458 544 1600 620 arbitrii;
1629 544 1768 623 adjutam
1793 544 1887 607 Christi

323 639 459 719 Angelus
465 640 603 700 desertor
612 636 649 698 ad
665 641 850 708 creaturam,
861 634 1006 695 ereatura
1019 649 1092 692 cou-
1139 635 1247 711 gratia,
1264 635 1458 714 profitemur,
1475 638 1637 716 utriusque
1648 637 1778 698 liberam
1790 637 1888 699 babae

323 736 453 811 tempto,
474 752 489 789 a
500 749 539 791 ex
550 731 619 803 hac,
631 728 744 809 inquit,
759 733 929 808 spontanea
942 732 1091 786 creaturae
1139 731 1333 805 potestatem,
1347 728 1407 789 hoc
1419 735 1466 790 est
1475 748 1515 790 ex
1528 748 1571 805 se,
1587 747 1704 808 sueque
1714 728 1759 804 vi,
1775 734 1806 789 et
1816 735 1889 791 natu

325 822 483 883 rationalis
496 822 531 882 in
545 826 711 901 utramque
725 825 845 900 purtem
854 818 1021 879 liberrimae
1034 814 1093 875 dis·
1138 816 1197 878 rali
1224 819 1338 897 agendi
1359 821 1453 881 modo
1476 821 1580 882 divina
1601 839 1660 901 ope
1678 820 1890 889 sublevatasic
1961 892 1962 901 χ

325 914 473 988 cretione,
489 913 541 975 illa
553 913 711 993 aequabilis
723 910 873 974 libertatis
886 906 1093 970 indifferentia
1140 911 1281 970 assentiri
1294 913 1412 990 grathe
1432 921 1468 973 ut
1481 913 1641 975 dissentire
1654 912 1750 993 possit
1768 913 1850 985 adeo,
1861 922 1891 976 ut
1961 906 1962 977 ἶ

324 1006 410 1066 velut
442 1005 569 1066 bilancis
592 1003 799 1086 aequilibrium
831 1001 932 1083 periit.
960 1019 983 1057 »-
1006 998 1094 1061 Unde
1141 989 1479 1054 nullueamnaumado
1492 993 1891 1071 macuaaedeuamuaca
1961 1038 1962 1049 η

328 1118 344 1156 a
358 1096 473 1176 duplex
485 1097 637 1158 libertatis
661 1115 770 1177 genus,
785 1095 835 1156 vel
854 1093 970 1174 duplex
991 1091 1094 1171 potius
1141 1079 1214 1141 Sltfls
1226 1082 1265 1142 1111
1279 1101 1379 1145 unum
1397 1085 1499 1164 potius
1513 1085 1701 1165 eligendum,
1723 1103 1818 1164 quam
1829 1086 1892 1148 alie·

324 1194 422 1249 status
445 1195 570 1250 exortus
596 1195 662 1251 est:
691 1206 772 1249 unus
793 1188 827 1247 in
850 1204 923 1265 quo,
949 1182 1095 1264 quemad·
1141 1190 1213 1233 mffl
1236 1174 1419 1255 adstringat.
1447 1178 1512 1238 lloo
1538 1179 1563 1238 si
1591 1176 1752 1240 nobiscum
1773 1178 1893 1240 iatenmr

325 1281 454 1342 modum
478 1284 575 1355 Deus,
603 1286 745 1342 ereatura
772 1281 836 1341 Deo
863 1276 1036 1351 simillima,
1064 1279 1095 1335 et
1141 1265 1215 1325 novi
1228 1265 1377 1348 theologi,
1392 1269 1477 1349 quod
1490 1269 1574 1330 salva
1587 1270 1892 1332 conciliorumaucto·

325 1374 463 1453 ejusdem
474 1373 550 1434 boni
569 1392 675 1435 amore
690 1371 838 1442 stabilita,
850 1370 918 1449 jam
930 1368 1007 1429 nihil
1020 1365 1094 1427 mali
1141 1355 1233 1418 ritate
1261 1359 1393 1421 inficiari
1421 1367 1598 1441 nequeunt,
1622 1381 1678 1423 cur
1694 1380 1747 1424 eos
1765 1362 1894 1424 allatrare

325 1465 459 1545 amplius
472 1466 551 1527 velle
570 1470 687 1545 potest:
713 1466 806 1539 alter,
824 1463 859 1524 in
872 1481 933 1542 qua
956 1466 1096 1521 ereatura
1142 1467 1208 1509 11011
1221 1449 1376 1528 desinunt,
1405 1454 1459 1533 qui
1472 1454 1515 1515 sic
1537 1454 1697 1516 sentiunt?
1722 1473 1779 1515 cur
1800 1472 1893 1516 eorum

326 1558 388 1618 Deo
407 1558 624 1631 dissimillima,
640 1564 672 1620 et
683 1555 758 1618 boni
773 1556 821 1616 sui
834 1572 940 1615 amore
953 1552 1093 1633 spoliata,
1141 1539 1304 1604 detrahere
1324 1544 1426 1623 lamae,
1441 1547 1721 1627 existimationique
1743 1566 1807 1608 non
1818 1547 1893 1608 dubi·
1962 1556 1963 1599 t

325 1648 404 1710 nim]
429 1649 516 1711 bmg,
541 1672 556 1708 „
583 1650 746 1711 Existimat
768 1666 853 1727 ergo,
879 1645 1040 1708 hminem
1061 1644 1095 1704 in
1142 1633 1297 1697 tantieur
1314 1637 1561 1717 Pelagianorum,
1579 1658 1616 1700 ac
1633 1640 1796 1716 gentilium
1806 1639 1893 1718 philo·

324 1746 406 1801 statu
427 1742 547 1822 peccati
568 1743 703 1803 liberum
717 1740 881 1802 arbitrium
892 1756 957 1799 non
981 1735 1095 1798 habere
1142 1726 1313 1805 sophorum
1327 1729 1507 1809 discipulos,
1531 1735 1563 1792 et
1584 1731 1782 1792 Aristonicus
1798 1731 1894 1807 mags,

324 1832 365 1893 ad
377 1834 527 1894 utramvis
541 1840 661 1914 purtem
674 1832 865 1894 indifferens.
879 1831 965 1890 «Nec
976 1834 1094 1900 tamen,
1144 1835 1238 1897 11111111]
1258 1820 1445 1883 Christianos
1470 1822 1648 1903 appellaui?
1675 1823 1749 1897 Quis
1767 1824 1894 1895 i³i⁰fflffia

325 1923 437 2004 inquit,
453 1925 568 1986 ideirco
580 1926 715 1987 liberum
726 1924 891 1985 arbitrium
904 1920 1006 2002 periit.
1026 1920 1095 1980 Non
1145 1910 1259 1989 quibus
1271 1913 1408 1993 imperiii
1420 1915 1477 1988 illi,
1491 1921 1523 1976 θῒ
1535 1933 1643 1976 amore
1656 1915 1799 1977 1101111113
1810 1934 1895 1977 0002·

326 2017 410 2077 enim
423 2017 457 2077 in
470 2037 507 2079 eo
520 2017 646 2078 libertas
658 2016 778 2077 arbitrii
794 2015 852 2077 sita
865 2018 964 2090 est,ut
976 2019 1097 2073 utrum·
1145 2003 1205 2062 111ῒί
1216 2009 1331 2067 temere
1340 2006 1605 2083 obtrectanl,dixit
1615 2026 1767 2087 unquam,
1777 2008 1896 2069 liberum

327 2122 388 2183 que
411 2120 508 2179 genus
533 2112 660 2170 actuum
684 2105 853 2180 bonorum,
881 2104 1097 2181 malorumque
1146 2093 1309 2157 arbitrium
1321 2098 1387 2159 sine
1401 2098 1515 2159 Christi
1525 2099 1636 2178 gratia,
1652 2098 1703 2160 vel
1716 2099 1897 2165 sabarim

326 2195 421 2275 possit
435 2197 605 2277 aequaliter,
623 2199 677 2258 sed
692 2197 773 2258 utin
787 2212 998 2276 quoscumque
1012 2199 1098 2255 actus
1145 2186 1218 2264 suia,
1243 2188 1303 2250 iter
1324 2189 1431 2251 salutis
1450 2198 1505 2259 aut
1524 2191 1660 2271 aggredi,
1687 2196 1743 2252 aut
1768 2191 1898 2272 perficere

326 2292 510 2367 potestatem
535 2289 752 2365 habeat,sive
777 2288 950 2364 inbouos,
976 2286 1098 2348 sivein
1148 2297 1254 2358 possc;
1277 2282 1326 2342 vel
1341 2301 1467 2362 quoquo
1485 2283 1579 2345 modo
1592 2283 1669 2345 boni
1686 2284 1814 2364 aliquid,
1828 2283 1898 2365 quod

327 2380 435 2455 malos,
464 2381 562 2442 libera
580 2382 697 2443 seratur
714 2381 885 2442 voluntate.
908 2380 985 2440 Cum
1012 2378 1098 2441 enim
1147 2390 1184 2433 eo
1211 2373 1375 2453 pertineat,
1396 2375 1520 2438 iacere?
1543 2378 1610 2438 Huc
1632 2377 1729 2456 igitur
1753 2384 1899 2439 revocabar
1963 2372 1964 2403 ³

326 2471 386 2533 hoe
401 2472 533 2534 liberum
553 2474 603 2549 sit,
619 2474 701 2553 quod
716 2474 809 2535 estin
823 2476 973 2552 potestate
987 2471 1098 2532 volun·
1148 2465 1299 2527 omnisne
1317 2468 1426 2528 recidit
1444 2470 1583 2549 quaeslio,
1607 2476 1715 2530 utrum
1737 2469 1783 2530 sie
1806 2468 1900 2531 Christi

328 2565 410 2638 tatis,
425 2572 514 2628 actus
526 2566 572 2627 illi
585 2566 712 2628 alterius
725 2566 832 2647 partis,
847 2582 982 2645 quorum
996 2570 1100 2644 potes-
1146 2558 1247 2635 gratia
1270 2565 1406 2636 sanetur,
1430 2561 1655 2641 adjuveturque
1681 2561 1814 2622 liberum
1834 2560 1900 2621 arbi

328 2660 392 2717 tate
415 2663 508 2735 earet,
533 2677 598 2718 non
611 2663 684 2718 sunt
697 2657 831 2737 amphus
845 2657 877 2716 in
887 2657 983 2737 ipsius
997 2661 1098 2735 potes-
1147 2647 1256 2727 trium,
1272 2656 1308 2711 ut
1321 2669 1360 2712 ex
1372 2670 1455 2728 sese,
1477 2653 1660 2733 viribusque
1670 2653 1736 2715 suis
1748 2653 1859 2733 aliquid
1868 2653 1900 2712 ad

330 2753 402 2824 tate,
418 2749 548 2830 ideoque
562 2768 620 2810 nee
637 2749 671 2810 in
689 2749 785 2829 ipsius
807 2748 905 2810 libera
926 2748 1098 2825 voluntate,
1147 2742 1279 2803 salutem
1292 2744 1575 2825 conferat,quando
1587 2746 1861 2820 eademexeitatru,
1872 2764 1900 2807 ac

328 2841 458 2919 proinde
485 2859 543 2902 nee
569 2840 667 2902 liberi.
707 2830 768 2903 Sed
797 2845 938 2921 respectu
964 2839 1099 2920 oppositi
1148 2834 1335 2912 sublevatur,
1364 2837 1464 2915 gratia
1486 2838 1613 2915 Christi,
1639 2857 1704 2899 non
1730 2844 1766 2898 ut
1782 2838 1901 2919 patiatm

328 2932 451 3011 generis
479 2933 643 2995 arbitrium
664 2938 711 2995 est
725 2932 938 3006 liberrimum
954 2952 970 2990 c
988 2948 1100 3012 nempe
1148 2933 1281 3002 tautum,
1299 2946 1334 2990 ce
1347 2947 1425 2990 mere
1441 2931 1559 3011 passive
1580 2949 1611 2991 ac
1631 2930 1746 3004 dutmt,
1769 2930 1850 3010 quod
1868 2928 1900 2989 ab

330 3025 412 3102 quod
428 3025 458 3086 ei
472 3043 593 3087 summe
605 3024 910 3101 adhaeret,necabeo
919 3023 1099 3101 retrahitur,
1149 3018 1277 3080 Calvino
1303 3020 1407 3101 inepte
1429 3022 1565 3101 positum
1587 3022 1768 3084 'tridentina
1780 3021 1901 3103 synodus

331 3134 368 3176 ae
385 3117 516 3195 proinde
536 3117 650 3198 majori
671 3118 806 3198 quadran
833 3116 867 3178 in
894 3130 931 3178 eo
950 3114 1102 3177 latitudine
1148 3111 1344 3174 anathemate
1358 3113 1555 3189 damnavit¹;
1569 3114 1623 3176 sed
1637 3120 1766 3194 utagat,
1782 3120 1813 3176 et
1826 3117 1900 3175 naret

332 3207 493 3286 spatiatur.
1149 3202 1266 3280 aliquid
1279 3223 1316 3265 eo
1336 3223 1452 3284 genere
1478 3204 1609 3267 aetionis
1634 3213 1666 3268 et
1690 3225 1804 3286 opera,
1832 3205 1901 3286 quod

370 3299 411 3360 ΙΙ,
434 3300 508 3362 Haec
521 3306 566 3362 est
583 3299 724 3380 mystica,
740 3306 772 3361 et
785 3317 898 3360 arcana
911 3317 1001 3360 nores
1015 3299 1101 3361 theo
1148 3296 1290 3356 natruale
1299 3303 1355 3373 est,
1371 3302 1402 3357 et
1415 3296 1546 3359 insitum
1559 3297 1689 3358 arbitrio
1704 3298 1813 3360 libero.
1829 3298 1900 3358 Sicut

330 3390 420 3470 logia
430 3392 536 3454 tabula
545 3392 584 3453 de
595 3392 722 3452 arbitrio
732 3391 918 3470 liberaque
926 3391 1101 3453 induorum
1149 3387 1274 3448 oculum
1288 3389 1423 3449 diximus
1435 3390 1502 3450 sine
1515 3390 1585 3451 luce
1597 3390 1803 3452 nihilintueri
1816 3407 1900 3470 paee,

331 3482 515 3544 alterutrum
529 3483 670 3545 incurrit.
692 3484 755 3545 dut
768 3485 854 3545 enim
867 3482 1018 3544 infuscata
1033 3503 1100 3546 ma-
1150 3481 1295 3541 eumdem
1308 3480 1410 3542 inlusa
1425 3481 1495 3543 lure
1509 3499 1546 3542 eo
1562 3483 1656 3544 modo
1671 3501 1780 3562 agere,
1794 3501 1862 3563 quo,
1873 3486 1901 3541 ut

331 3573 397 3633 litia
410 3581 465 3649 est,
482 3582 514 3636 et
525 3576 733 3655 improbitate,
749 3594 844 3655 quam
852 3574 950 3636 Graeci
957 3579 1100 3645 κακοήθειαν
1149 3579 1219 3651 agat
1240 3572 1359 3647 oculus,
1387 3573 1451 3634 vim
1469 3574 1584 3654 aceepit
1602 3593 1622 3635 a
1641 3580 1754 3635 natura
1771 3572 1900 3647 videndi,

332 3672 455 3744 vocant,
483 3675 538 3728 aut
565 3668 750 3728 intolerandi
778 3668 892 3729 erroris
914 3665 1101 3727 absurditate
1149 3663 1192 3724 sic
1204 3665 1367 3727 arbitrium
1379 3664 1514 3727 liberum
1536 3666 1708 3746 opitulante
1725 3667 1825 3746 gratia
1842 3683 1901 3726 eon-

331 3759 470 3820 suffeeta.
506 3760 646 3831 Etenim,
675 3759 760 3839 quod
787 3777 867 3839 saepe
895 3758 973 3833 dixi,
1006 3773 1100 3817 nemo
1148 3755 1314 3833 valescens,
1329 3757 1469 3818 nonalia
1493 3759 1598 3833 mode,
1617 3776 1712 3838 quam
1730 3759 1786 3839 qui
1801 3759 1833 3819 in
1846 3757 1901 3835 ejus

330 3852 499 3913 catholicus
511 3851 670 3929 diffitetur,
681 3851 817 3911 hberum
831 3848 995 3910 arbitrium
1004 3847 1102 3926 Origi-
1149 3854 1195 3910 est
1208 3854 1329 3927 natura,
1354 3868 1426 3911 cum
1440 3850 1493 3911 illa
1512 3849 1586 3929 agit,
1603 3856 1634 3911 et
1655 3857 1836 3931 cooperatur,
1852 3849 1901 3909 hoc

330 3943 393 4005 nali
423 3949 548 4024 peceato
577 3962 641 4004 esse
673 3941 880 4017 vulneratum,
909 3940 1098 4013 sauciatum,
1149 3947 1195 4001 est
1208 3941 1284 4002 citra
1298 3943 1519 4016 necessitatem,
1533 3942 1788 4005 etsiccaseatiena
1796 3946 1899 4024 prdie,

328 4033 1101 4116 debilitatam,atqucoc'tiatcm,utloquiturAugus·
1149 4032 1197 4092 uti
1210 4030 1363 4095 dissentire
1370 4035 1472 4115 possit.
1488 4034 1579 4096 Libet
1591 4035 1676 4096 enim
1688 4035 1764 4115 ipsis
1781 4036 1827 4095 uti
1842 4033 1901 4093 Tri·

329 4126 430 4188 tinus¹
445 4147 453 4203 ;
469 4129 546 4188 adeo
560 4134 597 4187 ut
606 4146 661 4206 per
675 4144 719 4204 se,
739 4145 774 4187 ac
788 4125 854 4187 sine
878 4124 990 4186 Christi
1012 4124 1100 4203 adju·
1149 4125 1286 4187 dentinae
1308 4126 1419 4205 synodi
1432 4126 1546 4205 verbis,
1566 4146 1624 4189 nee
1643 4128 1725 4188 ultra
1747 4127 1818 4188 fidei
1838 4143 1903 4206 pra

329 4219 421 4296 torio,
437 4225 468 4280 ct
481 4218 656 4281 medicinali
677 4218 776 4297 gratia
793 4217 872 4279 nihil
885 4217 1005 4278 efficere
1025 4215 1101 4277 boni
1148 4218 1900 4301 scriptumdehacquaestionequippiamattingere,

329 4316 434 4389 queat,
458 4311 567 4371 saltem
588 4310 671 4389 quod
685 4311 725 4371 ad
750 4315 899 4370 aeternam
922 4308 1100 4369 felicitatem
1149 4328 1189 4371 ne
1218 4309 1405 4390 praestitutos
1431 4310 1470 4372 ab
1505 4312 1577 4374 sede
1602 4313 1779 4393 Apostoliea
1802 4310 1902 4373 limita

329 4403 574 4480 quoquomodo
601 4402 764 4481 pertineat.
793 4401 853 4475 Qui
876 4399 961 4462 enim
984 4401 1100 4462 sentire
1149 4401 1306 4463 excedam.

329 4492 418 4553 aliter
443 4493 526 4570 lieet,
553 4493 689 4554 maxime
719 4498 884 4573 postquam
904 4492 948 4552 ita
963 4493 1101 4571 synodus
1189 4495 1244 4555 111.
1261 4494 1418 4574 Ejusmodi
1432 4494 1607 4557 libertatem
1620 4495 1752 4573 arbitrii,
1767 4511 1900 4578 quame-

329 4583 512 4645 Tridentina
538 4584 662 4645 statuit:
695 4606 711 4642 a
738 4584 861 4664 siquis
882 4584 1006 4659 dixerit,
1030 4585 1098 4645 sine
1148 4588 1285 4650 cessariis
1298 4587 1338 4648 ad
1355 4589 1511 4667 agendum
1532 4588 1639 4669 positis
1652 4589 1807 4664 omnibus,
1820 4604 1900 4667 agere

328 4676 537 4755 preveniente
573 4675 706 4753 Spiritus
743 4676 840 4736 sancti
876 4675 1096 4756 inspiratione,
1147 4685 1258 4759 potest,
1274 4685 1407 4740 autnon
1427 4698 1530 4759 agere,
1545 4681 1608 4742 sive
1621 4682 1774 4756 assentiri,
1788 4679 1899 4742 veliis

328 4774 420 4847 atque
435 4767 501 4845 ejus
515 4766 681 4845 adjutorio,
695 4765 856 4827 hominem
870 4769 1005 4845 eredere,
1027 4786 1097 4848 spe·
1146 4771 1271 4843 sentire,
1284 4789 1385 4850 neque
1398 4778 1521 4851 peceato
1535 4773 1672 4851 periisse,
1683 4778 1794 4853 etpost
1806 4771 1897 4833 redin-

327 4877 409 4935 rare,
423 4859 563 4938 diligere,
575 4857 899 4938 autpoenitereposse,
913 4860 992 4920 sicut
1004 4879 1096 4940 opor·
1145 4869 1279 4938 tegratas
1299 4862 1381 4923 illius
1407 4863 1489 4923 vires
1508 4881 1634 4925 manere
1658 4864 1771 4940 adhuc,
1798 4870 1829 4925 ct
1848 4878 1898 4922 suo

326 4955 389 5027 tet,
422 4956 459 5011 ut
485 4951 513 5011 ei
535 4949 761 5029 justificationis
786 4949 884 5028 gratia
909 4950 1095 5029 conferatur,
1145 4953 1272 5015 modulo
1282 4971 1385 5032 agere,
1400 4955 1465 5014 sani
1479 4972 1598 5030 omnes,
1608 4974 1644 5016 aa
1657 4956 1758 5017 sobrie
1769 4950 1899 5017 catholici

326 5041 493 5103 anathema
506 5041 592 5116 sit3u
615 5042 699 5121 quod
716 5046 747 5103 et
768 5042 996 5104 Arausieanum
1021 5061 1095 5104 eon·
1144 5045 1281 5124 theologi
1293 5045 1474 5122 defendunt,
1496 5047 1668 5109 reclamant
1681 5048 1828 5122 haeretici,
1842 5044 1899 5105 Cal·

327 5131 606 5194 uiliumtantoante
615 5130 1091 5197 multiscanonilursdecreverat.
1144 5137 1249 5213 vinus,
1272 5137 1398 5217 aliique,
1423 5138 1539 5218 quibus
1569 5138 1774 5221 adstipulatur
1801 5152 1899 5201 reeens

326 5226 369 5286 lle
395 5225 456 5287 hoc
482 5225 576 5305 igitur
608 5226 695 5287 nulla
718 5226 799 5287 iuter
822 5243 879 5286 nos
906 5231 1094 5306 potestesse
1143 5229 1245 5290 factio.
1268 5230 1306 5289 Et
1325 5230 1474 5309 quoniam
1495 5232 1657 5308 dugrrstini
1674 5232 1895 5299 arbitriumnon

324 5318 473 5397 quaestio;
509 5318 562 5379 sed
595 5319 675 5380 hanc
706 5318 805 5399 ipsam
835 5318 1094 5400 qualemcumque
1142 5321 1192 5383 vel
1205 5320 1313 5383 eadere
1333 5339 1425 5384 causa
1438 5322 1561 5403 utrique
1575 5324 1783 5401 decrevimus,
1795 5338 1894 5405 perga·

349 5515 360 5559 r
375 5514 424 5561 nra.
436 5485 520 5565 naar.
532 5521 555 5564 a
567 5520 629 5565 arai.
639 5529 659 5565 c
674 5518 831 5566 xu-esaa.
843 5529 929 5570 aaa
939 5530 968 5564 u.
