3936 6172
316 394 375 454 did
823 376 1150 444 THEOLOGIGORUM
1171 372 1389 440 DOGMATUII

316 559 520 622 menatem,
538 549 613 634 quid
637 549 744 632 ela'pot,
765 546 874 631 quidue
895 552 1014 623 recuset,
1030 545 1085 625 qui
1132 542 1275 624 quidem,
1297 559 1361 627 qua
1381 536 1548 602 arbitrium
1574 534 1711 598 liberum
1736 540 1789 608 ost,
1813 534 1881 597 cuca

316 647 444 709 tandem
467 644 643 726 poteritis,
670 642 721 704 cui
746 645 869 702 tantum
894 640 988 700 unirrs
1013 653 1084 698 am·
1133 636 1274 716 opposita
1286 633 1401 696 versari
1415 632 1517 707 debet,
1533 635 1570 691 ut
1590 646 1629 690 ex
1651 629 1689 688 iis
1707 626 1880 706 liquetqcu

317 737 471 820 plectendi
484 738 548 798 sive
562 734 818 813 boni,sivemali,
831 736 976 813 potestas,
993 730 1086 792 relin-
1133 728 1167 789 in
1179 727 1280 789 tertio
1305 727 1385 788 libro
1408 725 1563 798 diximus;
1589 726 1621 782 et
1642 720 1677 781 in
1701 719 1796 780 beatis
1815 719 1881 781 circa

317 829 452 911 quitur?
1133 820 1227 882 finem
1257 820 1403 882 ultimum
1429 836 1495 879 non
1521 816 1629 891 libere,
1650 813 1705 874 sed
1730 812 1882 873 neremuio

358 921 445 998 Quod
453 925 557 981 autem
567 919 644 980 illud
652 918 767 998 ipsum,
781 914 1015 997 cujusquemodi
1027 919 1084 990 est,
1133 918 1284 989 versatim,
1300 912 1383 992 quod
1394 910 1521 986 ibidem,
1535 914 1566 983 et
1580 907 1615 968 in
1628 905 1771 988 proxime
1783 909 1883 966 antooe·

318 1011 454 1076 liberum
475 1013 641 1074 arbitrium
655 1011 686 1071 ia
698 1010 755 1072 solo
769 1008 885 1073 homins
902 1006 1086 1090 protoplasto
1133 1005 1226 1066 dente
1235 1005 1315 1066 libro
1326 1002 1578 1065 memoravimus.
1587 996 1884 1079 Eaporronooessitas

317 1107 410 1169 fuisse
422 1105 537 1180 scribit,
550 1108 582 1166 et
594 1103 737 1165 videlicet
749 1103 782 1163 in
794 1101 923 1182 posteris
933 1118 997 1161 non
1008 1116 1085 1175 esse,
1134 1098 1271 1173 amandi,
1297 1114 1334 1159 ac
1352 1097 1419 1157 sine
1438 1093 1613 1156 amissionis
1624 1095 1712 1153 meta
1724 1089 1883 1170 perbuendi

318 1216 413 1278 snpra
431 1197 619 1278 explicatam
636 1200 687 1257 'est
705 1194 832 1256 anobis
856 1211 895 1255 ex
922 1190 1087 1272 Augustini
1134 1190 1250 1252 summi
1265 1189 1357 1262 boni,
1375 1205 1493 1249 merces
1507 1192 1553 1249 est
1566 1184 1705 1265 ejusdem
1717 1182 1812 1244 libere
1826 1182 1885 1243 ada·

318 1291 483 1367 sententia,
499 1290 549 1349 cui
571 1289 623 1349 illo
640 1292 748 1348 auctor
768 1285 981 1360 estaddiotus3
996 1283 1086 1345 nlmi-
1134 1285 1222 1359 mati,
1235 1282 1356 1344 etdum
1369 1281 1465 1342 homo
1488 1279 1523 1340 in
1546 1278 1606 1340 bac
1631 1278 1695 1339 vita
1719 1275 1886 1355 degerebat

317 1401 391 1445 rum
411 1383 473 1444 tale
499 1381 635 1442 liberum
648 1380 813 1441 arbitrium
826 1378 986 1454 intellexit,
1002 1375 1087 1456 qaod
1134 1393 1199 1455 prce
1214 1374 1370 1442 omnibus,
1386 1390 1457 1452 qua
1471 1371 1616 1451 amplecti
1633 1374 1767 1451 poterat,
1792 1372 1884 1448 sponte

317 1492 440 1553 mnam,
454 1479 485 1536 et
495 1474 654 1553 integrum
672 1477 748 1545 erat,
765 1475 800 1531 ut
821 1488 877 1551 per
891 1486 934 1544 sc,
962 1469 1085 1548 suisque
1134 1467 1264 1545 delecti;
1280 1465 1544 1549 quemadmodum
1555 1460 1885 1538 sincnllaambIguItate

317 1568 438 1629 viribus
464 1567 584 1628 bonum
608 1563 721 1644 eligere
743 1568 847 1644 posset
874 1561 1021 1642 perinde,
1050 1578 1087 1622 ac
1135 1562 1287 1640 scriptura
1298 1559 1480 1621 denuntiat:
1498 1557 1558 1634 Oai
1561 1554 1705 1638 probatas
1713 1560 1762 1629 est,
1775 1551 1882 1633 inquid,

318 1661 453 1736 malum;
464 1677 566 1739 neque
576 1656 761 1730 medicinali,
772 1659 804 1716 et
812 1653 964 1716 actionem
975 1652 1084 1734 ipsam
1137 1651 1169 1712 ia
1183 1652 1246 1730 illo,
1266 1660 1294 1714 et
1305 1651 1455 1733 perfectas
1468 1646 1884 1728 nannetodorum:
1902 1634 1962 2997 ψ

318 1751 378 1814 hoc
400 1757 447 1814 est
466 1750 540 1813 calte
562 1749 595 1811 iu
617 1749 708 1810 nobis
733 1746 885 1809 oidelerio
898 1745 996 1824 gratia
1009 1761 1087 1824 opus
1135 1745 1190 1825 qai
1209 1747 1310 1828 potnit
1324 1741 1498 1825 transm-edi,
1519 1749 1548 1803 st
1562 1759 1618 1803 oon
1640 1748 1682 1801 est
1695 1747 1883 1817 transmersus,

317 1843 463 1919 haberet,
483 1842 674 1924 quodetiam
695 1839 837 1901 nonnihil
851 1838 950 1918 attigi.
971 1841 1012 1897 At
1028 1837 1088 1897 boo
1135 1834 1522 1918 soceremolamtnoosecit.
1535 1830 1885 1897 Ideostobilitossnttoor

318 1936 436 2016 ipsum,
452 1935 535 2016 quod
548 1934 683 1995 liberum
698 1931 774 1993 illud
785 1930 961 2007 arbitrium,
977 1930 1088 2009 dequo
1137 1928 1259 1989 ttttosrn
1272 1927 1404 1989 Domino.

318 2028 516 2108 loquebatur,
528 2027 563 2087 in
572 2024 638 2086 solo
648 2024 742 2085 tuisse
754 2023 856 2104 primo
865 2026 993 2103 parente
1001 2021 1087 2098 dicit,
1177 2022 1235 2081 IX.
1258 2018 1441 2100 Fulgentius
1454 2017 1488 2080 in
1500 2018 1581 2079 libro
1594 2019 1631 2079 de
1646 2017 1885 2095 inremunerati

320 2120 568 2181 adversariorum
583 2118 617 2178 in
632 2121 757 2177 auctore
772 2116 828 2176 isto
842 2116 965 2176 citando
988 2113 1088 2194 negli-
1137 2113 1239 2195 pratia
1251 2112 1375 2186 Gitoni,
1389 2131 1456 2192 cap.
1472 2127 1512 2172 xrr
1522 2109 1627 2173 verbis
1635 2110 1695 2172 hoo
1704 2110 1884 2172 istIsIndioat.

319 2211 460 2292 gentiam
481 2208 603 2289 arguit3
627 2208 681 2289 qui
695 2208 842 2268 adversus
859 2206 1090 2268 indifferentem
1142 2227 1158 2265 a
1179 2206 1362 2286 decepisset,
1377 2204 1490 2285 inquit,
1515 2203 1621 2265 divim
1633 2204 1886 2285 muneresiprn·

320 2302 489 2365 voluntatis
502 2307 629 2378 statum,
657 2304 687 2361 et
707 2299 854 2360 utriusvis
867 2302 1036 2380 potentem,
1053 2314 1091 2359 ea
1139 2304 1227 2378 cepta
1246 2303 1406 2369 servasset,
1426 2315 1491 2359 non
1504 2296 1606 2358 solum
1619 2296 1796 2377 perlectam,
1810 2301 1887 2376 aure

319 2396 415 2457 verba
432 2395 642 2476 protulerunt,
657 2410 728 2473 quoe
742 2392 780 2454 da
795 2391 882 2452 nrsIlo
902 2391 963 2451 alio
977 2390 1090 2452 dixisse
1139 2391 1374 2453 inamissibilem
1397 2389 1534 2470 corporis
1547 2389 1828 2463 immortalitatem
1845 2405 1888 2449 se·

320 2506 353 2551 so
373 2490 503 2568 scriptor
516 2488 581 2567 ipse
589 2490 730 2547 testatur.
1139 2483 1319 2545 rumellum
1337 2483 1370 2543 in
1385 2483 1489 2543 aalma
1514 2482 1610 2542 talem
1634 2481 1767 2561 gratiam
1789 2486 1887 2557 murts,

176 2617 268 2671 mm„
359 2580 446 2640 VIII.
457 2580 587 2655 Verum,
596 2578 679 2639 atad
689 2579 873 2657 Prosperum
884 2580 1087 2652 revertamur,
1134 2575 1278 2657 justeque
1291 2575 1428 2651 vivendi,
1443 2580 1478 2635 at
1491 2591 1617 2655 peccare
1630 2575 1773 2654 deinceps
1779 2572 1888 2634 omnim

207 2670 235 2713 ³¹¹
319 2670 346 2731 is
361 2672 533 2757 expositum
553 2671 703 2731 hactenus
725 2686 745 2729 a
770 2669 862 2730 nobis
885 2668 922 2729 de
948 2667 1089 2730 libertate
1140 2686 1205 2729 non
1227 2672 1339 2750 posset,
1362 2668 1388 2728 si
1410 2685 1474 2728 non
1488 2671 1639 2746 peccaret,
1668 2667 1767 2727 donec
1780 2682 1888 2745 merare

156 2721 290 2820 ‘'a‘'affliii
320 2761 457 2825 hominis
495 2763 609 2842 dogma
646 2760 792 2841 proestare
825 2758 1023 2840 comprobat,
1059 2766 1091 2822 et
1139 2762 1521 2842 potuisset.Creatnsergo
1535 2759 1761 2839 prlmushomo
1775 2760 1809 2820 de
1822 2764 1889 2819 terra

150 2830 296 2929 “i-'iffiffloe
320 2857 495 2936 Aagsrstino
506 2854 637 2916 succinit
645 2854 679 2914 tn
693 2852 803 2914 eodem
816 2853 896 2914 libro
908 2860 1008 2914 metra
1023 2851 1090 2914 Col·
1139 2870 1291 2930 temerius,
1307 2852 1423 2932 accepit
1435 2851 1560 2930 quidem
1573 2852 1717 2930 gratiam,
1733 2852 1890 2931 quapossct

321 2946 462 3010 latorem¹
473 2966 487 3025 ‚·
498 2947 577 3007 onbi
587 2946 721 3007 liberum
731 2944 895 3005 arbitrium
908 2943 1091 3006 neutraliter
1139 2965 1204 3007 non
1214 2963 1349 3026 peceare,
1361 2945 1386 3006 si
1400 2943 1643 3024 peecarenollot;
1654 2944 1795 3004 nondum
1800 2948 1889 3005 tamen

319 3039 442 3100 homini
454 3038 590 3100 inditum
603 3055 730 3099 manere
757 3038 800 3097 ait
827 3036 861 3097 in
885 3042 1007 3114 natura,
1037 3038 1090 3099 sed
1138 3043 1259 3100 tantam
1273 3043 1431 3119 acceperat
1448 3037 1591 3115 gratiam,
1617 3053 1677 3115 qua
1707 3054 1765 3098 neo
1781 3053 1889 3116 pessare

321 3131 481 3210 qualitate,
497 3137 528 3192 et
542 3130 718 3192 conditione
732 3135 863 3191 mutata.
877 3151 893 3187 u
910 3131 1040 3210 Quippe,
1056 3137 1091 3192 ut
1139 3131 1232 3192 redet
1245 3131 1385 3206 omnino,
1396 3146 1454 3191 nec
1466 3134 1586 3209 posset3
1602 3134 1638 3188 ut
1653 3128 1799 3190 sciliceta
1811 3128 1888 3203 hono,

320 3222 394 3283 olibi
409 3222 548 3301 scribit¹,
567 3241 660 3284 anon
677 3223 845 3296 voluntate,
859 3222 913 3284 aed
926 3223 1092 3284 voluntatIs
1136 3222 1284 3303 justoque
1306 3222 1438 3283 Domino
1467 3226 1539 3301 post
1563 3226 1643 3283 esset
1670 3220 1751 3282 illud
1777 3237 1889 3282 maresc

319 3315 450 3377 sanItate
474 3315 612 3395 privatus
639 3320 695 3376 est.
723 3336 738 3374 o
763 3316 843 3395 Ergo
866 3312 989 3391 anee⁸,
1018 3315 1091 3395 quia
1139 3314 1344 3390 largiendum,
1368 3314 1394 3374 si
1407 3311 1580 3374 voluntante
1593 3312 1888 3375 faissethocaserro

318 3407 431 3486 spiritu
458 3408 514 3468 Dei
533 3407 657 3487 agitur,
686 3406 756 3469 ideo
783 3426 816 3469 se
842 3413 931 3488 patet
957 3407 1091 3469 liberum
1139 3404 1586 3488 priusinopcrecustoditurn.
1602 3424 1617 3463 n
1631 3403 1889 3480 Quibusinrerbis

321 3497 485 3560 arbitrium
506 3516 570 3560 nou
583 3498 709 3576 habere,
725 3500 808 3579 qaod
822 3518 863 3561 nc
876 3507 948 3562 tunc
965 3501 1091 3580 quidem
1137 3498 1253 3560 trustra
1266 3497 1326 3560 sibi
1338 3498 1490 3560 latebram
1503 3503 1604 3579 captat
1616 3516 1699 3560 nova
1711 3498 1752 3561 de
1769 3498 1888 3560 libertato

320 3589 465 3669 perdidit,
481 3590 605 3669 qnando
632 3589 756 3652 diabolo
777 3593 935 3653 voluntate
948 3612 980 3654 se
994 3592 1088 3662 dedit,
1139 3591 1255 3653 fabula.
1281 3592 1350 3652 Non
1364 3590 1448 3652 enirn
1473 3608 1547 3652 oum
1572 3590 1629 3652 ista
1655 3590 1889 3667 necessitatene

321 3700 416 3761 aquo
433 3681 588 3760 judicium
614 3682 782 3744 voluntatis
807 3684 1011 3764 depravatum
1033 3690 1089 3747 est.
1140 3683 1222 3745 eirea
1232 3682 1295 3759 illa,
1309 3683 1343 3743 in
1353 3681 1467 3762 quibus
1476 3681 1534 3742 ista
1546 3688 1698 3755 versatur,
1712 3681 1803 3745 liberi
1816 3697 1889 3744 usum

320 3773 411 3840 Quod
438 3792 512 3854 ergo
534 3791 599 3835 non
625 3773 821 3836 interiectum
835 3783 881 3837 cst
902 3794 958 3856 per
980 3776 1089 3838 vulne·
1139 3776 1260 3839 arbitrii
1272 3775 1413 3837 firtrrrum
1426 3774 1470 3836 ait
1483 3774 1597 3852 fnium
1626 3773 1704 3856 quin
1718 3778 1889 3838 corbariam

317 3874 452 3944 rantem,
467 3885 532 3927 non
546 3866 666 3928 tollitur
679 3886 735 3946 per
756 3868 953 3945 medentem3
975 3869 1090 3932 vulnus
1139 3869 1242 3949 potins
1253 3868 1397 3941 ostendit,
1413 3868 1491 3929 dum
1504 3866 1533 3930 ei
1545 3866 1748 3930 volontarium
1770 3868 1886 3950 opponIt

318 3965 458 4036 sanatur,
469 3978 535 4020 non
545 3964 656 4021 natura
670 3966 882 4021 removetur.»
898 3962 1003 4023 Manet
1016 3980 1089 4043 ergo
1140 3962 1186 4035 Si,
1201 3961 1313 4041 inquit,
1327 3960 1501 4021 voluntarie
1511 3966 1669 4039 peecatum
1683 3961 1817 4038 vitasset,
1832 3974 1889 4022 cam

317 4051 467 4113 naturalis
478 4053 588 4114 eadem
598 4051 727 4114 facultas
736 4054 769 4113 tn
781 4052 891 4114 Adami
900 4054 1089 4135 posteritate,
1138 4072 1263 4132 peccare
1272 4057 1403 4134 poterat,
1412 4058 1518 4132 postea
1527 4052 1647 4133 praemii
1656 4053 1887 4135 locoaooepiset,

318 4160 388 4222 quas
401 4145 435 4204 in
449 4144 502 4206 illo
524 4144 582 4205 luit
595 4150 667 4206 unte
680 4151 841 4224 peecatum
854 4167 862 4222 ;
884 4146 938 4208 sed
951 4146 1087 4221 infirma,
1139 4151 1175 4207 nt
1188 4147 1331 4226 deiueeps
1344 4146 1474 4206 omnino
1487 4162 1614 4226 peccare
1625 4163 1691 4207 non
1699 4153 1810 4226 posset.
1824 4146 1889 4223 Ergo

320 4240 352 4295 et
365 4236 450 4296 iners
463 4237 503 4298 ad
516 4236 647 4313 bonum,
677 4238 787 4299 saltem
812 4238 976 4318 ejusmodi,
1006 4240 1090 4321 qnod
1139 4238 1305 4299 uoluntario
1318 4256 1378 4299 nou
1387 4237 1604 4318 peecareidem
1628 4243 1684 4314 est,
1706 4256 1817 4301 aenon
1831 4254 1888 4317 pos·

317 4326 357 4387 ad
378 4329 598 4406 sempiternam
621 4330 754 4391 salntem
780 4331 924 4404 refertur,
951 4339 1092 4413 utpmp-
1139 4348 1218 4407 aare,
1246 4347 1319 4392 oum
1346 4346 1473 4410 peccare
1495 4346 1620 4411 posscs;
1645 4330 1738 4410 eique
1752 4337 1888 4409 estoppo

316 4423 400 4479 terea
415 4420 527 4481 Christi
540 4422 639 4500 gratia
658 4421 799 4501 juvanda
821 4424 870 4499 sit,
890 4442 956 4485 non
983 4430 1089 4485 tamen
1138 4422 1233 4483 situm
1247 4422 1290 4483 ita
1301 4422 1384 4483 nolle
1408 4439 1544 4501 peccare,
1562 4427 1598 4482 nt
1623 4439 1681 4483 nec
1707 4425 1806 4502 possIs
1824 4419 1888 4482 vello
1961 4436 1962 4445 ¹

316 4509 516 4589 destruenda,
532 4513 616 4592 quod
639 4532 657 4575 a
678 4515 767 4576 nobis
791 4521 883 4578 antea
899 4515 1088 4578 declaratum
1137 4532 1274 4595 peccare.
1290 4514 1369 4589 Quid
1383 4515 1529 4575 adversus
1543 4532 1695 4593 nuperam
1709 4515 1801 4576 istam
1811 4513 1887 4575 liber·

223 4602 234 4617 “
318 4606 375 4663 cst.
1136 4606 1666 4686 tatiscalumniamautexpressius,
1681 4604 1889 4672 antmbustias

151 4692 154 4701 '
357 4694 533 4758 Meminerit
567 4700 673 4757 autem
706 4698 844 4778 prudens
877 4700 992 4777 lector,
1016 4717 1088 4762 cum
1138 4697 1441 4779 dioipotorat‚quam
1449 4700 1561 4760 istaest
1574 4698 1726 4779 Fulgentii
1740 4693 1889 4762 sonantia?
1961 4700 1962 4781 l

317 4785 453 4848 liberum
484 4787 571 4849 audit
604 4788 791 4866 arbitrium,
824 4810 889 4852 non
915 4793 1088 4873 simplicem
1137 4789 1266 4852 Prorsus
1278 4791 1323 4852 ita
1336 4797 1392 4869 est,
1408 4797 1444 4853 nt
1463 4810 1558 4873 supra
1571 4792 1752 4857 memoravi.
1778 4778 1889 4854 Nullam

316 4879 485 4941 voluntatis
499 4880 682 4961 appetitum,
694 4883 836 4962 quamvis
847 4883 1039 4960 rationalem,
1055 4884 1089 4946 in
1137 4884 1277 4961 omnino,
1292 4885 1342 4945 vel
1355 4884 1503 4965 exiguum
1515 4884 1669 4964 judicium
1692 4903 1731 4946 ac
1754 4884 1889 4946 delectam

317 4970 424 5032 anImo
437 4990 494 5033 suo
507 4972 691 5050 describere,
707 4975 760 5036 sed
773 4974 898 5053 qualem
915 4976 1023 5039 Patres
1042 4977 1088 5039 illi
1137 4975 1177 5036 ad
1190 4975 1254 5050 illa,
1271 4975 1385 5058 quibus
1395 4996 1469 5038 usus
1491 4972 1889 5054 est,Patn1mdeserIbenda

319 5062 410 5124 nobis
421 5064 579 5134 exhibent,
594 5065 669 5127 etin
681 5066 799 5127 Adamo
809 5066 973 5129 innocente
987 5068 1089 5131 adhuc
1135 5068 1313 5130 testimonia
1328 5068 1501 5131 calviniani
1522 5070 1730 5148 interpolator
1755 5063 1889 5150 dogmatis

319 5154 603 5232 axsbbssavolunt3
619 5159 679 5219 nisi
688 5158 771 5238 quod
779 5158 893 5220 Christi
907 5165 976 5235 eget
989 5162 1088 5241 gratia
1135 5160 1249 5221 attulit.
1265 5161 1345 5222 Nam
1366 5179 1404 5224 en
1417 5161 1532 5243 partlm
1545 5162 1661 5242 objicit,
1682 5181 1754 5242 quse
1768 5167 1889 5225 nosbam

318 5252 388 5327 post
401 5247 534 5329 lapsum,
546 5251 627 5311 ntad
636 5251 756 5312 bonum
765 5250 919 5331 applicare
933 5270 966 5313 ac
979 5256 1085 5333 possit.
1135 5252 1225 5330 nihil,
1246 5271 1335 5315 suam
1348 5260 1453 5316 autem
1475 5254 1615 5317 funditus
1628 5254 1807 5335 opinionem
1819 5250 1886 5315 labe·

318 5336 360 5398 Ea
370 5354 443 5399 vero
464 5354 565 5418 nequo
579 5345 724 5401 naturam
748 5339 831 5401 illius
845 5340 999 5411 immutat,
1016 5360 1088 5423 quaa
1137 5340 1252 5408 iactant
1267 5365 1275 5421 ;
1291 5347 1375 5427 quod
1386 5344 1464 5410 mild
1475 5365 1540 5409 non
1551 5352 1616 5410 tam
1628 5338 1887 5428 murmuraret

349 5536 358 5579 l
373 5537 425 5593 (lap.
438 5540 581 5586 :xnus-s
596 5539 641 5588 nu
654 5539 664 5586 I
678 5542 705 5587 do
717 5544 786 5589 vocat.
798 5553 847 5600 arn.
861 5552 910 5600 cop.
922 5544 1015 5590 vua-8
1029 5543 1085 5589 Ibld.
1095 5555 1115 5590 o.
1128 5546 1224 5592 vnn—t
1236 5547 1295 5594 doct.
1309 5554 1366 5602 mr,
1381 5546 1412 5592 ro.
