4096 6166
679 410 800 472 mann
820 411 938 492 uuus,
960 413 1047 477 cur.
1069 414 1151 475 xvi.
1650 411 1704 472 oor

937 581 1089 659 doctrina,
1100 577 1315 642 necessitatem
1330 595 1403 640 cum
1415 577 1558 640 libertate
1569 595 1710 659 pugnare

209 756 214 765 ’
308 738 341 822 C
353 743 384 821 Α
398 738 428 823 Ρ
444 739 521 823 UT
570 739 699 825 XVI.
938 674 1194 846 deppqqsittqqpffl·
1205 787 1221 826 o
1232 766 1371 828 Gratiam
1378 765 1597 827 sufficientem:
1612 782 1710 825 acne-

938 859 1113 936 eessariam‚
1124 859 1207 937 justa
1224 858 1387 938 Augustini
1399 863 1548 935 mentem,
1563 856 1709 918 omnibus

937 956 1079 1030 puratum
1092 969 1167 1030 esse,
1182 952 1332 1029 decernit,
1346 969 1413 1013 non
1430 950 1547 1027 minus,
1562 949 1710 1029 quamsit

118 1038 491 1115 remunerandae
510 1039 659 1102 Ambrosii
677 1040 836 1103 Cotbom'nr‘
855 1040 891 1104 do
937 1044 1044 1122 pervia
1066 1044 1164 1105 oculis
1181 1044 1294 1105 nostris
1316 1044 1372 1106 lux
1393 1045 1462 1105 haee
1482 1042 1663 1104 materialis.
1689 1062 1704 1099 r

203 1130 338 1194 libertate
352 1132 488 1212 bominis,
503 1141 531 1194 et
544 1132 808 1216 protiojrdier‘um.
877 1172 880 1179 -
939 1136 1008 1195 Etr
1030 1137 1148 1199 Verum
1167 1143 1213 1199 est
1229 1155 1316 1217 ergo,
1341 1135 1457 1215 inquit,
1471 1136 1610 1197 divinam
1629 1152 1710 1216 saepe

865 1284 874 1297 ,
938 1229 1081 1307 gratiam,
1111 1229 1306 1309 coelestiaque
1327 1228 1472 1309 praesidia
1496 1227 1530 1289 in
1553 1227 1711 1306 ingratum

125 1354 129 1359 ·
163 1316 211 1378 Ad
236 1316 314 1378 illud
348 1335 404 1397 par
428 1316 696 1379 nobilissimorum
723 1319 889 1399 pugilum,
939 1320 1033 1381 etiam
1059 1321 1210 1402 populum
1234 1340 1266 1382 se
1290 1321 1466 1398 extendere,
1487 1325 1525 1381 nt
1549 1338 1644 1381 nemo
1670 1321 1712 1381 sit

117 1426 202 1488 quos
223 1409 338 1471 idcirco
364 1408 481 1489 primos
504 1411 537 1471 in
555 1410 636 1472 hanc
657 1411 745 1471 velut
762 1428 891 1473 arenam
938 1432 1033 1475 ausus
1045 1414 1170 1495 eulpam
1181 1432 1271 1476 suam
1287 1414 1320 1475 in
1334 1432 1400 1475 uon
1417 1419 1580 1474 vocantem
1596 1414 1708 1489 Deum,

116 1500 335 1580 produximus,
351 1502 446 1582 quod,
461 1508 496 1562 ut
506 1520 544 1562 ex
557 1504 632 1563 actis
643 1503 834 1565 Tridentinis
847 1503 892 1564 di·
938 1514 993 1567 aut
1005 1507 1039 1567 in
1052 1525 1118 1568 non
1130 1507 1306 1569 trahentem
1323 1509 1446 1567 Patrem
1458 1505 1674 1568 transcribere.
1693 1528 1706 1564 r

116 1593 264 1671 dicimus,
281 1593 519 1656 celeberrimum
534 1594 625 1656 illum
632 1596 790 1657 catholicae
803 1595 887 1672 fidei,
938 1601 1019 1660 Tum
1033 1600 1127 1679 paulo
1141 1604 1210 1680 post
1222 1598 1438 1678 theologorum
1459 1598 1614 1659 rationem
1624 1597 1711 1658 illam

115 1685 331 1766 dominaque
344 1704 490 1768 campum
508 1706 547 1749 ex
569 1689 763 1768 privatorum
781 1689 890 1750 ordine
938 1691 978 1752 ab
993 1691 1120 1753 Calvino
1132 1697 1353 1773 contemptam,
1364 1690 1547 1770 irrisamque
1560 1690 1709 1767 defendit,

116 1777 318 1854 potissimum
327 1785 508 1857 tenuerunt,
524 1780 664 1860 quandiu
681 1781 721 1843 de
733 1781 832 1842 libero
844 1800 891 1842 ar·
938 1802 1033 1864 quam
1047 1790 1079 1845 et
1092 1785 1244 1864 hodieque
1258 1783 1374 1864 posteri
1387 1783 1481 1862 hujus
1499 1782 1572 1844 novi
1585 1783 1712 1862 dogma-

116 1867 225 1947 bitrio,
236 1876 267 1932 et
279 1872 502 1934 Justilieatione
515 1873 721 1935 deliberatum
731 1881 777 1935 est
790 1873 825 1934 in
837 1873 891 1934 illa
937 1877 1017 1939 tistas
1032 1894 1104 1938 eum
1118 1881 1338 1938 arretoresecta
1348 1894 1412 1937 sum
1420 1881 1582 1956 respuunt.
1599 1875 1711 1949 «Quod

117 1963 257 2042 synodo;
269 1964 309 2024 ad
322 1964 390 2039 hos,
404 1965 546 2044 inquam,
558 1965 638 2027 duos
646 1969 774 2028 tertium
781 1965 890 2044 adjnn·
937 1968 1492 2050 vero,putantinquit,theologi,ideo
1502 1986 1559 2029 uos
1570 1968 1711 2029 secundas

115 2072 231 2134 gemus
244 2055 342 2117 nihilo
350 2056 416 2118 istis
424 2057 615 2132 inferiorem,
627 2058 822 2121 Francisoum
830 2059 891 2119 llo·
940 2062 995 2123 Dei
1018 2062 1126 2141 gratioe
1147 2061 1320 2142 cooperari,
1340 2062 1424 2140 quod
1437 2060 1537 2122 noshi
1561 2061 1602 2121 sit
1618 2059 1710 2139 juris,

116 2153 236 2222 rantes,
251 2148 302 2209 vel
316 2150 511 2225 florentium,
526 2151 629 2230 quiin
648 2152 751 2213 ludica
770 2149 892 2213 concilii
937 2154 1073 2234 primam
1091 2155 1236 2234 gratiam,
1256 2153 1308 2214 rel
1335 2153 1509 2232 respuendo
1527 2151 1648 2213 irritam
1665 2152 1712 2212 fa·

117 2240 293 2302 Tridentini
319 2242 401 2303 inter
432 2247 648 2322 procuratores
676 2244 891 2325 episcoporum
939 2264 1019 2315 rere,
1044 2247 1094 2307 vel
1119 2246 1297 2307 obedienter
1320 2245 1488 2325 sequendo,
1514 2244 1710 2319 confirmare,

117 2331 299 2395 absentium
322 2335 454 2396 adfixisse
480 2337 635 2417 reperitur
661 2355 719 2417 pro
745 2336 891 2414 episcopo
940 2340 1267 2419 nonexsuoipsorum
1279 2338 1416 2412 cerebro,
1430 2336 1710 2418 quasidiviuantes‚

118 2425 295 2503 Palantino,
311 2433 342 2488 et
362 2428 458 2489 lector
476 2428 646 2490 vallisoleti
658 2447 698 2490 er
711 2428 820 2489 ordine
833 2426 891 2489 Mi·
940 2431 1064 2510 lingunt
1077 2457 1091 2486 »
1111 2438 1169 2493 etc.
1189 2432 1271 2491 Tum
1283 2431 1343 2491 hoc
1365 2429 1487 2497 eodem,
1507 2433 1538 2490 et
1552 2428 1711 2507 sequeuti-

119 2535 236 2579 norum
254 2519 347 2582 luisse
371 2527 573 2583 memoratur.
598 2521 727 2601 Scripsit
749 2520 801 2583 ille
823 2525 893 2601 post
941 2522 1000 2583 bus
1012 2522 1163 2603 capitibus
1175 2523 1301 2595 diserte,
1321 2539 1357 2583 ec
1371 2521 1494 2601 copiose
1507 2521 1710 2598 demonstrat,

119 2609 299 2673 absolutum
319 2613 538 2676 Tridentinum
557 2614 726 2675 concilium
744 2613 839 2674 libros
854 2613 892 2674 de
941 2616 999 2675 Dei
1012 2615 1142 2693 gratiam
1159 2635 1175 2673 o
1193 2615 1298 2676 adesse
1320 2613 1466 2674 omnihus
1485 2613 1576 2675 corda
1589 2612 1713 2692 pulsan-

120 2703 198 2763 loeis
218 2704 373 2781 catholicis
387 2712 505 2786 septem
521 2711 628 2768 contra
652 2706 837 2767 Calvinum:
862 2711 894 2767 et
940 2705 1024 2768 tem¹
1040 2707 1210 2787 »quamvis
1221 2705 1397 2787 imporr'tor3
1413 2724 1476 2786 quo
1486 2705 1532 2781 fit,
1544 2705 1712 2766 utaliitra·

120 2796 182 2857 hoc
195 2814 274 2877 opus
283 2798 534 2879 GaroloPrincipi
547 2798 679 2879 Philippi
687 2799 817 2859 secundi
828 2799 894 2859 llis·
941 2798 1069 2861 heutem
1083 2806 1263 2880 sequantur.
1279 2799 1333 2859 alii
1346 2798 1499 2860 resistant.
1517 2798 1578 2860 Sed
1591 2797 1713 2859 infinita

119 2888 288 2968 paniarum
301 2890 383 2969 regis
396 2891 460 2951 filio
470 2891 673 2970 nuncupavit,
686 2890 784 2969 ei,qui
797 2891 894 2971 patris
942 2909 1003 2967 res,
1029 2893 1153 2973 odiique
1175 2892 1268 2970 plena
1291 2891 1396 2968 fuerit,
1412 2891 1437 2951 si
1456 2890 1572 2966 omnia,
1589 2908 1659 2970 quae
1673 2890 1713 2950 ud

117 2981 210 3060 jussu
222 3000 307 3043 anno
322 2986 400 3044 1558
413 2983 447 3043 in
460 2983 599 3044 custodia
613 2988 741 3045 necatus
755 2989 811 3045 est.
942 2985 1025 3046 idem
1039 2990 1261 3064 argumentum
1274 2983 1351 3044 ineo
1362 2983 1443 3043 libro
1457 2982 1591 3057 disserit,
1604 3001 1712 3044 reeen-

164 3074 221 3134 tlic
233 3074 382 3136 delibero
397 3075 535 3149 arbitrio,
556 3075 735 3156 caterisque
749 3076 894 3137 omnibus
943 3096 1010 3140 sere
1019 3095 1157 3160 pergam,
1169 3094 1238 3157 quae
1248 3076 1303 3156 qui
1311 3075 1405 3149 volet,
1417 3074 1506 3136 facile
1517 3075 1590 3136 inde
1600 3075 1714 3155 poterit

121 3164 162 3226 ad
176 3167 395 3228 Tridentinum
414 3185 566 3229 canonem
579 3168 799 3248 spectantibus,
819 3189 893 3231 eon·
942 3176 1094 3251 repetere.

121 3265 272 3322 sentanea
285 3259 488 3333 duobusillis,
503 3280 539 3323 ac
554 3266 667 3323 nostrae
680 3262 757 3323 adeo
771 3268 894 3324 senten-
983 3264 1115 3337 Quartus
1137 3279 1177 3323 ex
1199 3278 1309 3321 eorum
1332 3277 1477 3336 numero,
1501 3258 1556 3340 qui
1584 3259 1711 3321 coneilio

36 3356 43 3366 '
121 3352 187 3428 tiae,
202 3352 350 3414 latissime
363 3360 543 3434 prosecutus
564 3359 620 3415 est.
943 3353 1125 3415 Tridentino
1148 3360 1312 3433 praesentes
1338 3353 1474 3427 adfuere,
1504 3353 1714 3413 nominandus

53 3459 72 3523 ⁴r
165 3445 203 3504 ln
217 3445 273 3505 lib.
289 3447 315 3520 Ι,
331 3465 399 3525 eap.
422 3462 507 3522 rxur,
527 3446 632 3507 liberor
654 3444 825 3507 voluntatis
838 3465 894 3508 nu·
943 3452 989 3507 est
1003 3445 1182 3508 Ambrosius
1192 3444 1388 3521 catherinus,
1404 3444 1443 3505 de
1456 3462 1519 3523 quo
1538 3445 1572 3504 in
1585 3444 1714 3506 historia

8 4790 86 4832 titium

5 4903 74 4939 wald·

122 3542 239 3612 turam,
252 3537 527 3618 definitionemque
535 3538 682 3600 traditam
690 3538 729 3598 ab
740 3539 896 3600 veteribus
943 3539 1122 3600 Tridentina
1135 3556 1200 3599 nou
1221 3537 1401 3617 infrequens
1419 3542 1465 3598 est
1479 3537 1612 3614 mentio;
1635 3557 1714 3618 prte-

122 3628 315 3709 philosophis
341 3635 482 3691 accurate
507 3629 662 3707 describit,
691 3639 722 3691 et
748 3631 895 3692 adversus
943 3630 1049 3692 sertim
1074 3630 1109 3690 in
1121 3630 1201 3690 libro
1219 3630 1366 3705 seeundo,
1390 3629 1445 3690 ubi
1458 3630 1534 3709 quid
1555 3629 1588 3690 in
1601 3631 1713 3690 cousti-

122 3720 354 3800 improbantem
367 3723 528 3783 Calvinum
539 3728 655 3798 tuetur,
670 3728 763 3802 atque
772 3723 811 3783 ad
823 3742 893 3803 gra-
943 3723 1059 3784 tuendo
1068 3722 1167 3783 libero
1181 3722 1319 3798 arbitrio,
1340 3727 1370 3783 et
1379 3721 1605 3800 justificationis
1617 3739 1712 3801 nego-

123 3813 188 3889 tia,
200 3814 489 3894 justificationisque
504 3815 666 3894 negotium
686 3814 895 3876 adhibendam
944 3816 987 3875 tio
1001 3822 1123 3895 gestum
1137 3815 1187 3887 sit,
1203 3814 1377 3894 exponitur.

123 3922 190 3966 esse
210 3907 378 3968 contendit.
393 3908 495 3981 Quam
506 3908 549 3968 sic
563 3908 719 3987 exprimit,
736 3928 748 3964 s
765 3909 895 3969 utinter
983 3908 1028 3968 lbi
1049 3908 1130 3968 inter
1150 3906 1211 3966 alia
1239 3911 1360 3980 narrat,
1391 3905 1596 3985 questionem
1633 3906 1715 3981 hanc

123 3997 290 4077 rationem,
310 4004 343 4061 et
359 4017 486 4061 sensum
506 4000 619 4076 media,
640 3998 687 4059 sui
702 3999 782 4077 juris
799 4000 850 4072 sit,
864 4005 896 4060 et
943 3999 1089 4079 agitatm
1102 3998 1206 4074 fuisse,
1225 4005 1360 4059 rutrum
1369 3997 1494 4077 reprobi
1505 3997 1637 4059 salutem
1649 3997 1714 4060 adi-

124 4089 276 4152 libertatis
299 4109 435 4171 compos,
454 4091 518 4152 sire
538 4091 650 4151 rationi
668 4092 893 4169 obtemperare,
945 4092 1021 4172 pisci
1042 4094 1210 4170 nequeant,
1237 4110 1252 4147 r
1275 4109 1311 4151 ae
1325 4090 1364 4150 de
1383 4108 1421 4151 ea
1443 4089 1648 4151 catharinam
1670 4093 1713 4152 ita

124 4181 192 4244 sire
203 4184 319 4257 sensui,
329 4184 363 4244 in
377 4183 519 4264 quamvis
534 4188 657 4263 partem
668 4183 849 4263 rapiendam
863 4200 896 4244 se
945 4184 1092 4259 sensisse,
1127 4207 1141 4236 ι
1160 4182 1269 4243 hham
1282 4200 1348 4244 esse
1360 4187 1528 4261 negantem
1546 4182 1629 4243 illius
1642 4201 1714 4263 par-

125 4276 314 4354 prostituere
335 4276 446 4351 libeat3
473 4296 489 4333 r
513 4275 597 4337 unde
617 4274 743 4354 colligit,
768 4296 784 4332 s
807 4274 894 4351 vitia,
944 4282 1020 4349 tem,
1036 4273 1646 4354 siadsufficiensergaomnespropense
1657 4275 1714 4337 lloi

125 4372 159 4428 et
170 4367 317 4429 virtutem
328 4368 360 4428 in
372 4375 476 4429 nostru
488 4384 552 4428 esse
563 4371 725 4447 potestate.
739 4387 755 4425 r
773 4366 817 4426 Ac
829 4366 898 4445 phi·
945 4368 1112 4430 voluntatis
1129 4366 1281 4428 auxilium
1298 4374 1455 4446 respectus
1468 4367 1631 4445 habeatur,
1645 4374 1714 4430 turn

125 4459 272 4540 losophos
293 4460 419 4521 eosdem
439 4460 583 4538 deinceps
603 4459 641 4520 ab
662 4459 700 4519 iis
718 4458 851 4537 probris,
867 4464 897 4518 et
945 4459 1560 4539 adhominislibertatem,quaecooperari
1570 4467 1711 4539 potest.»

125 4552 272 4613 conviciis
285 4560 398 4632 purgat
410 4571 479 4631 cap.
497 4568 576 4625 nur,
587 4570 658 4631 qum
671 4549 705 4611 in
722 4550 792 4611 illos
803 4550 899 4611 Calvi-
946 4553 1046 4626 Quam
1060 4551 1202 4613 eamdem
1216 4549 1396 4630 opinionem
1411 4550 1443 4610 in
1463 4551 1517 4613 lib.
1544 4553 1556 4612 l
1573 4552 1610 4614 de
1631 4554 1717 4617 Pror-

126 4661 199 4719 nus,
215 4650 246 4705 et
264 4650 334 4724 post
352 4645 437 4706 hune
455 4662 555 4705 novus
574 4643 774 4723 dogmatistes
788 4642 898 4703 imme-
945 4642 1137 4705 desinatiore
1147 4642 1281 4716 tradidit,
1294 4643 1406 4703 ultimo
1415 4643 1514 4723 eapite
1522 4645 1714 4708 verbisistis:

20 4734 101 4779 ⁰⁰¹⁰¹¹
125 4736 188 4797 rito
201 4737 342 4797 contulit.
358 4738 456 4816 Negat
467 4736 592 4796 illorum
602 4753 695 4815 opera
707 4734 812 4795 omnia
826 4753 897 4814 pee-
950 4756 966 4794 o
980 4735 1099 4797 Scimus
1113 4753 1198 4814 ergo,
1211 4734 1293 4814 quod
1302 4734 1437 4796 liberum
1443 4735 1649 4797 arbitriumin
1659 4738 1718 4800 hac

5 4853 17 4884 ι
45 4848 102 4886 sont
127 4834 195 4890 cata
218 4829 321 4891 strum.
351 4829 469 4891 Dehinc
496 4846 515 4888 a
542 4846 610 4907 cap.
640 4843 735 4903 xxm,
763 4827 899 4889 liberum
947 4833 1060 4889 natura
1073 4832 1218 4906 corrupta
1231 4826 1290 4888 sibi
1299 4827 1466 4889 dimissum
1478 4830 1718 4910 nonpotestnisi

128 4921 294 4983 arbitrium
307 4920 365 4983 sub
376 4921 440 4998 illa,
456 4937 551 5000 quam
566 4919 763 4980 fundamenti
776 4919 844 4981 loeo
854 4919 900 4997 je·
948 4918 982 4980 in
994 4919 1114 4980 malum
1128 4918 1216 4994 ferri;
1233 4918 1265 4979 id
1279 4920 1363 4999 quod
1374 4938 1588 5000 saepenumero
1602 4923 1641 4981 B.
1657 4922 1719 4983 Aa·

128 5019 224 5087 cerat,
231 5013 590 5093 delinitioneoumgratia
597 5011 746 5091 conjungi
756 5011 897 5086 adstruit;
947 5011 1089 5088 gustintn
1102 5012 1203 5073 docet.
1221 5012 1396 5081 Etscimus,
1412 5013 1603 5092 quodetiam
1620 5021 1719 5075 stante

127 5106 517 5169 etabeodemnonsolum
531 5103 901 5180 coactionem‚sedetiam
947 5101 1231 5182 gratiacommuni,
1257 5120 1327 5182 quse
1342 5122 1407 5164 non
1430 5110 1564 5184 negatur
1577 5106 1645 5183 ulli,
1660 5107 1720 5168 nisi

129 5199 342 5261 necessitatem
362 5204 512 5275 removet,
531 5206 568 5260 ut
580 5197 620 5259 sit
638 5197 783 5271 liberum,
807 5201 839 5257 et
861 5195 901 5256 ad
949 5195 1018 5275 quis
1044 5212 1114 5257 eam
1136 5201 1266 5273 recuset,
1294 5200 1396 5274 potest
1420 5197 1514 5259 etiam
1538 5198 1572 5258 in
1602 5200 1720 5259 malam

128 5291 282 5352 utrumvis
296 5290 488 5371 expeditum,
503 5296 534 5351 et
546 5289 737 5351 indifferens.
763 5288 807 5349 Ac
820 5306 901 5367 prae-
950 5287 1043 5360 llecti,
1058 5293 1090 5348 et
1103 5306 1186 5367 soepe
1200 5287 1344 5350 flectitur.
1361 5310 1377 5347 o
1395 5289 1433 5349 Iu
1447 5291 1583 5351 senrrrdo
1594 5310 1669 5351 vcro
1682 5291 1719 5351 li-

127 5383 238 5444 scrtim
256 5402 323 5463 cap.
348 5398 431 5452 xcix,
454 5380 525 5442 libri
546 5382 650 5461 primi,
672 5399 711 5443 er
736 5379 901 5461 Arrgustini
950 5379 1037 5458 bro',
1057 5380 1189 5458 «ludas,
1204 5379 1318 5460 inquit,
1331 5388 1471 5443 uenerat
1484 5402 1523 5444 eut
1535 5383 1719 5457 illiselcetis,

156 5557 601 5616 «nequamneuam.
616 5557 655 5602 ro.
670 5557 708 5604 ra

1769 783 1844 827 Gratia

1751 837 1868 881 sufflctens

1754 890 1867 934 omnihus.

1765 950 1849 1000 paron.
