4096 6166
311 337 371 400 672
556 347 608 407 DE
627 343 855 407 TRIDENTIN!
879 342 1053 406 CONCILII
1073 339 1123 401 ΕΤ
1146 338 1180 401 S.
1202 338 1422 405 AUGUSTINI
1443 340 1659 416 DOCTRINA,

311 508 380 568 turi
392 508 446 570 sed
464 509 583 588 «quasi
605 528 699 591 super
721 527 780 572 ova
792 508 815 585 ¹,
830 514 863 571 et
877 509 987 570 adstas
998 508 1081 570 inter
1129 511 1267 583 veretur,
1279 524 1320 569 ne
1333 508 1373 569 ab
1385 504 1765 581 iliadisoesserinttonod
1776 503 1905 567 siverba
1937 553 2024 610 ,η

310 598 1078 682 theatralesproestigiaspendentigraduincedens,
1130 597 1199 674 ista,
1228 599 1333 661 saitem
1362 599 1394 660 in
1414 598 1590 680 quidusdam
1612 596 1770 678 capitibus,
1792 601 1830 657 ut
1846 596 1902 673 ait,
1925 608 2028 655 mn

310 689 426 770 ubique
433 690 675 773 dubius,ubique
687 698 845 772 suspectus
854 698 969 764 estant
977 692 1082 752 Hiero·
1130 690 1173 751 sic
1200 692 1381 771 explicanda
1400 698 1484 767 sunt,
1504 698 1540 752 ut
1560 709 1625 752 non
1645 691 1906 752 Tridentinorum

310 783 400 863 nymi
413 784 497 845 istud
512 803 678 846 assumam.
694 785 862 846 Videamus
875 784 971 860 enim,
987 800 1082 863 quam
1130 782 1262 843 Patrum
1276 783 1418 845 omnium
1436 801 1589 845 consensu
1607 782 1775 860 Augustini
1787 782 1906 843 docui-

310 875 430 952 timide,
443 895 480 938 ac
497 877 670 938 diffidenter
690 877 875 938 seutentiam
895 893 984 937 suam
1002 875 1083 935 mira
1130 890 1204 934 nam
1214 874 1363 936 saltemin
1376 875 1565 955 quibusdam
1574 875 1701 936 ascitam
1711 872 1905 948 luissedicat,

309 967 478 1030 uerborum
500 969 701 1046 ambiguitate
714 967 882 1029 libraverit.
909 992 923 1020 ι
937 968 1016 1028 Hine
1030 985 1082 1027 ne·
1131 965 1185 1026 sed
1199 965 1484 1047 theologorum,qui
1498 966 1790 1047 postTridentinum
1802 964 1906 1026 oonci-

311 1060 452 1135 eessario,
463 1061 578 1140 inquit,
592 1062 635 1122 ita
648 1060 811 1137 concludo,
823 1078 895 1121 cum
909 1059 1082 1122 Tridentini
1130 1055 1210 1116 lium
1222 1058 1261 1118 de
1270 1057 1370 1135 gratia
1382 1057 1743 1138 disputanmt,omnium
1753 1073 1907 1117 consensu

311 1152 433 1212 concilii
450 1153 558 1214 Patres
582 1151 754 1229 manifeste,
777 1152 982 1230 omniumque
1007 1168 1080 1211 con-
1131 1147 1246 1208 sinon
1271 1148 1305 1209 in
1332 1149 1487 1225 omnibus,
1513 1150 1623 1211 saltem
1644 1150 1680 1209 in
1705 1148 1905 1228 quibusdam,

310 1262 415 1319 sensu,
430 1245 539 1306 saltem
547 1246 580 1306 in
592 1244 779 1325 quibusdam
794 1243 1081 1323 capitibus,Augus·
1130 1240 1239 1301 Patres
1253 1240 1321 1302 illos
1332 1242 1544 1320 Augustinum
1554 1246 1675 1303 secutos
1687 1240 1825 1301 affirmet
1834 1240 1907 1315 3hoc

310 1335 368 1397 tini
395 1336 569 1398 doctrinam
597 1336 694 1398 secuti
717 1337 790 1413 sint,
826 1335 996 1415 prudenter
1022 1334 1082 1395 hoe
1130 1334 1236 1392 tamen
1250 1351 1313 1394 uno
1328 1335 1557 1410 constitisset
1569 1333 1706 1395 irretitus
1714 1331 1908 1394 abbastene·

310 1428 433 1490 credin
459 1427 548 1490 nobis
579 1434 733 1510 oportere,
762 1428 887 1488 eosdem
912 1444 951 1487 ex
977 1443 1084 1487 conse·
1130 1422 1224 1497 bitur,
1240 1425 1325 1504 quod
1338 1426 1617 1504 argumentationis
1630 1442 1696 1487 suas
1705 1441 1822 1486 nervos
1834 1424 1908 1486 inci·

310 1521 418 1600 quenti
430 1520 516 1581 illam
531 1520 565 1580 in
578 1520 695 1581 caeteris
708 1517 855 1581 omnibus
868 1518 955 1598 sequi
967 1536 1080 1597 propo·
1131 1514 1184 1576 dit.
1213 1518 1283 1578 Non
1297 1516 1382 1578 enim
1405 1518 1592 1598 persuadere
1611 1515 1761 1578 omnibus
1779 1517 1905 1596 poterit,

310 1611 404 1673 situm
416 1611 560 1673 habuisse
574 1627 663 1687 ;cum
675 1617 758 1673 certo
769 1608 1082 1689 rideamus,id,quod
1130 1608 1215 1686 quod
1241 1627 1298 1687 pro
1325 1615 1420 1685 certo,
1446 1609 1683 1689 indubitatoque
1706 1626 1765 1668 nos
1788 1607 1904 1669 habere

311 1704 420 1764 abillis
434 1704 793 1766 etiamanimadversum
806 1707 863 1778 est,
887 1707 1079 1781 perpetuam,
1130 1700 1249 1777 voluit,
1283 1701 1451 1778 Augustini
1493 1701 1645 1781 ejusmodi
1687 1718 1754 1762 esse
1792 1699 1904 1761 doctri·

311 1797 503 1875 etirruptam
517 1802 657 1858 ramnum
671 1796 763 1872 hanc,
779 1795 971 1855 sirenarum
985 1792 1081 1854 istum
1130 1810 1216 1867 nam,
1238 1793 1365 1872 atejus
1390 1799 1477 1874 parte
1496 1798 1632 1873 recepta,
1646 1798 1772 1854 caetems
1782 1809 1906 1854 neumae

215 1898 223 1913 “
311 1888 388 1949 adeo
415 1887 555 1957 firmum,
585 1894 616 1949 et
643 1888 864 1961 cohaerentem,
900 1884 955 1965 qui
980 1885 1081 1964 capita
1131 1884 1170 1945 sit
1183 1885 1315 1959 admitti,
1331 1903 1404 1946 aum
1420 1884 1632 1966 inquibusdam
1641 1884 1744 1945 mitem
1755 1883 1906 1964 capitibus

311 1980 418 2041 omnia
438 1980 601 2061 theologiae
625 1979 727 2040 Patris
747 1979 829 2039 illius
842 1996 947 2039 mcum
972 1982 1081 2038 mutuo
1131 1994 1218 2038 secun
1231 1976 1423 2039 remhabere
1438 1976 1741 2040 nonnullisentiant.

312 2071 453 2151 colligata
478 2073 627 2144 continet,
663 2071 697 2132 in
725 2070 879 2150 mysteriis
909 2068 1029 2149 gratie,
1051 2074 1083 2130 et
1171 2070 1297 2146 Deinde,
1324 2088 1421 2149 quam
1443 2070 1549 2131 multis
1576 2069 1702 2148 flagitiis
1722 2074 1820 2130 scatet
1842 2074 1905 2130 tota

311 2164 630 2243 predestinationis.»
661 2163 734 2223 llaec
761 2182 801 2224 ex
824 2162 948 2241 vulgari
976 2166 1082 2223 nostra
1131 2160 1198 2221 heae
1211 2161 1501 2240 oratiotAugustini
1510 2162 1684 2223 doctrinam
1698 2160 1904 2240 illam,quam
1936 2184 2027 2242 iffi

311 2255 421 2335 lingua
439 2257 473 2317 in
493 2256 634 2317 Latinam
648 2273 728 2336 pene
749 2254 899 2315 uanslata
918 2254 956 2315 de
974 2253 1080 2331 verbo,
1130 2253 1216 2314 velut
1236 2258 1343 2315 catena
1363 2254 1498 2334 quadam
1518 2253 1694 2334 copulatam
1708 2271 1776 2314 esse
1795 2253 1904 2314 confir-
1925 2238 2033 2336 “ff

312 2347 390 2409 mire
424 2365 489 2409 esse
522 2347 590 2409 dico
625 2346 772 2427 perplexa
795 2350 826 2407 et
853 2345 1022 2419 incondita,
1046 2364 1082 2406 ae
1131 2350 1207 2416 mat,
1222 2344 1255 2406 in
1269 2346 1394 2423 gratia,
1410 2364 1444 2406 oe
1462 2344 1738 2426 predestinationis
1754 2345 1904 2426 mynetd
1924 2348 2032 2391 *⁸⁶¹¹

312 2457 417 2501 secum
436 2439 503 2518 ipsa
520 2456 672 2518 pugnare,
685 2456 786 2517 neque
800 2443 931 2514 certum,
944 2436 1082 2516 acliqui-
1132 2437 1377 2517 collocat3quasi
1390 2438 1570 2517 opinionem
1589 2436 1755 2515 Augustini
1769 2437 1810 2497 de
1825 2454 1902 2516 prae·
1940 2402 2022 2508 'gii'

313 2531 390 2592 dum
416 2530 553 2609 aliquem
580 2548 706 2591 sensum
728 2530 874 2603 reddere3
898 2534 977 2605 turn,
999 2528 1083 2608 quod
1131 2528 1335 2590 destinatione
1354 2529 1516 2608 theologos
1533 2547 1652 2605 omnes,
1673 2528 1738 2589 imo
1762 2527 1904 2589 Christia-

313 2622 448 2684 maxime
470 2622 681 2684 miserandum
700 2627 756 2698 est,
778 2639 844 2681 non
857 2621 897 2694 ei,
913 2621 997 2700 quod
1011 2639 1082 2700 pro·
1132 2619 1691 2701 nos,necessesitsequi;actamcerto
1704 2618 1759 2679 illa
1769 2620 1903 2681 tenenda

313 2713 388 2775 bare
402 2715 479 2783 vult,
506 2719 537 2775 et
562 2714 697 2775 intendit
710 2712 815 2781 abbas,
841 2713 894 2774 sed
917 2712 946 2773 ci
967 2714 1081 2792 potius,
1131 2712 1204 2785 sint,
1219 2731 1288 2794 quae
1302 2713 1341 2773 de
1359 2712 1507 2774 electione
1525 2712 1566 2774 ad
1586 2712 1720 2790 gloriam
1733 2711 1812 2773 eitra
1826 2730 1904 2791 praa·

313 2806 398 2886 quod
432 2824 612 2886 oppugnare
647 2805 763 2882 studet,
799 2805 1014 2882 commodare,
1049 2823 1085 2866 ae
1132 2804 1196 2864 visa
1213 2805 1334 2881 merita,
1356 2805 1456 2887 deque
1477 2803 1694 2887 reprobatione
1712 2821 1752 2865 ex
1765 2803 1832 2865 solo
1845 2805 1905 2866 ori·

313 2898 426 2960 lavere.
461 2898 579 2978 Nempe
614 2894 662 2958 id'
683 2901 750 2958 erat
787 2896 1080 2971 demonstrandum,
1132 2896 1228 2975 ginmi
1240 2897 1493 2977 peccato,docait
1508 2897 1712 2975 Augustinus,
1729 2896 1902 2976 quamilla,

313 2990 524 3070 Augustinum
544 2990 745 3069 interpretem
773 2987 984 3050 asciscendum
1019 3007 1084 3050 esse
1132 2989 1255 3067 quaeda
1274 2989 1384 3068 gratia,
1405 2990 1535 3068 ejusque
1553 3006 1625 3050 cum
1650 2988 1750 3049 libero
1774 2987 1903 3051 arbitrio

313 3081 568 3143 Tridentinorum
582 3081 724 3141 omnium
742 3080 948 3154 decretarum,
962 3079 996 3139 in
1009 3081 1082 3158 qui-
1133 3080 1297 3142 concordia
1319 3080 1501 3161 disputavit;
1527 3099 1597 3160 quae
1614 3080 1678 3141 sola
1701 3079 1849 3160 deinceps
1865 3079 1903 3141 ab

312 3172 372 3235 bus
385 3173 423 3235 de
444 3173 553 3252 gratia,
571 3178 603 3234 et
624 3171 894 3252 predestinatione
907 3170 1020 3248 agitem.
1036 3171 1084 3233 Ad
1132 3173 1331 3233 oecumenicis
1340 3171 1486 3249 conciliis,
1494 3177 1526 3232 et
1539 3172 1691 3233 Romanis
1703 3173 1905 3252 pontificibus

314 3265 375 3327 hoc
407 3284 483 3327 uero
518 3262 716 3344 probandum
747 3262 780 3323 id
814 3256 943 3324 assumit
975 3262 1081 3339 abbas,
1133 3282 1169 3325 ao
1195 3264 1290 3325 totius
1316 3264 1460 3326 Ecclesiae
1483 3263 1600 3343 judicio
1627 3264 1661 3324 in
1685 3265 1904 3328 aucmritatern

312 3348 481 3436 Augustini
494 3356 668 3417 doctrinam
681 3355 724 3415 ita
738 3372 843 3416 metum
852 3354 1037 3431 colligatam,
1053 3359 1083 3416 et
1132 3362 1206 3417 sunt
1218 3361 1343 3436 accepta
1354 3355 1512 3417 catholicae
1520 3355 1728 3434 professionis.

312 3449 521 3510 oobaerentem
535 3466 610 3523 esse,
626 3453 662 3507 ut
674 3448 729 3526 qui
747 3452 868 3526 partem
886 3446 953 3525 ejus
971 3464 1081 3526 quam·
1172 3449 1322 3522 Quaenam
1335 3448 1388 3509 illa
1401 3466 1475 3508 vero
1489 3446 1720 3509 eonciliasunt?
1732 3448 1790 3528 qui
1800 3449 1902 3529 ponti·
1951 3491 1972 3534 1,
1981 3498 2012 3543 ῃ

311 3540 396 3619 piam
409 3538 570 3618 amplexus
588 3540 637 3615 sit,
653 3538 786 3618 reliquas
800 3538 943 3601 admittat
960 3557 1080 3601 omnes.
1130 3538 1203 3601 tices
1218 3539 1365 3618 Romani,
1379 3557 1515 3620 quorum
1528 3539 1658 3601 decretis
1671 3545 1703 3601 et
1720 3541 1901 3615 canonibus,
1942 3543 2018 3638 ‘ff

313 3631 353 3692 Ut
367 3631 426 3692 hoc
439 3630 501 3707 via,
523 3636 555 3691 et
577 3631 698 3691 ratione
721 3629 934 3708 concludatur,
958 3649 1082 3693 necesse
1131 3639 1187 3693 aut
1198 3632 1363 3713 rescriptis.
1384 3631 1610 3710 Augustiniana
1626 3631 1680 3692 illa
1697 3631 1736 3693 de
1755 3633 1903 3695 alecn'one
1933 3646 2026 3694 ham

312 3727 358 3783 est
388 3740 497 3784 omnes
527 3721 586 3782 sibi
613 3726 724 3782 mutuo
756 3721 906 3782 inherere
933 3721 1081 3784 doctrinae
1131 3725 1171 3786 ad
1189 3724 1332 3802 gloriam,
1361 3729 1392 3784 et
1413 3722 1630 3804 reprobatione
1645 3724 1802 3786 sententia
1824 3743 1904 3786 oom-
1966 3710 1999 3744 ‘¹'

311 3813 546 3894 Augustiniana
569 3817 682 3894 partes,
706 3830 875 3892 secumque
892 3812 1026 3891 junctas,
1050 3820 1082 3875 et
1132 3815 1271 3896 probata,
1296 3816 1474 3894 sancitaque
1494 3814 1554 3875 tuit
1566 3813 1582 3876 i
1595 3816 1664 3876 Non
1685 3815 1784 3896 pudet
1797 3820 1903 3879 aueto-

310 3904 479 3967 iudivulsas
493 3924 569 3979 essa,
584 3904 673 3966 nulla
690 3923 815 3984 prorsus
829 3911 966 3985 excepta.
988 3905 1079 3982 Nam,
1131 3926 1199 3969 rem
1218 3907 1355 3988 epistolae
1376 3913 1442 3968 tam
1454 3906 1656 3980 confidenter,
1677 3926 1713 3969 aa
1730 3914 1852 3970 temere
1869 3909 1901 3970 in

310 3997 337 4057 si
351 4017 414 4077 qua
429 3998 634 4077 disjungitur,
647 4015 748 4077 neque
760 4014 831 4058 cum
845 3996 912 4057 aliis
926 3999 1080 4059 connecti·
1131 4017 1259 4061 censum
1272 3999 1388 4061 reterre
1407 4000 1544 4079 capitum
1565 3999 1639 4061 fidei
1653 4016 1689 4060 ac
1707 3999 1899 4079 dogmatum,

310 4100 372 4162 tur,
396 4089 510 4150 tabum
528 4093 585 4165 est,
608 4088 692 4168 quod
716 4089 801 4163 dicit,
817 4106 882 4149 una
894 4088 977 4149 illius
995 4096 1083 4169 parte
1132 4092 1313 4173 opinionem
1328 4090 1425 4165 illam,
1442 4092 1481 4153 de
1496 4108 1558 4172 qua
1571 4109 1611 4154 ne
1624 4091 1763 4153 litteram
1776 4093 1904 4172 quidem

311 4199 464 4258 concessa,
480 4181 614 4261 reliquas
637 4177 774 4260 quodam
787 4179 911 4242 vinculo
925 4181 1083 4260 copulatas
1131 4184 1168 4245 iis
1187 4185 1220 4244 in
1243 4183 1397 4260 Consiliis,
1418 4190 1472 4244 aut
1490 4184 1703 4246 Romanorum
1719 4184 1903 4263 pontificum

311 4277 535 4352 consequenter
552 4270 685 4333 admitti.
702 4271 797 4350 Atqui
809 4290 874 4332 non
888 4272 923 4332 in
937 4271 1083 4334 omnihus
1132 4275 1278 4355 epistolis,
1292 4275 1326 4336 in
1340 4274 1501 4355 quibusda
1515 4275 1680 4354 Augustini
1689 4274 1843 4350 doctrina,
1855 4275 1901 4338 rel

309 4363 476 4442 Augustini
485 4363 661 4425 doctrinam
675 4369 794 4425 secutos
808 4381 873 4425 esse
886 4363 1083 4426 Tridentinos
1132 4367 1230 4447 gratia
1252 4371 1297 4427 est
1317 4372 1432 4443 actum,
1456 4366 1592 4447 reperire
1615 4365 1736 4445 possit?
1756 4366 1902 4429 Nuncobi

310 4454 429 4528 Patres,
446 4456 616 4535 suspicatur
630 4455 757 4531 ibidem,
772 4473 844 4516 cum
867 4456 922 4529 ait,
935 4456 1004 4518 illos
1026 4456 1084 4518 sni·
1130 4459 1191 4520 hoe
1205 4459 1385 4521 'tridentina
1403 4459 1541 4539 synodus
1560 4456 1723 4521 demerit?
1743 4459 1901 4539 Nusquam

311 4553 367 4607 tem
388 4546 420 4607 in
440 4545 611 4626 quibusdem
628 4547 777 4629 capitibus
788 4565 858 4609 eam
872 4565 936 4609 esse
950 4554 1080 4610 secutos.
1131 4569 1171 4613 ne
1184 4551 1337 4613 levissime
1344 4551 1471 4631 quidem
1480 4551 1592 4630 attigit.
1608 4552 1644 4612 ln
1657 4550 1793 4613 sessione
1804 4557 1900 4627 sexa,

310 4638 379 4699 Vox
401 4639 485 4700 enirn
498 4638 568 4714 ista,
582 4637 697 4718 seiten,
713 4637 941 4701 dubitationem
954 4641 1079 4715 indicat,
1131 4642 1187 4704 ubi
1199 4644 1237 4705 de
1251 4643 1351 4723 gratia
1363 4640 1387 4719 ¹,
1403 4648 1435 4704 et
1455 4643 1554 4705 libero
1573 4641 1717 4716 arbitrio,
1738 4660 1777 4704 ac
1793 4642 1902 4722 justili-

310 4747 352 4791 an
365 4729 398 4790 in
412 4730 558 4791 omnibus
572 4729 604 4791 id
616 4729 755 4792 fecerint.
769 4732 903 4805 Quinam
919 4750 993 4811 ergo
1007 4751 1082 4794 con·
1131 4736 1251 4797 catione
1278 4754 1317 4796 ex
1344 4733 1481 4816 professo
1508 4735 1640 4812 disserit,
1666 4733 1746 4795 nihil
1762 4734 1848 4796 aliud
1863 4732 1902 4795 de
1970 4748 2002 4809 ιι,

310 4825 495 4883 sentaneum
513 4839 578 4883 esse
599 4822 724 4901 poterit,
751 4823 835 4902 quod
848 4822 979 4903 probare
1000 4823 1079 4898 vult,
1131 4826 1402 4906 predestinatione
1416 4826 1503 4903 dicit,
1523 4826 1583 4888 nisi
1600 4827 1670 4900 hoc,
1696 4825 1780 4907 quod
1797 4824 1900 4887 catha
1923 4805 2030 4901 Ἦ

310 4911 508 4975 Tridentinus
535 4914 643 4975 Patres
663 4914 696 4974 in
719 4915 780 4990 his,
804 4932 874 4994 quoe
895 4915 934 4976 ad
950 4916 1082 4995 gratiam
1130 4918 1189 4979 lica
1202 4919 1278 4980 tides
1291 4918 1396 4994 habet,
1417 4919 1579 4981 neminem
1600 4922 1685 4980 certo
1708 4918 1899 4998 seirepoase,
1933 4917 2021 5020 ,vg

311 5007 458 5084 spectant,
487 5009 583 5066 totam
616 5005 783 5084 Augustini
816 5005 988 5067 doctrinam
1017 5025 1082 5069 esse
1132 5011 1207 5072 citra
1215 5010 1447 5086 revelationem,
1457 5010 1497 5071 de
1509 5026 1759 5072 numeroseessa
1773 5009 1903 5090 proedes-
1928 5014 2026 5064 „usn

312 5093 510 5172 complexos,
536 5095 624 5156 nulla
651 5095 764 5157 omissa
796 5103 899 5176 parte,
932 5099 1083 5177 quoniam
1131 5102 1324 5178 tinatorum;
1341 5102 1379 5163 de
1397 5101 1546 5182 peculiari
1564 5102 1684 5164 ratione
1705 5101 1902 5182 praedestins
1924 5077 2028 5172 &mar

311 5202 421 5246 omnes
443 5185 501 5246 sibi
520 5186 654 5249 invicem
671 5187 804 5266 alligatae
821 5195 910 5264 sunt3
931 5190 957 5251 si
972 5191 1011 5251 de
1024 5191 1084 5252 hoc
1131 5194 1241 5269 nonis,
1271 5212 1344 5274 quae
1369 5199 1489 5255 tantm
1515 5193 1609 5256 habet
1641 5193 1899 5267 controversiam,
1954 5175 2006 5281 ,ᾖ

311 5277 479 5356 posteriore
499 5277 631 5356 dubitat,
655 5285 686 5341 et
710 5280 744 5340 in
765 5280 950 5360 quibusdum
971 5282 1080 5345 saltem
1132 5284 1256 5367 penitus
1265 5285 1372 5348 mouit.
1389 5285 1500 5348 'lacuit
1510 5286 1739 5347 etArausieana
1751 5284 1899 5365 synodus,
1930 5284 2022 5383 ff

339 5477 350 5523 l
368 5478 496 5526 literram.
509 5481 572 5527 toan
583 5480 644 5528 liter.
656 5483 699 5529 ool.
710 5483 787 5529 tta·-
799 5484 813 5529 t
825 5484 883 5531 sess.
896 5497 927 5539 rr,
938 5496 986 5542 cap.
998 5497 1030 5531 un
1042 5492 1063 5531 et
1075 5497 1126 5533 oea.
1137 5487 1172 5532 ts.
