<?xml version="1.0" encoding="UTF-8"?>
<!DOCTYPE html PUBLIC "-//W3C//DTD XHTML 1.0 Transitional//EN"
    "http://www.w3.org/TR/xhtml1/DTD/xhtml1-transitional.dtd">
<html xmlns="http://www.w3.org/1999/xhtml" xml:lang="en" lang="en">
 <head>
  <title>
</title>
<meta http-equiv="Content-Type" content="text/html;charset=utf-8" />
  <meta name='ocr-system' content='tesseract 3.04.00' />
  <meta name='ocr-capabilities' content='ocr_page ocr_carea ocr_par ocr_line ocrx_word'/>
</head>
<body>
  <div class='ocr_page' id='page_1' title='image "./dogmatatheologi00goog_0280.png"; bbox 0 0 3934 6172; ppageno 0'>
   <div class='ocr_carea' id='block_1_1' title="bbox 390 372 1622 448">
    <p class='ocr_par' dir='ltr' id='par_1_1' title="bbox 390 372 1622 448">
     <span class='ocr_line' id='line_1_1' title="bbox 390 372 1622 448; baseline 0.002 -12"><span class='ocrx_word' id='word_1_1' title='bbox 390 375 442 436; x_wconf 86' lang='lat' dir='ltr'>DE</span> <span class='ocrx_word' id='word_1_2' title='bbox 462 372 625 436; x_wconf 73' lang='lat' dir='ltr'>orfitum</span> <span class='ocrx_word' id='word_1_3' title='bbox 646 372 719 435; x_wconf 86' lang='lat' dir='ltr'>SEX</span> <span class='ocrx_word' id='word_1_4' title='bbox 741 372 899 448; x_wconf 81' lang='lat' dir='ltr'>DIERUM,</span> <span class='ocrx_word' id='word_1_5' title='bbox 923 374 995 435; x_wconf 86' lang='lat' dir='ltr'><strong>LIB.</strong></span> <span class='ocrx_word' id='word_1_6' title='bbox 1018 374 1056 436; x_wconf 91' lang='grc'>11.</span> <span class='ocrx_word' id='word_1_7' title='bbox 1078 374 1162 440; x_wconf 81' lang='lat' dir='ltr'><strong>CAP.</strong></span> <span class='ocrx_word' id='word_1_8' title='bbox 1184 376 1264 439; x_wconf 83' lang='lat' dir='ltr'>viii.</span> <span class='ocrx_word' id='word_1_9' title='bbox 1561 376 1622 438; x_wconf 72' lang='lat'>265</span> 
     </span>
    </p>
   </div>
   <div class='ocr_carea' id='block_1_2' title="bbox 6 535 1755 4485">
    <p class='ocr_par' dir='ltr' id='par_1_2' title="bbox 6 535 1755 4485">
     <span class='ocr_line' id='line_1_2' title="bbox 65 535 1625 621; baseline 0.003 -24"><span class='ocrx_word' id='word_1_10' title='bbox 65 535 234 619; x_wconf 80' lang='lat' dir='ltr'>presciebat,</span> <span class='ocrx_word' id='word_1_11' title='bbox 248 538 333 599; x_wconf 90' lang='lat' dir='ltr'>unde</span> <span class='ocrx_word' id='word_1_12' title='bbox 352 539 418 618; x_wconf 86' lang='lat' dir='ltr'>jem</span> <span class='ocrx_word' id='word_1_13' title='bbox 436 539 575 602; x_wconf 75' lang='lat' dir='ltr'>&#39;mortale</span> <span class='ocrx_word' id='word_1_14' title='bbox 587 557 687 619; x_wconf 89' lang='lat' dir='ltr'>genus</span> <span class='ocrx_word' id='word_1_15' title='bbox 700 554 810 620; x_wconf 86' lang='lat' dir='ltr'>prope·</span> <span class='ocrx_word' id='word_1_16' title='bbox 860 556 978 618; x_wconf 86' lang='lat' dir='ltr'>parem,</span> <span class='ocrx_word' id='word_1_17' title='bbox 994 545 1025 601; x_wconf 94' lang='lat' dir='ltr'>et</span> <span class='ocrx_word' id='word_1_18' title='bbox 1036 559 1251 620; x_wconf 74' lang='lat' dir='ltr'>congenerem,</span> <span class='ocrx_word' id='word_1_19' title='bbox 1277 541 1342 602; x_wconf 90' lang='lat' dir='ltr'>solo</span> <span class='ocrx_word' id='word_1_20' title='bbox 1361 559 1437 602; x_wconf 88' lang='lat' dir='ltr'>sexu</span> <span class='ocrx_word' id='word_1_21' title='bbox 1450 540 1625 621; x_wconf 86' lang='lat' dir='ltr'>discrepan-</span> 
     </span>
     <span class='ocr_line' id='line_1_3' title="bbox 65 630 1624 712; baseline 0.003 -22"><span class='ocrx_word' id='word_1_22' title='bbox 65 630 182 711; x_wconf 86' lang='lat' dir='ltr'>gsndum</span> <span class='ocrx_word' id='word_1_23' title='bbox 193 636 272 691; x_wconf 84' lang='lat' dir='ltr'>esset</span> <span class='ocrx_word' id='word_1_24' title='bbox 283 632 510 694; x_wconf 74' lang='lat' dir='ltr'>humanum.»</span> <span class='ocrx_word' id='word_1_25' title='bbox 859 636 924 693; x_wconf 92' lang='lat' dir='ltr'>tem</span> <span class='ocrx_word' id='word_1_26' title='bbox 959 650 1023 694; x_wconf 89' lang='lat' dir='ltr'>esse</span> <span class='ocrx_word' id='word_1_27' title='bbox 1057 636 1166 697; x_wconf 88' lang='lat' dir='ltr'>datum</span> <span class='ocrx_word' id='word_1_28' title='bbox 1198 634 1335 712; x_wconf 86' lang='lat' dir='ltr'>rideret,</span> <span class='ocrx_word' id='word_1_29' title='bbox 1364 635 1487 696; x_wconf 90' lang='lat' dir='ltr'>nullum</span> <span class='ocrx_word' id='word_1_30' title='bbox 1516 634 1550 694; x_wconf 91' lang='lat' dir='ltr'>in</span> <span class='ocrx_word' id='word_1_31' title='bbox 1570 634 1624 695; x_wconf 91' lang='lat' dir='ltr'>illo</span> 
     </span>
     <span class='ocr_line' id='line_1_4' title="bbox 6 722 1623 807; baseline 0 -21"><span class='ocrx_word' id='word_1_32' title='bbox 6 744 48 807; x_wconf 75' lang='lat' dir='ltr'>pa</span> <span class='ocrx_word' id='word_1_33' title='bbox 96 724 238 783; x_wconf 81' lang='lat' dir='ltr'>ceterum</span> <span class='ocrx_word' id='word_1_34' title='bbox 251 722 287 783; x_wconf 90' lang='lat' dir='ltr'>in</span> <span class='ocrx_word' id='word_1_35' title='bbox 301 723 370 785; x_wconf 88' lang='lat' dir='ltr'>loco</span> <span class='ocrx_word' id='word_1_36' title='bbox 383 724 540 804; x_wconf 89' lang='lat' dir='ltr'>illoquem</span> <span class='ocrx_word' id='word_1_37' title='bbox 554 724 696 785; x_wconf 89' lang='lat' dir='ltr'>detertio</span> <span class='ocrx_word' id='word_1_38' title='bbox 710 723 811 803; x_wconf 89' lang='lat' dir='ltr'>eapite</span> <span class='ocrx_word' id='word_1_39' title='bbox 859 743 991 787; x_wconf 90' lang='lat' dir='ltr'>numero</span> <span class='ocrx_word' id='word_1_40' title='bbox 1027 727 1086 787; x_wconf 90' lang='lat' dir='ltr'>sibi</span> <span class='ocrx_word' id='word_1_41' title='bbox 1125 732 1347 807; x_wconf 79' lang='lat' dir='ltr'>congruentem</span> <span class='ocrx_word' id='word_1_42' title='bbox 1381 727 1623 803; x_wconf 80' lang='lat' dir='ltr'>animadvertit3</span> 
     </span>
     <span class='ocr_line' id='line_1_5' title="bbox 6 810 1623 896; baseline 0.001 -21"><span class='ocrx_word' id='word_1_43' title='bbox 6 810 36 895; x_wconf 61' lang='grc' dir='ltr'>ζ,</span> <span class='ocrx_word' id='word_1_44' title='bbox 66 814 187 895; x_wconf 82' lang='lat' dir='ltr'>proxime</span> <span class='ocrx_word' id='word_1_45' title='bbox 204 819 276 875; x_wconf 85' lang='lat' dir='ltr'>ante</span> <span class='ocrx_word' id='word_1_46' title='bbox 294 815 457 895; x_wconf 76' lang='lat' dir='ltr'>descripsi,</span> <span class='ocrx_word' id='word_1_47' title='bbox 486 817 608 877; x_wconf 83' lang='lat' dir='ltr'>videtur</span> <span class='ocrx_word' id='word_1_48' title='bbox 620 816 811 895; x_wconf 78' lang='lat' dir='ltr'>Augustinus</span> <span class='ocrx_word' id='word_1_49' title='bbox 859 818 942 896; x_wconf 89' lang='lat' dir='ltr'>quod</span> <span class='ocrx_word' id='word_1_50' title='bbox 969 824 1000 879; x_wconf 91' lang='lat' dir='ltr'>et</span> <span class='ocrx_word' id='word_1_51' title='bbox 1025 819 1207 880; x_wconf 84' lang='lat' dir='ltr'>Ambrosius</span> <span class='ocrx_word' id='word_1_52' title='bbox 1228 819 1263 879; x_wconf 91' lang='lat' dir='ltr'>in</span> <span class='ocrx_word' id='word_1_53' title='bbox 1289 818 1369 879; x_wconf 94' lang='lat' dir='ltr'>libro</span> <span class='ocrx_word' id='word_1_54' title='bbox 1391 817 1425 878; x_wconf 79' lang='lat' dir='ltr'>de</span> <span class='ocrx_word' id='word_1_55' title='bbox 1459 817 1623 895; x_wconf 64' lang='lat' dir='ltr'>Paradae,</span> 
     </span>
     <span class='ocr_line' id='line_1_6' title="bbox 6 906 1626 988; baseline 0.001 -21"><span class='ocrx_word' id='word_1_56' title='bbox 6 916 32 949; x_wconf 73' lang='lat'>¹⁸¹</span> <span class='ocrx_word' id='word_1_57' title='bbox 65 906 471 987; x_wconf 73' lang='lat' dir='ltr'>praeonominesinterris</span> <span class='ocrx_word' id='word_1_58' title='bbox 484 908 575 969; x_wconf 88' lang='lat' dir='ltr'>simul</span> <span class='ocrx_word' id='word_1_59' title='bbox 593 926 713 984; x_wconf 89' lang='lat' dir='ltr'>omnes,</span> <span class='ocrx_word' id='word_1_60' title='bbox 725 909 811 988; x_wconf 91' lang='lat' dir='ltr'>geni-</span> <span class='ocrx_word' id='word_1_61' title='bbox 860 910 958 988; x_wconf 85' lang='lat' dir='ltr'>eapite</span> <span class='ocrx_word' id='word_1_62' title='bbox 972 927 1000 970; x_wconf 86' lang='grc'>111</span> <span class='ocrx_word' id='word_1_63' title='bbox 1014 912 1141 973; x_wconf 87' lang='lat' dir='ltr'>notavit.</span> <span class='ocrx_word' id='word_1_64' title='bbox 1160 912 1219 973; x_wconf 87' lang='lat' dir='ltr'>Sed</span> <span class='ocrx_word' id='word_1_65' title='bbox 1233 911 1300 972; x_wconf 89' lang='lat' dir='ltr'>aliis</span> <span class='ocrx_word' id='word_1_66' title='bbox 1320 911 1358 972; x_wconf 87' lang='lat' dir='ltr'>de</span> <span class='ocrx_word' id='word_1_67' title='bbox 1373 911 1471 971; x_wconf 87' lang='lat' dir='ltr'>causis</span> <span class='ocrx_word' id='word_1_68' title='bbox 1498 910 1531 970; x_wconf 91' lang='lat' dir='ltr'>id</span> <span class='ocrx_word' id='word_1_69' title='bbox 1545 928 1626 988; x_wconf 82' lang='lat' dir='ltr'>prae-</span> 
     </span>
     <span class='ocr_line' id='line_1_7' title="bbox 65 997 1626 1080; baseline 0.001 -21"><span class='ocrx_word' id='word_1_70' title='bbox 65 998 131 1059; x_wconf 86' lang='lat' dir='ltr'>tores</span> <span class='ocrx_word' id='word_1_71' title='bbox 143 997 281 1060; x_wconf 82' lang='lat' dir='ltr'>videlicet</span> <span class='ocrx_word' id='word_1_72' title='bbox 303 1018 377 1060; x_wconf 91' lang='lat' dir='ltr'>cum</span> <span class='ocrx_word' id='word_1_73' title='bbox 397 1000 527 1080; x_wconf 86' lang='lat' dir='ltr'>genitis,</span> <span class='ocrx_word' id='word_1_74' title='bbox 542 1000 662 1062; x_wconf 85' lang='lat' dir='ltr'>tamdiu</span> <span class='ocrx_word' id='word_1_75' title='bbox 676 1000 811 1078; x_wconf 77' lang='lat' dir='ltr'>victuros</span> <span class='ocrx_word' id='word_1_76' title='bbox 858 1005 943 1061; x_wconf 85' lang='lat' dir='ltr'>terea</span> <span class='ocrx_word' id='word_1_77' title='bbox 964 1001 1080 1063; x_wconf 81' lang='lat' dir='ltr'>lactum</span> <span class='ocrx_word' id='word_1_78' title='bbox 1109 1009 1164 1065; x_wconf 90' lang='lat' dir='ltr'>est.</span> <span class='ocrx_word' id='word_1_79' title='bbox 1180 1003 1272 1064; x_wconf 91' lang='lat' dir='ltr'>Philo</span> <span class='ocrx_word' id='word_1_80' title='bbox 1290 1003 1420 1064; x_wconf 84' lang='lat' dir='ltr'>Judaeus</span> <span class='ocrx_word' id='word_1_81' title='bbox 1445 1002 1479 1061; x_wconf 92' lang='lat' dir='ltr'>in</span> <span class='ocrx_word' id='word_1_82' title='bbox 1498 1001 1578 1061; x_wconf 90' lang='lat' dir='ltr'>libro</span> <span class='ocrx_word' id='word_1_83' title='bbox 1592 999 1626 1062; x_wconf 79' lang='lat' dir='ltr'>de</span> 
     </span>
     <span class='ocr_line' id='line_1_8' title="bbox 64 1090 1625 1175; baseline 0.001 -25"><span class='ocrx_word' id='word_1_84' title='bbox 64 1090 204 1167; x_wconf 44' lang='lat' dir='ltr'>medum,</span> <span class='ocrx_word' id='word_1_85' title='bbox 217 1109 369 1153; x_wconf 87' lang='lat' dir='ltr'>numerus</span> <span class='ocrx_word' id='word_1_86' title='bbox 382 1094 475 1153; x_wconf 75' lang='lat' dir='ltr'>alteo</span> <span class='ocrx_word' id='word_1_87' title='bbox 498 1093 688 1171; x_wconf 78' lang='lat' dir='ltr'>praestitutus</span> <span class='ocrx_word' id='word_1_88' title='bbox 711 1090 811 1153; x_wconf 91' lang='lat' dir='ltr'>homi·</span> <span class='ocrx_word' id='word_1_89' title='bbox 858 1092 964 1153; x_wconf 81' lang='lat' dir='ltr'>mundi</span> <span class='ocrx_word' id='word_1_90' title='bbox 977 1093 1107 1175; x_wconf 77' lang='lat' dir='ltr'>opificio,</span> <span class='ocrx_word' id='word_1_91' title='bbox 1136 1095 1298 1175; x_wconf 75' lang='lat' dir='ltr'>«Optime,</span> <span class='ocrx_word' id='word_1_92' title='bbox 1311 1095 1422 1174; x_wconf 89' lang='lat' dir='ltr'>inquit,</span> <span class='ocrx_word' id='word_1_93' title='bbox 1453 1093 1625 1171; x_wconf 87' lang='lat' dir='ltr'>etimposi-</span> 
     </span>
     <span class='ocr_line' id='line_1_9' title="bbox 65 1183 1625 1266; baseline 0.001 -23"><span class='ocrx_word' id='word_1_94' title='bbox 65 1200 126 1243; x_wconf 86' lang='lat' dir='ltr'>num</span> <span class='ocrx_word' id='word_1_95' title='bbox 135 1183 317 1261; x_wconf 83' lang='lat' dir='ltr'>expleretur,</span> <span class='ocrx_word' id='word_1_96' title='bbox 342 1190 379 1245; x_wconf 92' lang='lat' dir='ltr'>ut</span> <span class='ocrx_word' id='word_1_97' title='bbox 392 1185 529 1245; x_wconf 88' lang='lat' dir='ltr'>universi</span> <span class='ocrx_word' id='word_1_98' title='bbox 547 1185 657 1246; x_wconf 88' lang='lat' dir='ltr'>eodem</span> <span class='ocrx_word' id='word_1_99' title='bbox 670 1191 810 1263; x_wconf 90' lang='lat' dir='ltr'>tempore</span> <span class='ocrx_word' id='word_1_100' title='bbox 859 1183 977 1245; x_wconf 89' lang='lat' dir='ltr'>tionem</span> <span class='ocrx_word' id='word_1_101' title='bbox 1003 1187 1168 1247; x_wconf 90' lang='lat' dir='ltr'>nominum</span> <span class='ocrx_word' id='word_1_102' title='bbox 1189 1188 1290 1266; x_wconf 81' lang='lat' dir='ltr'>primo</span> <span class='ocrx_word' id='word_1_103' title='bbox 1310 1187 1432 1246; x_wconf 88' lang='lat' dir='ltr'>homini</span> <span class='ocrx_word' id='word_1_104' title='bbox 1455 1185 1572 1247; x_wconf 83' lang='lat' dir='ltr'>tribuit.</span> <span class='ocrx_word' id='word_1_105' title='bbox 1590 1186 1625 1245; x_wconf 93' lang='lat' dir='ltr'>Id</span> 
     </span>
     <span class='ocr_line' id='line_1_10' title="bbox 63 1276 1624 1359; baseline 0.001 -25"><span class='ocrx_word' id='word_1_106' title='bbox 63 1276 241 1336; x_wconf 85' lang='lat' dir='ltr'>cdctemum</span> <span class='ocrx_word' id='word_1_107' title='bbox 254 1294 291 1337; x_wconf 86' lang='lat' dir='ltr'>ac</span> <span class='ocrx_word' id='word_1_108' title='bbox 298 1276 456 1355; x_wconf 83' lang='lat' dir='ltr'>spirituale</span> <span class='ocrx_word' id='word_1_109' title='bbox 469 1276 540 1337; x_wconf 75' lang='lat' dir='ltr'>vita</span> <span class='ocrx_word' id='word_1_110' title='bbox 553 1295 653 1356; x_wconf 86' lang='lat' dir='ltr'>genus</span> <span class='ocrx_word' id='word_1_111' title='bbox 662 1276 808 1337; x_wconf 69' lang='lat' dir='ltr'>nandu-</span> <span class='ocrx_word' id='word_1_112' title='bbox 859 1277 943 1337; x_wconf 91' lang='lat' dir='ltr'>enim</span> <span class='ocrx_word' id='word_1_113' title='bbox 957 1296 1034 1356; x_wconf 90' lang='lat' dir='ltr'>opus</span> <span class='ocrx_word' id='word_1_114' title='bbox 1048 1284 1094 1339; x_wconf 89' lang='lat' dir='ltr'>est</span> <span class='ocrx_word' id='word_1_115' title='bbox 1116 1279 1286 1359; x_wconf 71' lang='lat' dir='ltr'>sapientire,</span> <span class='ocrx_word' id='word_1_116' title='bbox 1302 1297 1338 1339; x_wconf 91' lang='lat' dir='ltr'>ec</span> <span class='ocrx_word' id='word_1_117' title='bbox 1352 1278 1442 1357; x_wconf 85' lang='lat' dir='ltr'>regiae</span> <span class='ocrx_word' id='word_1_118' title='bbox 1457 1277 1624 1355; x_wconf 75' lang='lat' dir='ltr'>dignitatis,</span> 
     </span>
     <span class='ocr_line' id='line_1_11' title="bbox 64 1368 1624 1450; baseline 0.001 -23"><span class='ocrx_word' id='word_1_119' title='bbox 64 1371 153 1427; x_wconf 85' lang='lat' dir='ltr'>rentur</span> <span class='ocrx_word' id='word_1_120' title='bbox 164 1369 196 1426; x_wconf 92' lang='lat' dir='ltr'>in</span> <span class='ocrx_word' id='word_1_121' title='bbox 210 1368 333 1430; x_wconf 75' lang='lat' dir='ltr'>caelum.</span> <span class='ocrx_word' id='word_1_122' title='bbox 359 1369 400 1429; x_wconf 83' lang='lat' dir='ltr'>At</span> <span class='ocrx_word' id='word_1_123' title='bbox 423 1369 456 1429; x_wconf 88' lang='lat' dir='ltr'>ln</span> <span class='ocrx_word' id='word_1_124' title='bbox 469 1369 568 1448; x_wconf 87' lang='lat' dir='ltr'>capite</span> <span class='ocrx_word' id='word_1_125' title='bbox 591 1374 687 1438; x_wconf 80' lang='lat' dir='ltr'>sexto,</span> <span class='ocrx_word' id='word_1_126' title='bbox 711 1369 810 1430; x_wconf 88' lang='lat' dir='ltr'>diver·</span> <span class='ocrx_word' id='word_1_127' title='bbox 859 1369 954 1428; x_wconf 88' lang='lat' dir='ltr'>Porro</span> <span class='ocrx_word' id='word_1_128' title='bbox 967 1369 1021 1431; x_wconf 89' lang='lat' dir='ltr'>ille</span> <span class='ocrx_word' id='word_1_129' title='bbox 1033 1373 1156 1449; x_wconf 90' lang='lat' dir='ltr'>sapiens</span> <span class='ocrx_word' id='word_1_130' title='bbox 1166 1377 1243 1445; x_wconf 86' lang='lat' dir='ltr'>erat,</span> <span class='ocrx_word' id='word_1_131' title='bbox 1256 1371 1310 1450; x_wconf 91' lang='lat' dir='ltr'>qui</span> <span class='ocrx_word' id='word_1_132' title='bbox 1324 1389 1342 1431; x_wconf 88' lang='lat' dir='ltr'>a</span> <span class='ocrx_word' id='word_1_133' title='bbox 1355 1370 1455 1448; x_wconf 91' lang='lat' dir='ltr'>seipso</span> <span class='ocrx_word' id='word_1_134' title='bbox 1467 1369 1624 1437; x_wconf 89' lang='lat' dir='ltr'>didicerat,</span> 
     </span>
     <span class='ocr_line' id='line_1_12' title="bbox 64 1458 1626 1541; baseline 0 -22"><span class='ocrx_word' id='word_1_135' title='bbox 64 1477 116 1519; x_wconf 80' lang='lat' dir='ltr'>sam</span> <span class='ocrx_word' id='word_1_136' title='bbox 138 1458 174 1519; x_wconf 89' lang='lat' dir='ltr'>ab</span> <span class='ocrx_word' id='word_1_137' title='bbox 198 1460 251 1536; x_wconf 82' lang='lat' dir='ltr'>illa</span> <span class='ocrx_word' id='word_1_138' title='bbox 275 1461 463 1522; x_wconf 86' lang='lat' dir='ltr'>sententiam</span> <span class='ocrx_word' id='word_1_139' title='bbox 486 1460 633 1541; x_wconf 81' lang='lat' dir='ltr'>explicat3</span> <span class='ocrx_word' id='word_1_140' title='bbox 667 1483 679 1519; x_wconf 85' lang='grc'>1</span> <span class='ocrx_word' id='word_1_141' title='bbox 705 1466 741 1521; x_wconf 91' lang='lat' dir='ltr'>ut</span> <span class='ocrx_word' id='word_1_142' title='bbox 766 1461 810 1522; x_wconf 90' lang='lat' dir='ltr'>ita</span> <span class='ocrx_word' id='word_1_143' title='bbox 859 1477 915 1521; x_wconf 92' lang='lat' dir='ltr'>nee</span> <span class='ocrx_word' id='word_1_144' title='bbox 929 1461 969 1521; x_wconf 88' lang='lat' dir='ltr'>ab</span> <span class='ocrx_word' id='word_1_145' title='bbox 983 1461 1043 1522; x_wconf 84' lang='lat' dir='ltr'>alio</span> <span class='ocrx_word' id='word_1_146' title='bbox 1057 1464 1222 1541; x_wconf 90' lang='lat' dir='ltr'>perdoctus</span> <span class='ocrx_word' id='word_1_147' title='bbox 1238 1463 1351 1537; x_wconf 81' lang='lat' dir='ltr'>fuerat,</span> <span class='ocrx_word' id='word_1_148' title='bbox 1373 1462 1478 1523; x_wconf 84' lang='lat' dir='ltr'>divina</span> <span class='ocrx_word' id='word_1_149' title='bbox 1492 1460 1626 1539; x_wconf 89' lang='lat' dir='ltr'>quadam</span> 
     </span>
     <span class='ocr_line' id='line_1_13' title="bbox 64 1551 1627 1633; baseline 0.001 -23"><span class='ocrx_word' id='word_1_150' title='bbox 64 1568 138 1611; x_wconf 87' lang='lat' dir='ltr'>omne</span> <span class='ocrx_word' id='word_1_151' title='bbox 157 1551 332 1614; x_wconf 90' lang='lat' dir='ltr'>humanum</span> <span class='ocrx_word' id='word_1_152' title='bbox 351 1571 451 1632; x_wconf 89' lang='lat' dir='ltr'>genus</span> <span class='ocrx_word' id='word_1_153' title='bbox 474 1571 529 1632; x_wconf 92' lang='lat' dir='ltr'>per</span> <span class='ocrx_word' id='word_1_154' title='bbox 555 1553 756 1626; x_wconf 78' lang='lat' dir='ltr'>decessiones,</span> <span class='ocrx_word' id='word_1_155' title='bbox 778 1559 810 1614; x_wconf 91' lang='lat' dir='ltr'>et</span> <span class='ocrx_word' id='word_1_156' title='bbox 858 1551 890 1612; x_wconf 93' lang='lat' dir='ltr'>id</span> <span class='ocrx_word' id='word_1_157' title='bbox 904 1555 1002 1631; x_wconf 82' lang='lat' dir='ltr'>grstia</span> <span class='ocrx_word' id='word_1_158' title='bbox 1024 1560 1223 1629; x_wconf 83' lang='lat' dir='ltr'>consecutus3</span> <span class='ocrx_word' id='word_1_159' title='bbox 1234 1555 1288 1615; x_wconf 89' lang='lat' dir='ltr'>sed</span> <span class='ocrx_word' id='word_1_160' title='bbox 1301 1555 1394 1614; x_wconf 90' lang='lat' dir='ltr'>etiam</span> <span class='ocrx_word' id='word_1_161' title='bbox 1406 1558 1558 1633; x_wconf 67' lang='lat' dir='ltr'>preterea</span> <span class='ocrx_word' id='word_1_162' title='bbox 1570 1570 1627 1612; x_wconf 80' lang='lat' dir='ltr'>rer</span> 
     </span>
     <span class='ocr_line' id='line_1_14' title="bbox 64 1644 1627 1729; baseline 0 -26"><span class='ocrx_word' id='word_1_163' title='bbox 64 1644 246 1704; x_wconf 78' lang='lat' dir='ltr'>neccssiones</span> <span class='ocrx_word' id='word_1_164' title='bbox 266 1650 351 1705; x_wconf 87' lang='lat' dir='ltr'>certa</span> <span class='ocrx_word' id='word_1_165' title='bbox 374 1646 596 1706; x_wconf 81' lang='lat' dir='ltr'>numerositate</span> <span class='ocrx_word' id='word_1_166' title='bbox 614 1644 805 1724; x_wconf 91' lang='lat' dir='ltr'>impleretur,</span> <span class='ocrx_word' id='word_1_167' title='bbox 859 1650 934 1705; x_wconf 87' lang='lat' dir='ltr'>erat.</span> <span class='ocrx_word' id='word_1_168' title='bbox 951 1647 1006 1705; x_wconf 88' lang='lat' dir='ltr'>Est</span> <span class='ocrx_word' id='word_1_169' title='bbox 1027 1652 1132 1707; x_wconf 89' lang='lat' dir='ltr'>autem</span> <span class='ocrx_word' id='word_1_170' title='bbox 1146 1647 1231 1722; x_wconf 88' lang='lat' dir='ltr'>duci,</span> <span class='ocrx_word' id='word_1_171' title='bbox 1261 1665 1296 1706; x_wconf 91' lang='lat' dir='ltr'>ae</span> <span class='ocrx_word' id='word_1_172' title='bbox 1310 1645 1441 1729; x_wconf 90' lang='lat' dir='ltr'>principi</span> <span class='ocrx_word' id='word_1_173' title='bbox 1467 1649 1627 1705; x_wconf 89' lang='lat' dir='ltr'>consenta-</span> 
     </span>
     <span class='ocr_line' id='line_1_15' title="bbox 65 1736 1627 1818; baseline 0.001 -23"><span class='ocrx_word' id='word_1_174' title='bbox 65 1741 109 1795; x_wconf 87' lang='lat' dir='ltr'>etc.</span> <span class='ocrx_word' id='word_1_175' title='bbox 119 1736 172 1794; x_wconf 81' lang='lat' dir='ltr'>Cur</span> <span class='ocrx_word' id='word_1_176' title='bbox 185 1754 260 1814; x_wconf 86' lang='lat' dir='ltr'>ergo</span> <span class='ocrx_word' id='word_1_177' title='bbox 274 1742 307 1797; x_wconf 91' lang='lat' dir='ltr'>et</span> <span class='ocrx_word' id='word_1_178' title='bbox 320 1737 432 1813; x_wconf 77' lang='lat' dir='ltr'>Adam,</span> <span class='ocrx_word' id='word_1_179' title='bbox 448 1739 561 1804; x_wconf 85' lang='lat' dir='ltr'>etEva.</span> <span class='ocrx_word' id='word_1_180' title='bbox 578 1737 604 1797; x_wconf 92' lang='lat' dir='ltr'>si</span> <span class='ocrx_word' id='word_1_181' title='bbox 610 1737 694 1816; x_wconf 85' lang='lat' dir='ltr'>juste</span> <span class='ocrx_word' id='word_1_182' title='bbox 704 1737 808 1798; x_wconf 77' lang='lat' dir='ltr'>niven·</span> <span class='ocrx_word' id='word_1_183' title='bbox 857 1754 965 1810; x_wconf 90' lang='lat' dir='ltr'>neum,</span> <span class='ocrx_word' id='word_1_184' title='bbox 981 1739 1148 1818; x_wconf 88' lang='lat' dir='ltr'>unicuique</span> <span class='ocrx_word' id='word_1_185' title='bbox 1162 1739 1370 1817; x_wconf 73' lang='lat' dir='ltr'>subJectorum</span> <span class='ocrx_word' id='word_1_186' title='bbox 1393 1737 1452 1798; x_wconf 89' lang='lat' dir='ltr'>sibi</span> <span class='ocrx_word' id='word_1_187' title='bbox 1464 1736 1627 1816; x_wconf 88' lang='lat' dir='ltr'>proprium</span> 
     </span>
     <span class='ocr_line' id='line_1_16' title="bbox 64 1827 1626 1910; baseline 0.001 -23"><span class='ocrx_word' id='word_1_188' title='bbox 64 1832 100 1886; x_wconf 82' lang='lat' dir='ltr'>ta</span> <span class='ocrx_word' id='word_1_189' title='bbox 110 1835 179 1888; x_wconf 81' lang='lat' dir='ltr'>caste</span> <span class='ocrx_word' id='word_1_190' title='bbox 204 1827 286 1889; x_wconf 90' lang='lat' dir='ltr'>filios</span> <span class='ocrx_word' id='word_1_191' title='bbox 299 1834 522 1909; x_wconf 79' lang='lat' dir='ltr'>procreassent,</span> <span class='ocrx_word' id='word_1_192' title='bbox 547 1847 612 1890; x_wconf 91' lang='lat' dir='ltr'>non</span> <span class='ocrx_word' id='word_1_193' title='bbox 625 1830 670 1890; x_wconf 90' lang='lat' dir='ltr'>eis</span> <span class='ocrx_word' id='word_1_194' title='bbox 683 1835 809 1908; x_wconf 88' lang='lat' dir='ltr'>possent</span> <span class='ocrx_word' id='word_1_195' title='bbox 858 1846 973 1890; x_wconf 88' lang='lat' dir='ltr'>nomen</span> <span class='ocrx_word' id='word_1_196' title='bbox 986 1831 1142 1910; x_wconf 84' lang='lat' dir='ltr'>assignare</span> <span class='ocrx_word' id='word_1_197' title='bbox 1154 1841 1178 1892; x_wconf 56' lang='grc' dir='ltr'>α.</span> <span class='ocrx_word' id='word_1_198' title='bbox 1195 1852 1210 1890; x_wconf 82' lang='grc' dir='ltr'>ι)</span> <span class='ocrx_word' id='word_1_199' title='bbox 1238 1831 1334 1891; x_wconf 88' lang='lat' dir='ltr'>Paulo</span> <span class='ocrx_word' id='word_1_200' title='bbox 1348 1836 1417 1910; x_wconf 90' lang='lat' dir='ltr'>post</span> <span class='ocrx_word' id='word_1_201' title='bbox 1430 1831 1516 1904; x_wconf 86' lang='lat' dir='ltr'>item,</span> <span class='ocrx_word' id='word_1_202' title='bbox 1538 1850 1550 1884; x_wconf 84' lang='grc' dir='ltr'>ι</span> <span class='ocrx_word' id='word_1_203' title='bbox 1566 1830 1626 1888; x_wconf 90' lang='lat' dir='ltr'>Pe·</span> 
     </span>
     <span class='ocr_line' id='line_1_17' title="bbox 66 1920 1626 2003; baseline -0.001 -24"><span class='ocrx_word' id='word_1_204' title='bbox 66 1920 256 1995; x_wconf 82' lang='lat' dir='ltr'>translatione,</span> <span class='ocrx_word' id='word_1_205' title='bbox 286 1939 352 1981; x_wconf 92' lang='lat' dir='ltr'>non</span> <span class='ocrx_word' id='word_1_206' title='bbox 376 1926 477 1981; x_wconf 87' lang='lat' dir='ltr'>morte</span> <span class='ocrx_word' id='word_1_207' title='bbox 504 1921 736 1982; x_wconf 83' lang='lat' dir='ltr'>succedentibus</span> <span class='ocrx_word' id='word_1_208' title='bbox 763 1940 809 1982; x_wconf 90' lang='lat' dir='ltr'>cc·</span> <span class='ocrx_word' id='word_1_209' title='bbox 858 1920 1184 2003; x_wconf 87' lang='lat' dir='ltr'>riclitabatur,inquit,</span> <span class='ocrx_word' id='word_1_210' title='bbox 1200 1923 1328 2002; x_wconf 89' lang='lat' dir='ltr'>ipsum,</span> <span class='ocrx_word' id='word_1_211' title='bbox 1352 1935 1388 1982; x_wconf 87' lang='lat' dir='ltr'>ut</span> <span class='ocrx_word' id='word_1_212' title='bbox 1401 1921 1478 1982; x_wconf 89' lang='lat' dir='ltr'>solet</span> <span class='ocrx_word' id='word_1_213' title='bbox 1492 1920 1626 1999; x_wconf 88' lang='lat' dir='ltr'>discipu-</span> 
     </span>
     <span class='ocr_line' id='line_1_18' title="bbox 64 2004 1628 2096; baseline 0.002 -27"><span class='ocrx_word' id='word_1_214' title='bbox 64 2010 166 2071; x_wconf 75' lang='lat' dir='ltr'>dent»</span> <span class='ocrx_word' id='word_1_215' title='bbox 180 2014 256 2086; x_wconf 82' lang='lat' dir='ltr'>Quae</span> <span class='ocrx_word' id='word_1_216' title='bbox 270 2014 422 2092; x_wconf 86' lang='lat' dir='ltr'>posterior</span> <span class='ocrx_word' id='word_1_217' title='bbox 435 2014 541 2093; x_wconf 89' lang='lat' dir='ltr'>opinio</span> <span class='ocrx_word' id='word_1_218' title='bbox 554 2014 753 2092; x_wconf 88' lang='lat' dir='ltr'>probabilior,</span> <span class='ocrx_word' id='word_1_219' title='bbox 773 2020 809 2074; x_wconf 89' lang='lat' dir='ltr'>ut</span> <span class='ocrx_word' id='word_1_220' title='bbox 858 2013 925 2073; x_wconf 92' lang='lat' dir='ltr'>lum</span> <span class='ocrx_word' id='word_1_221' title='bbox 951 2013 1167 2092; x_wconf 72' lang='lat' dir='ltr'>magisterl.»</span> <span class='ocrx_word' id='word_1_222' title='bbox 1199 2004 1284 2096; x_wconf 83' lang='lat' dir='ltr'>(nam</span> <span class='ocrx_word' id='word_1_223' title='bbox 1310 2023 1435 2094; x_wconf 62' lang='grc' dir='ltr'>γνώριμος</span> <span class='ocrx_word' id='word_1_224' title='bbox 1459 2013 1541 2073; x_wconf 89' lang='lat' dir='ltr'>inter</span> <span class='ocrx_word' id='word_1_225' title='bbox 1568 2012 1628 2072; x_wconf 88' lang='lat' dir='ltr'>alia</span> 
     </span>
     <span class='ocr_line' id='line_1_19' title="bbox 65 2104 1627 2187; baseline 0.001 -25"><span class='ocrx_word' id='word_1_226' title='bbox 65 2108 216 2177; x_wconf 66' lang='lat' dir='ltr'>estrerera</span> <span class='ocrx_word' id='word_1_227' title='bbox 226 2105 272 2164; x_wconf 87' lang='lat' dir='ltr'>ita</span> <span class='ocrx_word' id='word_1_228' title='bbox 285 2106 350 2165; x_wconf 87' lang='lat' dir='ltr'>visa</span> <span class='ocrx_word' id='word_1_229' title='bbox 363 2105 566 2184; x_wconf 86' lang='lat' dir='ltr'>esttheologis</span> <span class='ocrx_word' id='word_1_230' title='bbox 574 2106 806 2181; x_wconf 88' lang='lat' dir='ltr'>recentioribus,</span> <span class='ocrx_word' id='word_1_231' title='bbox 860 2112 980 2186; x_wconf 63' lang='grc' dir='ltr'>μαθητὴν,</span> <span class='ocrx_word' id='word_1_232' title='bbox 997 2106 1029 2166; x_wconf 94' lang='lat' dir='ltr'>id</span> <span class='ocrx_word' id='word_1_233' title='bbox 1056 2112 1100 2167; x_wconf 90' lang='lat' dir='ltr'>est</span> <span class='ocrx_word' id='word_1_234' title='bbox 1110 2105 1291 2187; x_wconf 80' lang='lat' dir='ltr'>discipulum</span> <span class='ocrx_word' id='word_1_235' title='bbox 1305 2106 1467 2184; x_wconf 79' lang='lat' dir='ltr'>significat,</span> <span class='ocrx_word' id='word_1_236' title='bbox 1483 2110 1519 2164; x_wconf 90' lang='lat' dir='ltr'>ut</span> <span class='ocrx_word' id='word_1_237' title='bbox 1532 2110 1579 2164; x_wconf 92' lang='lat' dir='ltr'>est</span> <span class='ocrx_word' id='word_1_238' title='bbox 1591 2104 1627 2164; x_wconf 92' lang='lat' dir='ltr'>in</span> 
     </span>
     <span class='ocr_line' id='line_1_20' title="bbox 65 2188 1628 2278; baseline 0.003 -26"><span class='ocrx_word' id='word_1_239' title='bbox 65 2198 92 2252; x_wconf 88' lang='lat' dir='ltr'>ut</span> <span class='ocrx_word' id='word_1_240' title='bbox 103 2193 172 2254; x_wconf 88' lang='lat' dir='ltr'>inter</span> <span class='ocrx_word' id='word_1_241' title='bbox 184 2195 262 2255; x_wconf 87' lang='lat' dir='ltr'>alios</span> <span class='ocrx_word' id='word_1_242' title='bbox 289 2196 533 2258; x_wconf 82' lang='lat' dir='ltr'>Beneventurae¹</span> <span class='ocrx_word' id='word_1_243' title='bbox 548 2216 584 2258; x_wconf 83' lang='lat' dir='ltr'>ac</span> <span class='ocrx_word' id='word_1_244' title='bbox 599 2197 713 2259; x_wconf 71' lang='lat' dir='ltr'>Scoto&#39;,</span> <span class='ocrx_word' id='word_1_245' title='bbox 729 2199 807 2259; x_wconf 87' lang='lat' dir='ltr'>Nam</span> <span class='ocrx_word' id='word_1_246' title='bbox 860 2188 1628 2278; x_wconf 76' lang='lat' dir='ltr'>cyrilli,etHesychiidictionariis).Tantamenim</span> 
     </span>
     <span class='ocr_line' id='line_1_21' title="bbox 65 2285 1627 2369; baseline 0 -22"><span class='ocrx_word' id='word_1_247' title='bbox 65 2285 185 2363; x_wconf 74' lang='lat' dir='ltr'>Magister</span> <span class='ocrx_word' id='word_1_248' title='bbox 196 2288 432 2349; x_wconf 88' lang='lat' dir='ltr'>Sententiarum</span> <span class='ocrx_word' id='word_1_249' title='bbox 444 2307 511 2350; x_wconf 92' lang='lat' dir='ltr'>rem</span> <span class='ocrx_word' id='word_1_250' title='bbox 520 2290 553 2349; x_wconf 90' lang='lat' dir='ltr'>in</span> <span class='ocrx_word' id='word_1_251' title='bbox 562 2289 657 2350; x_wconf 90' lang='lat' dir='ltr'>dubio</span> <span class='ocrx_word' id='word_1_252' title='bbox 671 2289 806 2369; x_wconf 89' lang='lat' dir='ltr'>reliquit;</span> <span class='ocrx_word' id='word_1_253' title='bbox 860 2288 893 2349; x_wconf 90' lang='lat' dir='ltr'>in</span> <span class='ocrx_word' id='word_1_254' title='bbox 904 2289 1023 2351; x_wconf 80' lang='lat' dir='ltr'>Adamo</span> <span class='ocrx_word' id='word_1_255' title='bbox 1036 2290 1128 2351; x_wconf 83' lang='lat' dir='ltr'>fuisse</span> <span class='ocrx_word' id='word_1_256' title='bbox 1142 2292 1206 2351; x_wconf 86' lang='lat' dir='ltr'>vim</span> <span class='ocrx_word' id='word_1_257' title='bbox 1229 2291 1274 2349; x_wconf 90' lang='lat' dir='ltr'>ait</span> <span class='ocrx_word' id='word_1_258' title='bbox 1288 2289 1458 2369; x_wconf 80' lang='lat' dir='ltr'>sapientire,</span> <span class='ocrx_word' id='word_1_259' title='bbox 1473 2293 1627 2348; x_wconf 85' lang='lat' dir='ltr'>utrorum</span> 
     </span>
     <span class='ocr_line' id='line_1_22' title="bbox 64 2379 1627 2460; baseline 0.001 -22"><span class='ocrx_word' id='word_1_260' title='bbox 64 2379 306 2455; x_wconf 79' lang='lat' dir='ltr'>quemadmodum</span> <span class='ocrx_word' id='word_1_261' title='bbox 315 2380 624 2460; x_wconf 83' lang='lat' dir='ltr'>alianonnulla,quae</span> <span class='ocrx_word' id='word_1_262' title='bbox 638 2382 678 2442; x_wconf 90' lang='lat' dir='ltr'>ad</span> <span class='ocrx_word' id='word_1_263' title='bbox 691 2387 806 2460; x_wconf 88' lang='lat' dir='ltr'>ortum,</span> <span class='ocrx_word' id='word_1_264' title='bbox 860 2381 1003 2441; x_wconf 88' lang='lat' dir='ltr'>omnium</span> <span class='ocrx_word' id='word_1_265' title='bbox 1028 2388 1178 2459; x_wconf 87' lang='lat' dir='ltr'>naturas,</span> <span class='ocrx_word' id='word_1_266' title='bbox 1209 2387 1240 2442; x_wconf 94' lang='lat' dir='ltr'>et</span> <span class='ocrx_word' id='word_1_267' title='bbox 1266 2381 1467 2460; x_wconf 84' lang='lat' dir='ltr'>proprietates</span> <span class='ocrx_word' id='word_1_268' title='bbox 1495 2379 1627 2456; x_wconf 84' lang='lat' dir='ltr'>perfecta</span> 
     </span>
     <span class='ocr_line' id='line_1_23' title="bbox 65 2471 1627 2553; baseline 0.002 -24"><span class='ocrx_word' id='word_1_269' title='bbox 65 2471 290 2532; x_wconf 88' lang='lat' dir='ltr'>etconditionem</span> <span class='ocrx_word' id='word_1_270' title='bbox 303 2473 499 2534; x_wconf 87' lang='lat' dir='ltr'>nascentium</span> <span class='ocrx_word' id='word_1_271' title='bbox 522 2473 723 2553; x_wconf 84' lang='lat' dir='ltr'>parvulorum</span> <span class='ocrx_word' id='word_1_272' title='bbox 737 2474 808 2535; x_wconf 85' lang='lat' dir='ltr'>atti-</span> <span class='ocrx_word' id='word_1_273' title='bbox 859 2474 1151 2552; x_wconf 90' lang='lat' dir='ltr'>comprehenderet,</span> <span class='ocrx_word' id='word_1_274' title='bbox 1175 2474 1307 2553; x_wconf 90' lang='lat' dir='ltr'>ideoque</span> <span class='ocrx_word' id='word_1_275' title='bbox 1328 2477 1533 2551; x_wconf 84' lang='lat' dir='ltr'>congruentes</span> <span class='ocrx_word' id='word_1_276' title='bbox 1559 2490 1627 2532; x_wconf 85' lang='lat' dir='ltr'>ma·</span> 
     </span>
     <span class='ocr_line' id='line_1_24' title="bbox 64 2562 1626 2646; baseline 0.004 -28"><span class='ocrx_word' id='word_1_277' title='bbox 64 2565 137 2633; x_wconf 83' lang='lat' dir='ltr'>aent3</span> <span class='ocrx_word' id='word_1_278' title='bbox 156 2578 218 2638; x_wconf 89' lang='lat' dir='ltr'>qua</span> <span class='ocrx_word' id='word_1_279' title='bbox 226 2564 345 2621; x_wconf 79' lang='lat' dir='ltr'>statura</span> <span class='ocrx_word' id='word_1_280' title='bbox 359 2562 512 2640; x_wconf 89' lang='lat' dir='ltr'>corporis,</span> <span class='ocrx_word' id='word_1_281' title='bbox 535 2562 809 2643; x_wconf 89' lang='lat' dir='ltr'>membrorumque</span> <span class='ocrx_word' id='word_1_282' title='bbox 859 2564 943 2626; x_wconf 83' lang='lat' dir='ltr'>xime</span> <span class='ocrx_word' id='word_1_283' title='bbox 957 2566 1104 2628; x_wconf 90' lang='lat' dir='ltr'>omnibus</span> <span class='ocrx_word' id='word_1_284' title='bbox 1115 2566 1338 2646; x_wconf 87' lang='lat' dir='ltr'>appellationes</span> <span class='ocrx_word' id='word_1_285' title='bbox 1350 2564 1519 2640; x_wconf 90' lang='lat' dir='ltr'>tribueret;</span> <span class='ocrx_word' id='word_1_286' title='bbox 1544 2565 1626 2643; x_wconf 90' lang='lat' dir='ltr'>quod</span> 
     </span>
     <span class='ocr_line' id='line_1_25' title="bbox 64 2651 1627 2737; baseline 0.004 -25"><span class='ocrx_word' id='word_1_287' title='bbox 64 2651 234 2727; x_wconf 75' lang='lat' dir='ltr'>qualtetein</span> <span class='ocrx_word' id='word_1_288' title='bbox 260 2653 364 2714; x_wconf 92' lang='lat' dir='ltr'>lucem</span> <span class='ocrx_word' id='word_1_289' title='bbox 378 2654 491 2714; x_wconf 85' lang='lat' dir='ltr'>exituri</span> <span class='ocrx_word' id='word_1_290' title='bbox 504 2653 634 2730; x_wconf 81' lang='lat' dir='ltr'>fuerint3</span> <span class='ocrx_word' id='word_1_291' title='bbox 650 2660 682 2716; x_wconf 91' lang='lat' dir='ltr'>et</span> <span class='ocrx_word' id='word_1_292' title='bbox 703 2660 810 2717; x_wconf 90' lang='lat' dir='ltr'>utrum</span> <span class='ocrx_word' id='word_1_293' title='bbox 859 2657 952 2718; x_wconf 90' lang='lat' dir='ltr'>unius</span> <span class='ocrx_word' id='word_1_294' title='bbox 993 2676 1058 2719; x_wconf 92' lang='lat' dir='ltr'>esse</span> <span class='ocrx_word' id='word_1_295' title='bbox 1099 2658 1245 2737; x_wconf 88' lang='lat' dir='ltr'>sapientis</span> <span class='ocrx_word' id='word_1_296' title='bbox 1283 2658 1354 2737; x_wconf 81' lang='lat' dir='ltr'>jure</span> <span class='ocrx_word' id='word_1_297' title='bbox 1381 2654 1546 2737; x_wconf 89' lang='lat' dir='ltr'>perbibent</span> <span class='ocrx_word' id='word_1_298' title='bbox 1579 2675 1627 2718; x_wconf 86' lang='lat' dir='ltr'>sa-</span> 
     </span>
     <span class='ocr_line' id='line_1_26' title="bbox 63 2743 1000 2829; baseline 0.009 -27"><span class='ocrx_word' id='word_1_299' title='bbox 63 2743 169 2803; x_wconf 85' lang='lat' dir='ltr'>rationis</span> <span class='ocrx_word' id='word_1_300' title='bbox 179 2751 294 2819; x_wconf 86' lang='lat' dir='ltr'>essent,</span> <span class='ocrx_word' id='word_1_301' title='bbox 319 2763 355 2805; x_wconf 89' lang='lat' dir='ltr'>ac</span> <span class='ocrx_word' id='word_1_302' title='bbox 365 2745 474 2822; x_wconf 90' lang='lat' dir='ltr'>judicii</span> <span class='ocrx_word' id='word_1_303' title='bbox 488 2752 664 2824; x_wconf 83' lang='lat' dir='ltr'>compotes3</span> <span class='ocrx_word' id='word_1_304' title='bbox 682 2747 720 2808; x_wconf 89' lang='lat' dir='ltr'>dc</span> <span class='ocrx_word' id='word_1_305' title='bbox 738 2749 808 2827; x_wconf 91' lang='lat' dir='ltr'>qui-</span> <span class='ocrx_word' id='word_1_306' title='bbox 859 2748 1000 2829; x_wconf 79' lang='lat' dir='ltr'>pientes‘.</span> 
     </span>
     <span class='ocr_line' id='line_1_27' title="bbox 64 2833 1628 2922; baseline 0.004 -30"><span class='ocrx_word' id='word_1_307' title='bbox 64 2833 108 2893; x_wconf 87' lang='lat' dir='ltr'>hm</span> <span class='ocrx_word' id='word_1_308' title='bbox 117 2854 222 2915; x_wconf 82' lang='lat' dir='ltr'>anceps</span> <span class='ocrx_word' id='word_1_309' title='bbox 231 2835 290 2896; x_wconf 82' lang='lat' dir='ltr'>fuit</span> <span class='ocrx_word' id='word_1_310' title='bbox 303 2836 468 2916; x_wconf 84' lang='lat' dir='ltr'>Augustini</span> <span class='ocrx_word' id='word_1_311' title='bbox 477 2839 639 2899; x_wconf 84' lang='lat' dir='ltr'>sententia.</span> <span class='ocrx_word' id='word_1_312' title='bbox 651 2840 713 2900; x_wconf 90' lang='lat' dir='ltr'>Nec</span> <span class='ocrx_word' id='word_1_313' title='bbox 726 2842 809 2903; x_wconf 90' lang='lat' dir='ltr'>mul·</span> <span class='ocrx_word' id='word_1_314' title='bbox 898 2843 951 2903; x_wconf 87' lang='lat' dir='ltr'>Vl.</span> <span class='ocrx_word' id='word_1_315' title='bbox 978 2843 1044 2903; x_wconf 90' lang='lat' dir='ltr'>Hoc</span> <span class='ocrx_word' id='word_1_316' title='bbox 1063 2843 1167 2922; x_wconf 87' lang='lat' dir='ltr'>ipsum</span> <span class='ocrx_word' id='word_1_317' title='bbox 1186 2841 1378 2903; x_wconf 89' lang='lat' dir='ltr'>admirabilis</span> <span class='ocrx_word' id='word_1_318' title='bbox 1404 2841 1566 2919; x_wconf 91' lang='lat' dir='ltr'>cujusdam</span> <span class='ocrx_word' id='word_1_319' title='bbox 1594 2839 1628 2899; x_wconf 88' lang='lat' dir='ltr'>in</span> 
     </span>
     <span class='ocr_line' id='line_1_28' title="bbox 63 2928 1627 3013; baseline 0.003 -27"><span class='ocrx_word' id='word_1_320' title='bbox 63 2932 117 2985; x_wconf 88' lang='lat' dir='ltr'>tum</span> <span class='ocrx_word' id='word_1_321' title='bbox 127 2928 250 2989; x_wconf 86' lang='lat' dir='ltr'>interest</span> <span class='ocrx_word' id='word_1_322' title='bbox 263 2946 301 2989; x_wconf 87' lang='lat' dir='ltr'>ea</span> <span class='ocrx_word' id='word_1_323' title='bbox 312 2929 401 3004; x_wconf 86' lang='lat' dir='ltr'>scire,</span> <span class='ocrx_word' id='word_1_324' title='bbox 416 2930 467 2990; x_wconf 82' lang='lat' dir='ltr'>vel</span> <span class='ocrx_word' id='word_1_325' title='bbox 488 2930 643 3010; x_wconf 85' lang='lat' dir='ltr'>ignorare,</span> <span class='ocrx_word' id='word_1_326' title='bbox 660 2935 694 2990; x_wconf 91' lang='lat' dir='ltr'>ut</span> <span class='ocrx_word' id='word_1_327' title='bbox 707 2938 738 2992; x_wconf 90' lang='lat' dir='ltr'>et</span> <span class='ocrx_word' id='word_1_328' title='bbox 751 2933 810 2993; x_wconf 83' lang='lat' dir='ltr'>alia</span> <span class='ocrx_word' id='word_1_329' title='bbox 858 2933 977 2995; x_wconf 79' lang='lat' dir='ltr'>Adamo</span> <span class='ocrx_word' id='word_1_330' title='bbox 989 2936 1147 3013; x_wconf 75' lang='lat' dir='ltr'>sapientia</span> <span class='ocrx_word' id='word_1_331' title='bbox 1159 2935 1317 3013; x_wconf 89' lang='lat' dir='ltr'>specimen</span> <span class='ocrx_word' id='word_1_332' title='bbox 1330 2932 1476 3012; x_wconf 75' lang='lat' dir='ltr'>praedicat</span> <span class='ocrx_word' id='word_1_333' title='bbox 1489 2933 1508 2992; x_wconf 87' lang='lat' dir='ltr'>J</span> <span class='ocrx_word' id='word_1_334' title='bbox 1510 2949 1627 2991; x_wconf 87' lang='lat' dir='ltr'>oannes</span> 
     </span>
     <span class='ocr_line' id='line_1_29' title="bbox 62 3020 1625 3106; baseline 0.001 -26"><span class='ocrx_word' id='word_1_335' title='bbox 62 3020 378 3098; x_wconf 78' lang='lat' dir='ltr'>quedamistiusmodi,</span> <span class='ocrx_word' id='word_1_336' title='bbox 387 3040 522 3101; x_wconf 90' lang='lat' dir='ltr'>quorum</span> <span class='ocrx_word' id='word_1_337' title='bbox 534 3024 658 3084; x_wconf 91' lang='lat' dir='ltr'>nullum</span> <span class='ocrx_word' id='word_1_338' title='bbox 669 3024 810 3105; x_wconf 86' lang='lat' dir='ltr'>inScrip-</span> <span class='ocrx_word' id='word_1_339' title='bbox 859 3026 1171 3106; x_wconf 80' lang='lat' dir='ltr'>Chrysostomus3sed</span> <span class='ocrx_word' id='word_1_340' title='bbox 1185 3031 1216 3087; x_wconf 89' lang='lat' dir='ltr'>et</span> <span class='ocrx_word' id='word_1_341' title='bbox 1228 3026 1357 3086; x_wconf 83' lang='lat' dir='ltr'>alteram</span> <span class='ocrx_word' id='word_1_342' title='bbox 1371 3040 1496 3085; x_wconf 83' lang='lat' dir='ltr'>eausam</span> <span class='ocrx_word' id='word_1_343' title='bbox 1510 3022 1625 3101; x_wconf 89' lang='lat' dir='ltr'>adjicit,</span> 
     </span>
     <span class='ocr_line' id='line_1_30' title="bbox 62 3112 1629 3194; baseline 0.004 -24"><span class='ocrx_word' id='word_1_344' title='bbox 62 3114 116 3170; x_wconf 81' lang='lat' dir='ltr'>trra</span> <span class='ocrx_word' id='word_1_345' title='bbox 126 3112 289 3192; x_wconf 82' lang='lat' dir='ltr'>vestigium</span> <span class='ocrx_word' id='word_1_346' title='bbox 311 3119 449 3193; x_wconf 86' lang='lat' dir='ltr'>apparet,</span> <span class='ocrx_word' id='word_1_347' title='bbox 467 3116 521 3176; x_wconf 86' lang='lat' dir='ltr'>sed</span> <span class='ocrx_word' id='word_1_348' title='bbox 546 3115 611 3177; x_wconf 84' lang='lat' dir='ltr'>sola</span> <span class='ocrx_word' id='word_1_349' title='bbox 630 3116 668 3176; x_wconf 93' lang='lat' dir='ltr'>de</span> <span class='ocrx_word' id='word_1_350' title='bbox 688 3117 725 3177; x_wconf 91' lang='lat' dir='ltr'>iis</span> <span class='ocrx_word' id='word_1_351' title='bbox 738 3136 811 3178; x_wconf 90' lang='lat' dir='ltr'>eon·</span> <span class='ocrx_word' id='word_1_352' title='bbox 859 3117 1035 3179; x_wconf 86' lang='lat' dir='ltr'>dominatus</span> <span class='ocrx_word' id='word_1_353' title='bbox 1061 3118 1096 3177; x_wconf 92' lang='lat' dir='ltr'>in</span> <span class='ocrx_word' id='word_1_354' title='bbox 1118 3118 1290 3179; x_wconf 87' lang='lat' dir='ltr'>animantia</span> <span class='ocrx_word' id='word_1_355' title='bbox 1312 3123 1432 3191; x_wconf 73' lang='lat' dir='ltr'>caetera,</span> <span class='ocrx_word' id='word_1_356' title='bbox 1452 3116 1567 3194; x_wconf 78' lang='lat' dir='ltr'>cctijus</span> <span class='ocrx_word' id='word_1_357' title='bbox 1581 3134 1629 3176; x_wconf 86' lang='lat' dir='ltr'>ar·</span> 
     </span>
     <span class='ocr_line' id='line_1_31' title="bbox 59 3204 1627 3289; baseline 0.002 -24"><span class='ocrx_word' id='word_1_358' title='bbox 59 3204 158 3279; x_wconf 77' lang='lat' dir='ltr'>jecbrra</span> <span class='ocrx_word' id='word_1_359' title='bbox 165 3205 315 3286; x_wconf 83' lang='lat' dir='ltr'>suppetit,</span> <span class='ocrx_word' id='word_1_360' title='bbox 331 3206 381 3266; x_wconf 88' lang='lat' dir='ltr'>cui</span> <span class='ocrx_word' id='word_1_361' title='bbox 406 3225 470 3267; x_wconf 89' lang='lat' dir='ltr'>non</span> <span class='ocrx_word' id='word_1_362' title='bbox 485 3209 591 3270; x_wconf 87' lang='lat' dir='ltr'>omnia</span> <span class='ocrx_word' id='word_1_363' title='bbox 604 3210 811 3287; x_wconf 87' lang='lat' dir='ltr'>permittenda</span> <span class='ocrx_word' id='word_1_364' title='bbox 859 3216 1047 3289; x_wconf 89' lang='lat' dir='ltr'>gumentum</span> <span class='ocrx_word' id='word_1_365' title='bbox 1056 3210 1090 3270; x_wconf 92' lang='lat' dir='ltr'>in</span> <span class='ocrx_word' id='word_1_366' title='bbox 1101 3210 1153 3270; x_wconf 85' lang='lat' dir='ltr'>ills</span> <span class='ocrx_word' id='word_1_367' title='bbox 1162 3210 1328 3270; x_wconf 88' lang='lat' dir='ltr'>nominum</span> <span class='ocrx_word' id='word_1_368' title='bbox 1338 3208 1532 3289; x_wconf 88' lang='lat' dir='ltr'>impositione</span> <span class='ocrx_word' id='word_1_369' title='bbox 1546 3227 1627 3287; x_wconf 83' lang='lat' dir='ltr'>prae-</span> 
     </span>
     <span class='ocr_line' id='line_1_32' title="bbox 61 3297 1626 3375; baseline 0.004 -21"><span class='ocrx_word' id='word_1_370' title='bbox 61 3302 127 3372; x_wconf 88' lang='lat' dir='ltr'>suut,</span> <span class='ocrx_word' id='word_1_371' title='bbox 140 3316 177 3357; x_wconf 91' lang='lat' dir='ltr'>ne</span> <span class='ocrx_word' id='word_1_372' title='bbox 189 3299 228 3359; x_wconf 91' lang='lat' dir='ltr'>in</span> <span class='ocrx_word' id='word_1_373' title='bbox 240 3297 400 3358; x_wconf 87' lang='lat' dir='ltr'>infinitum</span> <span class='ocrx_word' id='word_1_374' title='bbox 411 3305 510 3375; x_wconf 85' lang='lat' dir='ltr'>exeat,</span> <span class='ocrx_word' id='word_1_375' title='bbox 524 3305 555 3360; x_wconf 92' lang='lat' dir='ltr'>et</span> <span class='ocrx_word' id='word_1_376' title='bbox 567 3300 601 3359; x_wconf 92' lang='lat' dir='ltr'>in</span> <span class='ocrx_word' id='word_1_377' title='bbox 619 3318 730 3362; x_wconf 88' lang='lat' dir='ltr'>rerum</span> <span class='ocrx_word' id='word_1_378' title='bbox 739 3302 811 3363; x_wconf 91' lang='lat' dir='ltr'>inu-</span> <span class='ocrx_word' id='word_1_379' title='bbox 859 3302 938 3363; x_wconf 91' lang='lat' dir='ltr'>buit.</span> <span class='ocrx_word' id='word_1_380' title='bbox 954 3303 1033 3362; x_wconf 87' lang='lat' dir='ltr'>Nam</span> <span class='ocrx_word' id='word_1_381' title='bbox 1060 3307 1091 3362; x_wconf 92' lang='lat' dir='ltr'>et</span> <span class='ocrx_word' id='word_1_382' title='bbox 1108 3301 1288 3362; x_wconf 89' lang='lat' dir='ltr'>hominibus</span> <span class='ocrx_word' id='word_1_383' title='bbox 1308 3301 1457 3361; x_wconf 88' lang='lat' dir='ltr'>usitatum</span> <span class='ocrx_word' id='word_1_384' title='bbox 1480 3301 1557 3360; x_wconf 91' lang='lat' dir='ltr'>illud</span> <span class='ocrx_word' id='word_1_385' title='bbox 1570 3306 1626 3375; x_wconf 89' lang='lat' dir='ltr'>est,</span> 
     </span>
     <span class='ocr_line' id='line_1_33' title="bbox 61 3386 1629 3471; baseline 0.004 -24"><span class='ocrx_word' id='word_1_386' title='bbox 61 3386 189 3450; x_wconf 81' lang='lat' dir='ltr'>iliumac</span> <span class='ocrx_word' id='word_1_387' title='bbox 202 3408 505 3469; x_wconf 80' lang='lat' dir='ltr'>supervacaneamm</span> <span class='ocrx_word' id='word_1_388' title='bbox 527 3394 707 3455; x_wconf 85' lang='lat' dir='ltr'>tractatione</span> <span class='ocrx_word' id='word_1_389' title='bbox 721 3413 808 3457; x_wconf 90' lang='lat' dir='ltr'>men·</span> <span class='ocrx_word' id='word_1_390' title='bbox 860 3395 919 3456; x_wconf 88' lang='lat' dir='ltr'>hoc</span> <span class='ocrx_word' id='word_1_391' title='bbox 931 3394 979 3455; x_wconf 89' lang='lat' dir='ltr'>uti</span> <span class='ocrx_word' id='word_1_392' title='bbox 1003 3394 1092 3471; x_wconf 83' lang='lat' dir='ltr'>signo</span> <span class='ocrx_word' id='word_1_393' title='bbox 1106 3393 1342 3470; x_wconf 88' lang='lat' dir='ltr'>dominationis,</span> <span class='ocrx_word' id='word_1_394' title='bbox 1372 3400 1408 3454; x_wconf 88' lang='lat' dir='ltr'>ut</span> <span class='ocrx_word' id='word_1_395' title='bbox 1430 3411 1501 3454; x_wconf 89' lang='lat' dir='ltr'>eum</span> <span class='ocrx_word' id='word_1_396' title='bbox 1525 3411 1629 3453; x_wconf 85' lang='lat' dir='ltr'>servos</span> 
     </span>
     <span class='ocr_line' id='line_1_34' title="bbox 60 3482 1628 3563; baseline 0.005 -24"><span class='ocrx_word' id='word_1_397' title='bbox 60 3482 110 3539; x_wconf 80' lang='lat' dir='ltr'>tem</span> <span class='ocrx_word' id='word_1_398' title='bbox 120 3488 273 3556; x_wconf 89' lang='lat' dir='ltr'>nostram,</span> <span class='ocrx_word' id='word_1_399' title='bbox 289 3500 476 3562; x_wconf 83' lang='lat' dir='ltr'>operamque</span> <span class='ocrx_word' id='word_1_400' title='bbox 490 3483 636 3546; x_wconf 85' lang='lat' dir='ltr'>detineat.</span> <span class='ocrx_word' id='word_1_401' title='bbox 838 3528 842 3535; x_wconf 88' lang='lat'>-</span> <span class='ocrx_word' id='word_1_402' title='bbox 860 3488 1003 3563; x_wconf 90' lang='lat' dir='ltr'>emerint,</span> <span class='ocrx_word' id='word_1_403' title='bbox 1030 3503 1141 3546; x_wconf 92' lang='lat' dir='ltr'>eorum</span> <span class='ocrx_word' id='word_1_404' title='bbox 1153 3486 1282 3548; x_wconf 88' lang='lat' dir='ltr'>nomina</span> <span class='ocrx_word' id='word_1_405' title='bbox 1296 3491 1550 3546; x_wconf 61' lang='lat' dir='ltr'>commutante.»</span> <span class='ocrx_word' id='word_1_406' title='bbox 1572 3485 1628 3547; x_wconf 89' lang='lat' dir='ltr'>Se-</span> 
     </span>
     <span class='ocr_line' id='line_1_35' title="bbox 6 3572 1628 3656; baseline 0.002 -22"><span class='ocrx_word' id='word_1_407' title='bbox 6 3602 25 3653; x_wconf 33' lang='grc' dir='ltr'>ι,</span> <span class='ocrx_word' id='word_1_408' title='bbox 89 3572 120 3632; x_wconf 83' lang='lat' dir='ltr'>V.</span> <span class='ocrx_word' id='word_1_409' title='bbox 135 3576 212 3634; x_wconf 83' lang='lat' dir='ltr'>Cum</span> <span class='ocrx_word' id='word_1_410' title='bbox 225 3574 324 3653; x_wconf 80' lang='lat' dir='ltr'>igitur</span> <span class='ocrx_word' id='word_1_411' title='bbox 334 3575 454 3636; x_wconf 85' lang='lat' dir='ltr'>Adamo</span> <span class='ocrx_word' id='word_1_412' title='bbox 468 3577 548 3636; x_wconf 87' lang='lat' dir='ltr'>Deus</span> <span class='ocrx_word' id='word_1_413' title='bbox 562 3576 601 3637; x_wconf 89' lang='lat' dir='ltr'>ad</span> <span class='ocrx_word' id='word_1_414' title='bbox 622 3577 811 3656; x_wconf 89' lang='lat' dir='ltr'>gignendam</span> <span class='ocrx_word' id='word_1_415' title='bbox 859 3580 1005 3640; x_wconf 82' lang='lat' dir='ltr'>verianus</span> <span class='ocrx_word' id='word_1_416' title='bbox 1031 3578 1232 3638; x_wconf 81' lang='lat' dir='ltr'>Gabalitanus</span> <span class='ocrx_word' id='word_1_417' title='bbox 1265 3578 1359 3639; x_wconf 88' lang='lat' dir='ltr'>aliam</span> <span class='ocrx_word' id='word_1_418' title='bbox 1392 3577 1628 3638; x_wconf 84' lang='lat' dir='ltr'>similitudinem</span> 
     </span>
     <span class='ocr_line' id='line_1_36' title="bbox 6 3652 1626 3750; baseline 0.004 -29"><span class='ocrx_word' id='word_1_419' title='bbox 6 3652 43 3743; x_wconf 57' lang='grc' dir='ltr'>ἓξ</span> <span class='ocrx_word' id='word_1_420' title='bbox 60 3661 201 3737; x_wconf 62' lang='lat' dir='ltr'>etaient</span> <span class='ocrx_word' id='word_1_421' title='bbox 221 3671 413 3741; x_wconf 87' lang='lat' dir='ltr'>consortem,</span> <span class='ocrx_word' id='word_1_422' title='bbox 429 3671 460 3726; x_wconf 88' lang='lat' dir='ltr'>at</span> <span class='ocrx_word' id='word_1_423' title='bbox 473 3667 656 3746; x_wconf 86' lang='lat' dir='ltr'>adjutricem</span> <span class='ocrx_word' id='word_1_424' title='bbox 674 3670 809 3731; x_wconf 86' lang='lat' dir='ltr'>destine-</span> <span class='ocrx_word' id='word_1_425' title='bbox 860 3671 1016 3731; x_wconf 88' lang='lat' dir='ltr'>adhibete</span> <span class='ocrx_word' id='word_1_426' title='bbox 1030 3669 1297 3750; x_wconf 78' lang='lat' dir='ltr'>militiepetitam3</span> <span class='ocrx_word' id='word_1_427' title='bbox 1312 3671 1345 3730; x_wconf 89' lang='lat' dir='ltr'>in</span> <span class='ocrx_word' id='word_1_428' title='bbox 1359 3689 1422 3749; x_wconf 90' lang='lat' dir='ltr'>qua</span> <span class='ocrx_word' id='word_1_429' title='bbox 1441 3670 1557 3730; x_wconf 87' lang='lat' dir='ltr'>tirones</span> <span class='ocrx_word' id='word_1_430' title='bbox 1574 3668 1626 3728; x_wconf 84' lang='lat' dir='ltr'>ad-</span> 
     </span>
     <span class='ocr_line' id='line_1_37' title="bbox 6 3752 1625 3843; baseline 0.003 -29"><span class='ocrx_word' id='word_1_431' title='bbox 6 3752 29 3795; x_wconf 79' lang='lat' dir='ltr'>a</span> <span class='ocrx_word' id='word_1_432' title='bbox 60 3756 266 3834; x_wconf 85' lang='lat' dir='ltr'>retleminam,</span> <span class='ocrx_word' id='word_1_433' title='bbox 284 3758 423 3836; x_wconf 84' lang='lat' dir='ltr'>uthujus</span> <span class='ocrx_word' id='word_1_434' title='bbox 434 3758 584 3838; x_wconf 81' lang='lat' dir='ltr'>adjutorii</span> <span class='ocrx_word' id='word_1_435' title='bbox 592 3761 806 3822; x_wconf 87' lang='lat' dir='ltr'>necessitatem</span> <span class='ocrx_word' id='word_1_436' title='bbox 859 3763 1238 3843; x_wconf 89' lang='lat' dir='ltr'>seripliinnumerosnota</span> <span class='ocrx_word' id='word_1_437' title='bbox 1250 3763 1336 3841; x_wconf 86' lang='lat' dir='ltr'>regie</span> <span class='ocrx_word' id='word_1_438' title='bbox 1349 3761 1625 3841; x_wconf 88' lang='lat' dir='ltr'>compungi,inuri-</span> 
     </span>
     <span class='ocr_line' id='line_1_38' title="bbox 60 3844 1622 3935; baseline 0.003 -28"><span class='ocrx_word' id='word_1_439' title='bbox 60 3844 238 3928; x_wconf 85' lang='lat' dir='ltr'>intelligeret,</span> <span class='ocrx_word' id='word_1_440' title='bbox 255 3849 411 3911; x_wconf 90' lang='lat' dir='ltr'>recenseri</span> <span class='ocrx_word' id='word_1_441' title='bbox 424 3850 464 3910; x_wconf 86' lang='lat' dir='ltr'>ab</span> <span class='ocrx_word' id='word_1_442' title='bbox 477 3851 531 3911; x_wconf 89' lang='lat' dir='ltr'>illo</span> <span class='ocrx_word' id='word_1_443' title='bbox 554 3852 653 3912; x_wconf 90' lang='lat' dir='ltr'>voluit</span> <span class='ocrx_word' id='word_1_444' title='bbox 665 3852 808 3913; x_wconf 89' lang='lat' dir='ltr'>animan·</span> <span class='ocrx_word' id='word_1_445' title='bbox 859 3874 920 3935; x_wconf 88' lang='lat' dir='ltr'>que</span> <span class='ocrx_word' id='word_1_446' title='bbox 932 3855 1082 3931; x_wconf 88' lang='lat' dir='ltr'>solebant,</span> <span class='ocrx_word' id='word_1_447' title='bbox 1090 3855 1399 3933; x_wconf 85' lang='lat' dir='ltr'>utVegetius,aliique</span> <span class='ocrx_word' id='word_1_448' title='bbox 1408 3853 1622 3933; x_wconf 90' lang='lat' dir='ltr'>prodiderunt.</span> 
     </span>
     <span class='ocr_line' id='line_1_39' title="bbox 59 3938 1623 4025; baseline 0.001 -25"><span class='ocrx_word' id='word_1_449' title='bbox 59 3938 124 4000; x_wconf 86' lang='lat' dir='ltr'>tium</span> <span class='ocrx_word' id='word_1_450' title='bbox 142 3960 257 4020; x_wconf 87' lang='lat' dir='ltr'>genera</span> <span class='ocrx_word' id='word_1_451' title='bbox 272 3947 395 4018; x_wconf 83' lang='lat' dir='ltr'>cuncta,</span> <span class='ocrx_word' id='word_1_452' title='bbox 410 3947 441 4002; x_wconf 91' lang='lat' dir='ltr'>et</span> <span class='ocrx_word' id='word_1_453' title='bbox 466 3944 592 4022; x_wconf 87' lang='lat' dir='ltr'>propria</span> <span class='ocrx_word' id='word_1_454' title='bbox 606 3943 736 4022; x_wconf 88' lang='lat' dir='ltr'>singulis</span> <span class='ocrx_word' id='word_1_455' title='bbox 748 3945 808 4006; x_wconf 92' lang='lat' dir='ltr'>im·</span> <span class='ocrx_word' id='word_1_456' title='bbox 864 3949 932 4009; x_wconf 77' lang='lat' dir='ltr'>«Ut</span> <span class='ocrx_word' id='word_1_457' title='bbox 951 3948 977 4008; x_wconf 91' lang='lat' dir='ltr'>si</span> <span class='ocrx_word' id='word_1_458' title='bbox 1004 3947 1058 4025; x_wconf 91' lang='lat' dir='ltr'>qui</span> <span class='ocrx_word' id='word_1_459' title='bbox 1082 3947 1116 4006; x_wconf 92' lang='lat' dir='ltr'>in</span> <span class='ocrx_word' id='word_1_460' title='bbox 1130 3946 1273 4007; x_wconf 90' lang='lat' dir='ltr'>militiam</span> <span class='ocrx_word' id='word_1_461' title='bbox 1296 3945 1545 4017; x_wconf 85' lang='lat' dir='ltr'>conscribantur,</span> <span class='ocrx_word' id='word_1_462' title='bbox 1568 3943 1623 4018; x_wconf 88' lang='lat' dir='ltr'>ait,</span> 
     </span>
     <span class='ocr_line' id='line_1_40' title="bbox 58 4032 1626 4119; baseline 0.001 -28"><span class='ocrx_word' id='word_1_463' title='bbox 58 4032 119 4105; x_wconf 84' lang='lat' dir='ltr'>poni</span> <span class='ocrx_word' id='word_1_464' title='bbox 140 4034 304 4095; x_wconf 77' lang='lat' dir='ltr'>voeabula.</span> <span class='ocrx_word' id='word_1_465' title='bbox 331 4033 418 4093; x_wconf 86' lang='lat' dir='ltr'>Hanc</span> <span class='ocrx_word' id='word_1_466' title='bbox 448 4035 534 4094; x_wconf 91' lang='lat' dir='ltr'>enim</span> <span class='ocrx_word' id='word_1_467' title='bbox 567 4035 659 4095; x_wconf 89' lang='lat' dir='ltr'>fuisse</span> <span class='ocrx_word' id='word_1_468' title='bbox 683 4054 809 4097; x_wconf 83' lang='lat' dir='ltr'>eausam</span> <span class='ocrx_word' id='word_1_469' title='bbox 859 4040 946 4119; x_wconf 87' lang='lat' dir='ltr'>regio</span> <span class='ocrx_word' id='word_1_470' title='bbox 967 4038 1067 4116; x_wconf 85' lang='lat' dir='ltr'>sigillo</span> <span class='ocrx_word' id='word_1_471' title='bbox 1081 4043 1241 4098; x_wconf 85' lang='lat' dir='ltr'>notantur.</span> <span class='ocrx_word' id='word_1_472' title='bbox 1266 4038 1322 4112; x_wconf 89' lang='lat' dir='ltr'>lta,</span> <span class='ocrx_word' id='word_1_473' title='bbox 1338 4054 1410 4096; x_wconf 91' lang='lat' dir='ltr'>eum</span> <span class='ocrx_word' id='word_1_474' title='bbox 1423 4036 1469 4094; x_wconf 90' lang='lat' dir='ltr'>illi</span> <span class='ocrx_word' id='word_1_475' title='bbox 1484 4034 1626 4094; x_wconf 87' lang='lat' dir='ltr'>domina-</span> 
     </span>
     <span class='ocr_line' id='line_1_41' title="bbox 57 4120 1629 4205; baseline 0.002 -24"><span class='ocrx_word' id='word_1_476' title='bbox 57 4120 154 4184; x_wconf 85' lang='lat' dir='ltr'>indicat</span> <span class='ocrx_word' id='word_1_477' title='bbox 175 4125 350 4205; x_wconf 86' lang='lat' dir='ltr'>Scriptura,</span> <span class='ocrx_word' id='word_1_478' title='bbox 367 4144 423 4185; x_wconf 88' lang='lat' dir='ltr'>eur</span> <span class='ocrx_word' id='word_1_479' title='bbox 449 4127 487 4186; x_wconf 89' lang='lat' dir='ltr'>ad</span> <span class='ocrx_word' id='word_1_480' title='bbox 500 4127 637 4205; x_wconf 90' lang='lat' dir='ltr'>primum</span> <span class='ocrx_word' id='word_1_481' title='bbox 650 4127 811 4188; x_wconf 90' lang='lat' dir='ltr'>hominem</span> <span class='ocrx_word' id='word_1_482' title='bbox 859 4130 1032 4191; x_wconf 85' lang='lat' dir='ltr'>tumvellet</span> <span class='ocrx_word' id='word_1_483' title='bbox 1046 4129 1176 4197; x_wconf 87' lang='lat' dir='ltr'>tradere,</span> <span class='ocrx_word' id='word_1_484' title='bbox 1192 4128 1312 4189; x_wconf 81' lang='lat' dir='ltr'>fecitut</span> <span class='ocrx_word' id='word_1_485' title='bbox 1333 4127 1397 4205; x_wconf 91' lang='lat' dir='ltr'>ipse</span> <span class='ocrx_word' id='word_1_486' title='bbox 1420 4125 1629 4185; x_wconf 78' lang='lat' dir='ltr'>nomineten-</span> 
     </span>
     <span class='ocr_line' id='line_1_42' title="bbox 59 4215 1626 4302; baseline 0.004 -31"><span class='ocrx_word' id='word_1_487' title='bbox 59 4215 302 4278; x_wconf 82' lang='lat' dir='ltr'>terrenasomnes</span> <span class='ocrx_word' id='word_1_488' title='bbox 326 4217 515 4292; x_wconf 83' lang='lat' dir='ltr'>animantes,</span> <span class='ocrx_word' id='word_1_489' title='bbox 531 4219 716 4280; x_wconf 83' lang='lat' dir='ltr'>etvolucres</span> <span class='ocrx_word' id='word_1_490' title='bbox 731 4221 811 4280; x_wconf 88' lang='lat' dir='ltr'>Deus</span> <span class='ocrx_word' id='word_1_491' title='bbox 859 4240 955 4302; x_wconf 87' lang='lat' dir='ltr'>quam</span> <span class='ocrx_word' id='word_1_492' title='bbox 968 4222 1062 4282; x_wconf 86' lang='lat' dir='ltr'>herus</span> <span class='ocrx_word' id='word_1_493' title='bbox 1077 4219 1249 4299; x_wconf 90' lang='lat' dir='ltr'>imponeret</span> <span class='ocrx_word' id='word_1_494' title='bbox 1262 4218 1328 4279; x_wconf 70' lang='lat'>⁶¹.»</span> <span class='ocrx_word' id='word_1_495' title='bbox 1360 4219 1409 4279; x_wconf 89' lang='lat' dir='ltr'>Sic</span> <span class='ocrx_word' id='word_1_496' title='bbox 1436 4217 1535 4277; x_wconf 87' lang='lat' dir='ltr'>Moses</span> <span class='ocrx_word' id='word_1_497' title='bbox 1549 4218 1626 4277; x_wconf 86' lang='lat' dir='ltr'>Ber-</span> 
     </span>
     <span class='ocr_line' id='line_1_43' title="bbox 57 4305 1755 4393; baseline 0.003 -28"><span class='ocrx_word' id='word_1_498' title='bbox 57 4305 208 4381; x_wconf 81' lang='lat' dir='ltr'>cdduxerit,</span> <span class='ocrx_word' id='word_1_499' title='bbox 225 4326 301 4369; x_wconf 88' lang='lat' dir='ltr'>cum</span> <span class='ocrx_word' id='word_1_500' title='bbox 324 4310 368 4369; x_wconf 82' lang='lat' dir='ltr'>ita</span> <span class='ocrx_word' id='word_1_501' title='bbox 394 4309 537 4387; x_wconf 86' lang='lat' dir='ltr'>subjicit:</span> <span class='ocrx_word' id='word_1_502' title='bbox 570 4309 644 4372; x_wconf 82' lang='lat' dir='ltr'>Adoe</span> <span class='ocrx_word' id='word_1_503' title='bbox 672 4329 739 4372; x_wconf 84' lang='lat' dir='ltr'>vero</span> <span class='ocrx_word' id='word_1_504' title='bbox 752 4331 811 4372; x_wconf 79' lang='lat' dir='ltr'>coc</span> <span class='ocrx_word' id='word_1_505' title='bbox 861 4311 984 4393; x_wconf 67' lang='lat' dir='ltr'>Cepha⁵</span> <span class='ocrx_word' id='word_1_506' title='bbox 1013 4313 1047 4373; x_wconf 91' lang='lat' dir='ltr'>in</span> <span class='ocrx_word' id='word_1_507' title='bbox 1069 4312 1148 4372; x_wconf 90' lang='lat' dir='ltr'>libro</span> <span class='ocrx_word' id='word_1_508' title='bbox 1171 4310 1207 4372; x_wconf 86' lang='lat' dir='ltr'>de</span> <span class='ocrx_word' id='word_1_509' title='bbox 1219 4308 1363 4372; x_wconf 79' lang='lat' dir='ltr'>Parodico</span> <span class='ocrx_word' id='word_1_510' title='bbox 1385 4309 1469 4370; x_wconf 90' lang='lat' dir='ltr'>idem</span> <span class='ocrx_word' id='word_1_511' title='bbox 1481 4310 1519 4369; x_wconf 90' lang='lat' dir='ltr'>de</span> <span class='ocrx_word' id='word_1_512' title='bbox 1534 4310 1629 4370; x_wconf 89' lang='lat' dir='ltr'>servis</span> <span class='ocrx_word' id='word_1_513' title='bbox 1745 4376 1755 4388; x_wconf 53' lang='lat'>‚</span> 
     </span>
     <span class='ocr_line' id='line_1_44' title="bbox 58 4398 1167 4485; baseline 0.01 -28"><span class='ocrx_word' id='word_1_514' title='bbox 58 4398 238 4461; x_wconf 76' lang='grc' dir='ltr'>ιἀοιαὶοίσιιιν</span> <span class='ocrx_word' id='word_1_515' title='bbox 264 4398 388 4482; x_wconf 78' lang='lat' dir='ltr'>adjutor</span> <span class='ocrx_word' id='word_1_516' title='bbox 407 4400 517 4462; x_wconf 77' lang='lat' dir='ltr'>similis</span> <span class='ocrx_word' id='word_1_517' title='bbox 543 4401 603 4462; x_wconf 81' lang='lat' dir='ltr'>sibi</span> <span class='ocrx_word' id='word_1_518' title='bbox 612 4422 625 4470; x_wconf 90' lang='lat'><em>;</em></span> <span class='ocrx_word' id='word_1_519' title='bbox 660 4408 811 4482; x_wconf 85' lang='lat' dir='ltr'>tanquam</span> <span class='ocrx_word' id='word_1_520' title='bbox 861 4406 1040 4485; x_wconf 83' lang='lat' dir='ltr'>exemplum</span> <span class='ocrx_word' id='word_1_521' title='bbox 1054 4403 1167 4465; x_wconf 84' lang='lat' dir='ltr'>attulit.</span> 
     </span>
    </p>
   </div>
   <div class='ocr_carea' id='block_1_3' title="bbox 58 4487 1775 4632">
    <p class='ocr_par' dir='ltr' id='par_1_3' title="bbox 58 4487 1775 4632">
     <span class='ocr_line' id='line_1_45' title="bbox 58 4487 1760 4577; baseline 0.001 -24"><span class='ocrx_word' id='word_1_522' title='bbox 58 4487 161 4567; x_wconf 74' lang='lat' dir='ltr'>ditaret,</span> <span class='ocrx_word' id='word_1_523' title='bbox 177 4510 358 4554; x_wconf 78' lang='lat' dir='ltr'>eumenum</span> <span class='ocrx_word' id='word_1_524' title='bbox 372 4495 484 4573; x_wconf 90' lang='lat' dir='ltr'>cuique</span> <span class='ocrx_word' id='word_1_525' title='bbox 496 4494 704 4556; x_wconf 83' lang='lat' dir='ltr'>animantium</span> <span class='ocrx_word' id='word_1_526' title='bbox 723 4513 808 4556; x_wconf 91' lang='lat' dir='ltr'>com·</span> <span class='ocrx_word' id='word_1_527' title='bbox 901 4497 1036 4559; x_wconf 83' lang='lat' dir='ltr'>Credidit</span> <span class='ocrx_word' id='word_1_528' title='bbox 1058 4496 1193 4556; x_wconf 77' lang='lat' dir='ltr'>loannes</span> <span class='ocrx_word' id='word_1_529' title='bbox 1213 4494 1469 4574; x_wconf 77' lang='lat' dir='ltr'>chrysostomus,</span> <span class='ocrx_word' id='word_1_530' title='bbox 1493 4512 1556 4554; x_wconf 93' lang='lat' dir='ltr'>non</span> <span class='ocrx_word' id='word_1_531' title='bbox 1571 4499 1630 4554; x_wconf 91' lang='lat' dir='ltr'>ter·</span> <span class='ocrx_word' id='word_1_532' title='bbox 1691 4534 1726 4577; x_wconf 60' lang='lat' dir='ltr'>p„</span> <span class='ocrx_word' id='word_1_533' title='bbox 1738 4540 1760 4577; x_wconf 74' lang='lat' dir='ltr'>a</span> 
     </span>
     <span class='ocr_line' id='line_1_46' title="bbox 1692 4587 1775 4632; baseline 0 -3"><span class='ocrx_word' id='word_1_534' title='bbox 1692 4587 1775 4632; x_wconf 82' lang='lat' dir='ltr'>teribus</span> 
     </span>
    </p>
   </div>
   <div class='ocr_carea' id='block_1_4' title="bbox 58 4599 1776 5386">
    <p class='ocr_par' dir='ltr' id='par_1_4' title="bbox 58 4599 1776 4970">
     <span class='ocr_line' id='line_1_47' title="bbox 84 4599 1776 4723; baseline 0.001 -25"><span class='ocrx_word' id='word_1_535' title='bbox 84 4645 194 4703; x_wconf 76' lang='lat' dir='ltr'>aPtmn</span> <span class='ocrx_word' id='word_1_536' title='bbox 217 4647 269 4703; x_wconf 81' lang='grc'><strong>111).</strong></span> <span class='ocrx_word' id='word_1_537' title='bbox 290 4647 328 4704; x_wconf 82' lang='lat' dir='ltr'>de</span> <span class='ocrx_word' id='word_1_538' title='bbox 341 4648 446 4704; x_wconf 75' lang='lat' dir='ltr'>Mundi</span> <span class='ocrx_word' id='word_1_539' title='bbox 465 4648 542 4723; x_wconf 81' lang='lat' dir='ltr'>epis.</span> <span class='ocrx_word' id='word_1_540' title='bbox 563 4649 699 4721; x_wconf 81' lang='grc' dir='ltr'>Παγκάλιος</span> <span class='ocrx_word' id='word_1_541' title='bbox 724 4650 751 4703; x_wconf 81' lang='grc' dir='ltr'>δὲ</span> <span class='ocrx_word' id='word_1_542' title='bbox 770 4650 812 4704; x_wconf 82' lang='grc' dir='ltr'>καί</span> <span class='ocrx_word' id='word_1_543' title='bbox 858 4650 945 4711; x_wconf 81' lang='grc' dir='ltr'>θέσεως</span> <span class='ocrx_word' id='word_1_544' title='bbox 968 4646 1121 4715; x_wconf 71' lang='grc' dir='ltr'>ἐπιδείξηται.</span> <span class='ocrx_word' id='word_1_545' title='bbox 1154 4647 1194 4700; x_wconf 87' lang='grc' dir='ltr'>καί</span> <span class='ocrx_word' id='word_1_546' title='bbox 1214 4645 1261 4719; x_wconf 79' lang='grc' dir='ltr'>γάρ</span> <span class='ocrx_word' id='word_1_547' title='bbox 1281 4648 1321 4699; x_wconf 86' lang='grc' dir='ltr'>καί</span> <span class='ocrx_word' id='word_1_548' title='bbox 1344 4648 1396 4709; x_wconf 77' lang='grc' dir='ltr'>τοῖς</span> <span class='ocrx_word' id='word_1_549' title='bbox 1421 4646 1556 4718; x_wconf 81' lang='grc' dir='ltr'>ἀνθρώποις</span> <span class='ocrx_word' id='word_1_550' title='bbox 1576 4646 1630 4708; x_wconf 80' lang='grc' dir='ltr'>ἔθος</span> <span class='ocrx_word' id='word_1_551' title='bbox 1659 4599 1776 4684; x_wconf 38' lang='lat' dir='ltr'>iulium·</span> 
     </span>
     <span class='ocr_line' id='line_1_48' title="bbox 58 4724 1630 4805; baseline 0.001 -24"><span class='ocrx_word' id='word_1_552' title='bbox 58 4724 91 4790; x_wconf 65' lang='grc' dir='ltr'>ἴθι</span> <span class='ocrx_word' id='word_1_553' title='bbox 102 4729 159 4782; x_wconf 75' lang='grc' dir='ltr'>θέσιν</span> <span class='ocrx_word' id='word_1_554' title='bbox 172 4738 225 4784; x_wconf 84' lang='grc' dir='ltr'>τῶν</span> <span class='ocrx_word' id='word_1_555' title='bbox 240 4731 372 4802; x_wconf 75' lang='grc' dir='ltr'>ὀνομάτων</span> <span class='ocrx_word' id='word_1_556' title='bbox 393 4732 468 4803; x_wconf 73' lang='grc' dir='ltr'>ἀνῆψε</span> <span class='ocrx_word' id='word_1_557' title='bbox 488 4737 525 4803; x_wconf 82' lang='grc' dir='ltr'>τῷ</span> <span class='ocrx_word' id='word_1_558' title='bbox 538 4733 641 4805; x_wconf 82' lang='grc' dir='ltr'>πρώτῳ.</span> <span class='ocrx_word' id='word_1_559' title='bbox 657 4733 742 4803; x_wconf 80' lang='grc' dir='ltr'>σοφίας</span> <span class='ocrx_word' id='word_1_560' title='bbox 763 4733 811 4804; x_wconf 79' lang='grc' dir='ltr'>γὰρ</span> <span class='ocrx_word' id='word_1_561' title='bbox 859 4738 933 4787; x_wconf 79' lang='grc' dir='ltr'>τοῦτο</span> <span class='ocrx_word' id='word_1_562' title='bbox 955 4732 1074 4784; x_wconf 76' lang='grc' dir='ltr'>ποιεῖσθαι</span> <span class='ocrx_word' id='word_1_563' title='bbox 1098 4731 1221 4802; x_wconf 78' lang='grc' dir='ltr'>σθμθολον</span> <span class='ocrx_word' id='word_1_564' title='bbox 1248 4731 1399 4793; x_wconf 76' lang='grc' dir='ltr'>δεσποτείας,</span> <span class='ocrx_word' id='word_1_565' title='bbox 1424 4728 1519 4783; x_wconf 78' lang='grc' dir='ltr'>ἐπειδὰν</span> <span class='ocrx_word' id='word_1_566' title='bbox 1537 4728 1630 4793; x_wconf 81' lang='grc' dir='ltr'>οἰκέτας</span> 
     </span>
     <span class='ocr_line' id='line_1_49' title="bbox 58 4807 1629 4887; baseline 0.001 -21"><span class='ocrx_word' id='word_1_567' title='bbox 58 4807 210 4880; x_wconf 50' lang='lat' dir='ltr'>&amp;impletu</span> <span class='ocrx_word' id='word_1_568' title='bbox 223 4814 308 4884; x_wconf 80' lang='grc' dir='ltr'>ἔργον.</span> <span class='ocrx_word' id='word_1_569' title='bbox 325 4813 400 4885; x_wconf 85' lang='grc' dir='ltr'>σορδς</span> <span class='ocrx_word' id='word_1_570' title='bbox 412 4812 435 4866; x_wconf 85' lang='grc' dir='ltr'>δ’</span> <span class='ocrx_word' id='word_1_571' title='bbox 452 4813 541 4876; x_wconf 72' lang='grc' dir='ltr'>ἐκεῖνος</span> <span class='ocrx_word' id='word_1_572' title='bbox 555 4815 701 4887; x_wconf 70' lang='grc' dir='ltr'>αὐτομαθὴς,</span> <span class='ocrx_word' id='word_1_573' title='bbox 712 4814 810 4869; x_wconf 83' lang='grc' dir='ltr'>αὗτοδί-</span> <span class='ocrx_word' id='word_1_574' title='bbox 860 4817 1014 4883; x_wconf 76' lang='grc' dir='ltr'>ὠνήσωνται,</span> <span class='ocrx_word' id='word_1_575' title='bbox 1031 4815 1183 4887; x_wconf 69' lang='grc' dir='ltr'>μετατιθέναι</span> <span class='ocrx_word' id='word_1_576' title='bbox 1203 4813 1284 4868; x_wconf 73' lang='grc' dir='ltr'>αὐτῶν</span> <span class='ocrx_word' id='word_1_577' title='bbox 1305 4813 1348 4876; x_wconf 79' lang='grc' dir='ltr'>τὰς</span> <span class='ocrx_word' id='word_1_578' title='bbox 1369 4813 1543 4885; x_wconf 72' lang='grc' dir='ltr'>προσηγορίας.</span> <span class='ocrx_word' id='word_1_579' title='bbox 1560 4813 1629 4870; x_wconf 76' lang='lat' dir='ltr'>Vide</span> 
     </span>
     <span class='ocr_line' id='line_1_50' title="bbox 58 4888 1033 4970; baseline 0.006 -23"><span class='ocrx_word' id='word_1_580' title='bbox 58 4888 125 4955; x_wconf 66' lang='grc' dir='ltr'>ίῦιας</span> <span class='ocrx_word' id='word_1_581' title='bbox 143 4898 229 4968; x_wconf 75' lang='grc' dir='ltr'>χάριτι</span> <span class='ocrx_word' id='word_1_582' title='bbox 259 4897 312 4967; x_wconf 84' lang='grc' dir='ltr'>θείᾳ</span> <span class='ocrx_word' id='word_1_583' title='bbox 336 4898 478 4968; x_wconf 74' lang='grc' dir='ltr'>γενόμενος,</span> <span class='ocrx_word' id='word_1_584' title='bbox 504 4899 545 4949; x_wconf 84' lang='grc' dir='ltr'>καὶ</span> <span class='ocrx_word' id='word_1_585' title='bbox 567 4898 667 4969; x_wconf 79' lang='grc' dir='ltr'>προσέτι</span> <span class='ocrx_word' id='word_1_586' title='bbox 688 4899 810 4970; x_wconf 79' lang='grc' dir='ltr'>βασιλεύς·</span> <span class='ocrx_word' id='word_1_587' title='bbox 861 4905 889 4956; x_wconf 85' lang='lat' dir='ltr'>et</span> <span class='ocrx_word' id='word_1_588' title='bbox 904 4898 979 4954; x_wconf 85' lang='lat' dir='ltr'>hom.</span> <span class='ocrx_word' id='word_1_589' title='bbox 996 4915 1033 4953; x_wconf 80' lang='lat' dir='ltr'>vi.</span> 
     </span>
    </p>

    <p class='ocr_par' dir='ltr' id='par_1_5' title="bbox 59 4966 1629 5052">
     <span class='ocr_line' id='line_1_51' title="bbox 59 4966 1629 5052; baseline 0.001 -21"><span class='ocrx_word' id='word_1_590' title='bbox 59 4966 187 5045; x_wconf 66' lang='grc' dir='ltr'>θπμκέςθ</span> <span class='ocrx_word' id='word_1_591' title='bbox 196 4979 304 5052; x_wconf 70' lang='grc' dir='ltr'>ἡγεμόνι</span> <span class='ocrx_word' id='word_1_592' title='bbox 312 4979 500 5051; x_wconf 74' lang='grc' dir='ltr'>προσαγορεύειν</span> <span class='ocrx_word' id='word_1_593' title='bbox 511 4980 613 5034; x_wconf 76' lang='grc' dir='ltr'>ἕκαστον</span> <span class='ocrx_word' id='word_1_594' title='bbox 624 4986 673 5035; x_wconf 84' lang='grc' dir='ltr'>τῶν</span> <span class='ocrx_word' id='word_1_595' title='bbox 687 4981 810 5050; x_wconf 66' lang='grc' dir='ltr'>ὑπηκόων.</span> <span class='ocrx_word' id='word_1_596' title='bbox 897 4981 1036 5036; x_wconf 76' lang='lat' dir='ltr'>dSuvrn.</span> <span class='ocrx_word' id='word_1_597' title='bbox 1061 4988 1130 5035; x_wconf 86' lang='lat' dir='ltr'>orat.</span> <span class='ocrx_word' id='word_1_598' title='bbox 1156 4996 1173 5034; x_wconf 87' lang='lat' dir='ltr'><strong>v</strong></span> <span class='ocrx_word' id='word_1_599' title='bbox 1197 4978 1234 5034; x_wconf 87' lang='lat' dir='ltr'>de</span> <span class='ocrx_word' id='word_1_600' title='bbox 1246 4978 1352 5034; x_wconf 78' lang='lat' dir='ltr'>Mundi</span> <span class='ocrx_word' id='word_1_601' title='bbox 1372 4976 1449 5051; x_wconf 82' lang='lat' dir='ltr'>opis.</span> <span class='ocrx_word' id='word_1_602' title='bbox 1469 4976 1564 5050; x_wconf 82' lang='grc' dir='ltr'>Ὥσπερ</span> <span class='ocrx_word' id='word_1_603' title='bbox 1588 4977 1629 5032; x_wconf 77' lang='grc' dir='ltr'>ἐὰν</span> 
     </span>
    </p>

    <p class='ocr_par' dir='ltr' id='par_1_6' title="bbox 85 5056 1630 5136">
     <span class='ocr_line' id='line_1_52' title="bbox 85 5056 1630 5136; baseline 0.002 -26"><span class='ocrx_word' id='word_1_604' title='bbox 85 5056 177 5116; x_wconf 82' lang='lat' dir='ltr'>dlbid.</span> <span class='ocrx_word' id='word_1_605' title='bbox 203 5061 370 5134; x_wconf 80' lang='grc' dir='ltr'>Ἀπεπειρᾶτο</span> <span class='ocrx_word' id='word_1_606' title='bbox 384 5060 407 5114; x_wconf 85' lang='grc' dir='ltr'>δ’</span> <span class='ocrx_word' id='word_1_607' title='bbox 421 5062 591 5136; x_wconf 69' lang='grc' dir='ltr'>ὡςθρῃγηπλς</span> <span class='ocrx_word' id='word_1_608' title='bbox 604 5065 739 5136; x_wconf 76' lang='grc' dir='ltr'>γνωρθμου.</span> <span class='ocrx_word' id='word_1_609' title='bbox 860 5065 1040 5136; x_wconf 84' lang='grc' dir='ltr'>στρατευθῶσι,</span> <span class='ocrx_word' id='word_1_610' title='bbox 1066 5064 1184 5134; x_wconf 74' lang='grc' dir='ltr'>σφραγῖδι</span> <span class='ocrx_word' id='word_1_611' title='bbox 1215 5062 1327 5133; x_wconf 76' lang='grc' dir='ltr'>βασιλικῇ</span> <span class='ocrx_word' id='word_1_612' title='bbox 1356 5065 1523 5131; x_wconf 81' lang='grc' dir='ltr'>σημειοῦνται.</span> <span class='ocrx_word' id='word_1_613' title='bbox 1553 5061 1630 5122; x_wconf 79' lang='grc' dir='ltr'>οὕτως</span> 
     </span>
    </p>

    <p class='ocr_par' dir='ltr' id='par_1_7' title="bbox 58 5143 1633 5386">
     <span class='ocr_line' id='line_1_53' title="bbox 85 5143 1633 5220; baseline -0.001 -26"><span class='ocrx_word' id='word_1_614' title='bbox 85 5154 97 5193; x_wconf 81' lang='lat' dir='ltr'>t</span> <span class='ocrx_word' id='word_1_615' title='bbox 112 5143 206 5199; x_wconf 72' lang='lat' dir='ltr'>Canis.</span> <span class='ocrx_word' id='word_1_616' title='bbox 220 5145 302 5200; x_wconf 85' lang='lat' dir='ltr'>hom.</span> <span class='ocrx_word' id='word_1_617' title='bbox 317 5161 363 5200; x_wconf 81' lang='lat' dir='ltr'>xiv</span> <span class='ocrx_word' id='word_1_618' title='bbox 374 5160 407 5200; x_wconf 78' lang='lat' dir='ltr'>co</span> <span class='ocrx_word' id='word_1_619' title='bbox 424 5148 487 5202; x_wconf 79' lang='lat' dir='ltr'>Gen.</span> <span class='ocrx_word' id='word_1_620' title='bbox 508 5146 613 5220; x_wconf 76' lang='grc' dir='ltr'>Οὖχίνα</span> <span class='ocrx_word' id='word_1_621' title='bbox 626 5147 652 5200; x_wconf 80' lang='grc' dir='ltr'>δὲ</span> <span class='ocrx_word' id='word_1_622' title='bbox 666 5147 709 5215; x_wconf 70' lang='grc' dir='ltr'>τὴν</span> <span class='ocrx_word' id='word_1_623' title='bbox 725 5147 812 5218; x_wconf 84' lang='grc' dir='ltr'>σοφίαν</span> <span class='ocrx_word' id='word_1_624' title='bbox 862 5145 943 5214; x_wconf 77' lang='grc' dir='ltr'>ἐπειδὴ</span> <span class='ocrx_word' id='word_1_625' title='bbox 958 5147 1063 5217; x_wconf 75' lang='grc' dir='ltr'>ἤμελλεν</span> <span class='ocrx_word' id='word_1_626' title='bbox 1081 5145 1148 5217; x_wconf 74' lang='grc' dir='ltr'>αὐτῷ</span> <span class='ocrx_word' id='word_1_627' title='bbox 1163 5144 1206 5211; x_wconf 78' lang='grc' dir='ltr'>τὴν</span> <span class='ocrx_word' id='word_1_628' title='bbox 1225 5144 1367 5198; x_wconf 79' lang='grc' dir='ltr'>δεσποτείαν</span> <span class='ocrx_word' id='word_1_629' title='bbox 1381 5144 1553 5217; x_wconf 71' lang='grc' dir='ltr'>παραδιδόναι,</span> <span class='ocrx_word' id='word_1_630' title='bbox 1565 5144 1633 5198; x_wconf 76' lang='grc' dir='ltr'>ποιεῖ</span> 
     </span>
     <span class='ocr_line' id='line_1_54' title="bbox 58 5218 1245 5302; baseline 0.005 -27"><span class='ocrx_word' id='word_1_631' title='bbox 58 5218 117 5275; x_wconf 69' lang='lat' dir='ltr'>drot</span> <span class='ocrx_word' id='word_1_632' title='bbox 128 5229 200 5296; x_wconf 77' lang='grc' dir='ltr'>μόνον</span> <span class='ocrx_word' id='word_1_633' title='bbox 213 5228 411 5299; x_wconf 84' lang='grc' dir='ltr'>καταμάθωμεν,</span> <span class='ocrx_word' id='word_1_634' title='bbox 435 5233 509 5282; x_wconf 80' lang='grc' dir='ltr'>τοῦτο</span> <span class='ocrx_word' id='word_1_635' title='bbox 523 5227 624 5301; x_wconf 82' lang='grc' dir='ltr'>γίνεται·</span> <span class='ocrx_word' id='word_1_636' title='bbox 643 5229 699 5284; x_wconf 90' lang='grc' dir='ltr'>άλλ’</span> <span class='ocrx_word' id='word_1_637' title='bbox 712 5231 754 5283; x_wconf 78' lang='grc' dir='ltr'>ἵνα</span> <span class='ocrx_word' id='word_1_638' title='bbox 772 5231 813 5283; x_wconf 88' lang='grc' dir='ltr'>καί</span> <span class='ocrx_word' id='word_1_639' title='bbox 862 5230 972 5302; x_wconf 83' lang='grc' dir='ltr'>ὀνόματα</span> <span class='ocrx_word' id='word_1_640' title='bbox 986 5230 1060 5284; x_wconf 79' lang='grc' dir='ltr'>θεῖναι</span> <span class='ocrx_word' id='word_1_641' title='bbox 1069 5229 1103 5291; x_wconf 82' lang='grc' dir='ltr'>ὡς</span> <span class='ocrx_word' id='word_1_642' title='bbox 1117 5229 1245 5297; x_wconf 78' lang='grc' dir='ltr'>δεσπότην.</span> 
     </span>
     <span class='ocr_line' id='line_1_55' title="bbox 58 5302 813 5386; baseline 0.001 -21"><span class='ocrx_word' id='word_1_643' title='bbox 58 5302 209 5381; x_wconf 58' lang='grc' dir='ltr'>θώμίολον</span> <span class='ocrx_word' id='word_1_644' title='bbox 233 5314 283 5378; x_wconf 78' lang='grc' dir='ltr'>τῆς</span> <span class='ocrx_word' id='word_1_645' title='bbox 303 5311 447 5375; x_wconf 72' lang='grc' dir='ltr'>δεσποτείας</span> <span class='ocrx_word' id='word_1_646' title='bbox 474 5312 515 5366; x_wconf 80' lang='grc' dir='ltr'>διά</span> <span class='ocrx_word' id='word_1_647' title='bbox 540 5317 584 5382; x_wconf 83' lang='grc' dir='ltr'>τῆς</span> <span class='ocrx_word' id='word_1_648' title='bbox 606 5320 656 5368; x_wconf 78' lang='grc' dir='ltr'>τῶν</span> <span class='ocrx_word' id='word_1_649' title='bbox 684 5313 813 5386; x_wconf 80' lang='grc' dir='ltr'>ὀνομάτων</span> 
     </span>
    </p>
   </div>
   <div class='ocr_carea' id='block_1_5' title="bbox 58 5432 1629 5552">
    <p class='ocr_par' dir='ltr' id='par_1_8' title="bbox 58 5432 1629 5552">
     <span class='ocr_line' id='line_1_56' title="bbox 58 5432 1629 5552; baseline -0.003 -69"><span class='ocrx_word' id='word_1_650' title='bbox 58 5436 121 5552; x_wconf 51' lang='lat' dir='ltr'>nih</span> <span class='ocrx_word' id='word_1_651' title='bbox 133 5438 160 5491; x_wconf 81' lang='lat'>11,</span> <span class='ocrx_word' id='word_1_652' title='bbox 180 5440 326 5492; x_wconf 47' lang='lat' dir='ltr'>eleuant.</span> <span class='ocrx_word' id='word_1_653' title='bbox 341 5451 371 5488; x_wconf 86' lang='grc'>11.</span> <span class='ocrx_word' id='word_1_654' title='bbox 390 5463 414 5476; x_wconf 89' lang='lat'>-·</span> <span class='ocrx_word' id='word_1_655' title='bbox 428 5445 441 5485; x_wconf 77' lang='lat' dir='ltr'>t</span> <span class='ocrx_word' id='word_1_656' title='bbox 455 5441 481 5486; x_wconf 88' lang='lat' dir='ltr'>ln</span> <span class='ocrx_word' id='word_1_657' title='bbox 494 5443 522 5494; x_wconf 88' lang='lat' dir='ltr'>ll,</span> <span class='ocrx_word' id='word_1_658' title='bbox 534 5443 585 5489; x_wconf 87' lang='lat' dir='ltr'>dist.</span> <span class='ocrx_word' id='word_1_659' title='bbox 598 5455 641 5495; x_wconf 78' lang='lat'>111,</span> <span class='ocrx_word' id='word_1_660' title='bbox 656 5454 694 5498; x_wconf 88' lang='lat' dir='ltr'>qu.</span> <span class='ocrx_word' id='word_1_661' title='bbox 706 5442 724 5489; x_wconf 85' lang='lat'>1.</span> <span class='ocrx_word' id='word_1_662' title='bbox 732 5463 760 5478; x_wconf 85' lang='lat'>··</span> <span class='ocrx_word' id='word_1_663' title='bbox 773 5446 785 5486; x_wconf 79' lang='grc' dir='ltr'>θ</span> <span class='ocrx_word' id='word_1_664' title='bbox 799 5443 852 5488; x_wconf 78' lang='lat' dir='ltr'>Gen.</span> <span class='ocrx_word' id='word_1_665' title='bbox 867 5453 893 5494; x_wconf 84' lang='grc' dir='ltr'>ιι,</span> <span class='ocrx_word' id='word_1_666' title='bbox 921 5440 953 5487; x_wconf 81' lang='lat' dir='ltr'>te.</span> <span class='ocrx_word' id='word_1_667' title='bbox 963 5441 1015 5484; x_wconf 79' lang='lat' dir='ltr'>-t</span> <span class='ocrx_word' id='word_1_668' title='bbox 1028 5440 1082 5484; x_wconf 80' lang='lat' dir='ltr'>Vide</span> <span class='ocrx_word' id='word_1_669' title='bbox 1095 5439 1151 5484; x_wconf 72' lang='lat' dir='ltr'>rtet.</span> <span class='ocrx_word' id='word_1_670' title='bbox 1173 5437 1196 5481; x_wconf 87' lang='lat' dir='ltr'>in</span> <span class='ocrx_word' id='word_1_671' title='bbox 1209 5436 1269 5483; x_wconf 78' lang='lat' dir='ltr'>Grai.</span> <span class='ocrx_word' id='word_1_672' title='bbox 1281 5458 1308 5471; x_wconf 91' lang='lat'>·-</span> <span class='ocrx_word' id='word_1_673' title='bbox 1321 5436 1335 5480; x_wconf 76' lang='lat' dir='ltr'>t</span> <span class='ocrx_word' id='word_1_674' title='bbox 1346 5434 1393 5480; x_wconf 82' lang='grc'><strong>1111.</strong></span> <span class='ocrx_word' id='word_1_675' title='bbox 1408 5436 1434 5481; x_wconf 78' lang='grc' dir='ltr'>θα</span> <span class='ocrx_word' id='word_1_676' title='bbox 1446 5432 1546 5480; x_wconf 72' lang='lat' dir='ltr'>Peractis.</span> <span class='ocrx_word' id='word_1_677' title='bbox 1559 5445 1607 5489; x_wconf 71' lang='lat' dir='ltr'>prr.</span> <span class='ocrx_word' id='word_1_678' title='bbox 1620 5436 1629 5479; x_wconf 94' lang='lat' dir='ltr'>l</span> 
     </span>
     <span class='ocr_line' id='line_1_57' title="bbox 92 5510 175 5545; baseline 0.048 -3"><span class='ocrx_word' id='word_1_679' title='bbox 92 5510 175 5545; x_wconf 61' lang='lat' dir='ltr'>amn</span> 
     </span>
    </p>
   </div>
   <div class='ocr_carea' id='block_1_6' title="bbox 0 0 1972 6166">
    <p class='ocr_par' dir='ltr' id='par_1_9' title="bbox 0 0 1972 6166">
     <span class='ocr_line' id='line_1_58' title="bbox 0 0 1972 6166; baseline 0 0"><span class='ocrx_word' id='word_1_680' title='bbox 0 0 1972 6166; x_wconf 95' lang='lat' dir='ltr'> </span> 
     </span>
    </p>
   </div>
  </div>
 </body>
</html>
