3984 6176
329 424 389 488 tet
728 417 935 485 novensilis
956 414 1313 481 remediabiliter
1336 412 1517 480 SYSTEMA

331 589 364 651 in
377 608 434 665 eor,
460 589 516 672 qm'
527 608 585 652 aon
602 594 799 671 peccaverunt
817 588 851 649 in
866 584 1098 649 similitudinem
1148 604 1250 648 sermo
1277 603 1343 648 esse
1363 584 1402 646 de
1427 584 1482 646 illo
1502 589 1627 665 peceato
1646 583 1685 646 de
1703 601 1763 666 quo
1776 586 1892 650 maxine

327 682 591 765 prevaricationis
604 679 743 744 Adoe¹.ln
755 699 827 761 quaa
841 679 980 761 Apostoli
992 681 1098 757 verba,
1147 686 1220 741 ante
1240 679 1327 755 dixit,
1348 679 1433 759 quod
1454 677 1584 738 introvit
1604 677 1635 739 (11
1652 677 1800 741 modom.
1814 685 1842 740 et
1850 678 1893 742 hie

331 774 461 835 nomine
484 774 573 854 legis,
596 774 698 854 inquit
716 772 894 852 Peyrerius,
913 771 965 831 hic
982 771 1100 832 intelli·
1149 773 1208 837 eit:
1232 771 1388 833 Peccatum
1398 768 1746 846 erotinmundo;ethoe
1759 772 1893 853 originale

332 866 433 947 genda
445 866 588 928 venitlex
601 866 801 928 Adamodata
813 884 821 941 ;
834 864 1100 943 eujostransgres·
1151 870 1227 940 erat,
1247 883 1312 924 non
1337 863 1465 925 actuale.
1493 865 1559 924 lmo
1575 880 1649 924 vero
1668 862 1741 943 quia
1758 863 1896 945 superiore

333 959 378 1019 sio
391 958 667 1038 peccatumAdami
681 957 764 1033 iecit;
776 975 871 1037 quam
885 957 990 1017 datam
1004 957 1103 1017 omni·
1150 957 1300 1018 versiculo
1314 957 1352 1017 de
1366 956 1508 1036 originali
1521 960 1647 1036 peccato
1660 955 1722 1034 egit
1738 956 1895 1037 Apostolus,

333 1050 392 1112 bus
424 1049 602 1112 bominibus
636 1051 670 1112 iu
694 1050 811 1113 Adamo
832 1049 1022 1110 censendum
1046 1055 1102 1127 est,
1150 1050 1202 1112 hio
1215 1049 1333 1110 actuale
1347 1049 1584 1128 intelligendum
1595 1053 1650 1110 est.
1669 1047 1729 1109 Sed
1742 1047 1800 1109 boe
1813 1047 1899 1110 cirria

334 1143 454 1205 ratione
468 1143 587 1217 eedem,
604 1161 666 1222 que
680 1141 841 1203 violavisse
864 1141 948 1203 illam
962 1140 1104 1203 homines
1152 1143 1229 1203 sime
1242 1141 1407 1217 constabit,
1420 1140 1475 1202 ubi
1492 1140 1627 1222 primam
1645 1158 1684 1201 ex
1697 1145 1788 1202 antea
1802 1159 1900 1222 propo·

335 1252 444 1297 omues
468 1235 502 1296 in
515 1235 635 1297 Adamo
654 1235 820 1315 reputandi
834 1239 918 1296 sont.
940 1235 1104 1296 Peccatum
1153 1234 1219 1296 sitis
1241 1233 1462 1315 quaestionibus
1481 1232 1657 1315 expediero.
1682 1234 1803 1294 lnterea
1826 1232 1902 1296 liceat

335 1327 430 1406 igitur
443 1328 552 1391 eratin
565 1328 684 1391 mundo
694 1346 791 1407 usque
805 1327 844 1388 ad
858 1329 970 1404 Legem
982 1327 1107 1389 Ademi-
1154 1345 1211 1407 pro
1223 1345 1257 1387 re
1271 1332 1344 1388 nata
1357 1328 1395 1390 P.
1411 1326 1609 1388 Harduinum
1622 1324 1772 1403 refellere,
1786 1326 1902 1405 quicum

336 1437 424 1494 oam3
440 1437 514 1498 ergo
526 1424 556 1482 et
569 1424 641 1481 ante
653 1420 752 1499 legem
760 1420 1106 1482 Adamiram.Homines
1155 1424 1262 1480 contre
1287 1418 1427 1495 Petrum,
1449 1436 1486 1479 ae
1508 1417 1739 1497 theologorum
1770 1423 1902 1493 mentem,

336 1511 433 1589 igitur
456 1512 642 1591 agnoscendi
661 1517 745 1589 sunt,
771 1512 826 1591 qui
853 1517 924 1572 ante
951 1512 1107 1575 Adamum
1156 1518 1248 1592 etque
1270 1511 1346 1572 adeo
1369 1511 1435 1590 ipsa
1451 1515 1653 1572 sacrosanctae
1676 1510 1786 1591 synodi
1799 1511 1904 1573 decreta

335 1604 540 1685 peccaverint,
563 1603 705 1684 quemvis
713 1609 875 1684 peecatum
886 1603 960 1684 ipsis
969 1606 1106 1685 imputa·
1155 1605 1300 1666 audacter
1313 1622 1386 1664 sane
1396 1602 1563 1684 superioris
1576 1601 1737 1664 commatis
1746 1602 1837 1663 verba
1847 1602 1904 1665 illa:

336 1701 406 1759 tum
425 1715 490 1757 non
510 1696 614 1774 fuerit,
637 1715 735 1776 quom
759 1697 810 1757 lex
831 1715 897 1759 uon
916 1686 1005 1758 esset.
1157 1698 1190 1759 in
1204 1716 1261 1778 quo
1284 1715 1379 1757 omnes
1395 1703 1587 1778 pecccarerunt
1609 1696 1647 1756 dc
1667 1701 1791 1775 peceato
1811 1695 1907 1756 aetodi

378 1790 419 1850 ΙΙ.
446 1790 540 1850 Porro
564 1794 601 1849 ut
621 1790 716 1870 hujus
741 1790 1017 1868 argumentationis
1048 1791 1107 1868 vis,
1156 1790 1368 1870 explicuisset,
1392 1788 1501 1850 eodem
1519 1788 1602 1868 quod
1625 1788 1787 1868 usurpavit
1804 1788 1835 1849 P.
1851 1788 1907 1849 Sel-

338 1900 434 1961 quam
453 1887 633 1943 nostrorum
659 1883 864 1963 interpretum
898 1883 1109 1946 discordantes
1156 1901 1278 1958 maron,
1293 1881 1469 1961 argumenti
1484 1899 1596 1960 genere
1609 1880 1710 1953 utitur
1723 1880 1804 1941 adid
1814 1880 1909 1941 contir-

338 1974 631 2048 sententieeauxere,
646 1975 738 2055 plane
748 1973 944 2054 infringatur,
958 1977 996 2037 de
1008 1978 1109 2056 primo
1157 1974 1473 2041 mendumtleusalis,
1487 1973 1598 2054 inquit,
1612 1971 1909 2053 baeeparticuleeaim

339 2066 478 2144 Apostoli
490 2071 642 2127 commate
655 2066 821 2128 dicendum
834 2068 931 2147 prius,
946 2069 1057 2129 deinde
1071 2071 1109 2132 de
1157 2068 1318 2148 perspicue
1331 2066 1500 2141 edmomet,
1510 2065 1679 2145 illudquod
1688 2058 1829 2146 proxime
1839 2070 1911 2126 ante·

340 2157 449 2218 altero.
480 2158 519 2218 Et
545 2159 630 2237 quod
655 2159 694 2219 ad
721 2159 799 2219 illud
826 2164 952 2238 spectat,
977 2168 1110 2241 quatuor
1158 2160 1257 2235 cessit,
1281 2159 1312 2219 in
1338 2176 1395 2241 quo
1410 2177 1506 2219 omnes
1515 2164 1721 2239 peecaverunt,
1745 2157 1784 2218 dc
1801 2162 1911 2239 peccato

341 2248 440 2329 quaeri
454 2268 543 2330 posse
555 2251 662 2326 video;
677 2269 790 2331 nempe
808 2252 946 2331 primum
961 2272 1110 2333 quorsum
1159 2252 1302 2331 originali
1316 2251 1410 2331 arcipi
1425 2270 1490 2312 non
1510 2269 1610 2331 posse.
1626 2250 1870 2312 Admonetenim
1882 2249 1913 2310 de
1975 2264 1976 2267 ’

340 2341 409 2403 baec
422 2341 619 2423 abApostolo
633 2342 837 2407 adferantur?
851 2345 986 2407 secrrndo
1000 2347 1110 2426 dequo
1158 2345 1269 2407 eodem
1288 2344 1404 2426 peceati
1424 2362 1539 2423 genere
1562 2342 1729 2423 utrobique
1753 2359 1914 2404 sermonem

341 2435 513 2515 praesertim
522 2436 800 2517 pcccatoloquatur
812 2438 998 2518 Apostolus?
1007 2440 1111 2501 Tertio
1160 2456 1224 2499 esse
1236 2461 1244 2513 3
1256 2437 1341 2517 atqui
1354 2437 1388 2498 in
1402 2436 1460 2497 isto
1471 2455 1564 2497 versu
1575 2437 1614 2497 l3
1625 2436 1664 2497 de
1676 2444 1803 2517 peceato
1817 2433 1915 2496 actuali

342 2544 488 2606 quanam
503 2529 542 2589 sit
555 2547 591 2590 ea
610 2529 672 2604 les,
689 2530 727 2590 de
743 2548 805 2610 que
819 2530 884 2591 ait:
901 2549 990 2611 usque
1004 2530 1044 2593 cd
1054 2532 1110 2595 Le-
1160 2547 1262 2592 sermo
1276 2535 1357 2592 est...
1375 2547 1450 2609 ergo
1465 2533 1497 2589 et
1510 2530 1597 2609 prius
1615 2524 1693 2590 illud
1714 2528 1746 2589 in
1760 2548 1817 2611 quo
1832 2545 1916 2589 omna

342 2638 408 2701 gem
419 2621 497 2681 mim
508 2626 660 2703 peecatum
673 2620 919 2683 erotinmomto?
932 2628 1043 2703 quarto
1058 2625 1112 2704 qui
1158 2627 1364 2704 peccaverunt,
1394 2622 1432 2682 de
1461 2626 1588 2701 peccato
1620 2620 1734 2682 aetrali
1768 2619 1918 2700 Apostolus

343 2711 412 2772 fleri
425 2714 572 2792 potuerit,
582 2719 617 2775 ut
630 2720 791 2794 peccatum
805 2720 883 2776 esset
896 2714 930 2776 in
943 2717 1073 2791 mundo,
1081 2722 1113 2778 et
1160 2715 1321 2777 intellexit.
1331 2717 1370 2775 At
1381 2713 1489 2776 [alsam
1502 2731 1567 2775 esse
1581 2713 1734 2792 maJorem
1748 2711 1917 2793 propositio·

343 2821 409 2866 nou
427 2804 644 2885 imputaretur,
669 2825 768 2886 quom
784 2807 835 2867 lex
853 2826 918 2869 non
936 2808 1038 2869 esset?
1051 2810 1111 2869 Ve-
1160 2827 1245 2885 uem,
1272 2813 1307 2868 ut
1330 2825 1431 2886 nuper
1459 2806 1533 2883 dini,
1558 2804 1639 2867 inira
1657 2805 1789 2866 docebo.
1812 2804 1918 2866 Deinde

344 2914 417 2958 rum
430 2897 514 2976 quod
524 2898 626 2977 primo
646 2897 714 2959 looo
735 2899 836 2979 posui,
850 2899 951 2979 placet
964 2900 997 2960 in
1011 2906 1112 2962 extre·
1160 2907 1232 2981 peto
1246 2900 1285 2961 ab
1299 2899 1468 2960 Harduino.
1490 2899 1602 2958 Nonne
1622 2896 1738 2967 fatetur
1752 2898 1817 2981 ipse
1833 2895 1919 2957 versi·

345 3007 434 3051 mum
444 3007 611 3053 reservare.
629 2991 738 3070 Itaque
751 2996 787 3052 ut
800 2990 984 3071 deportato,
1000 3011 1061 3072 quo
1075 2993 1113 3054 de
1162 2994 1231 3054 culo
1246 2990 1298 3053 illo
1314 2992 1352 3052 te
1362 2994 1523 3072 propterea
1534 2989 1610 3050 aient
1619 2987 1920 3094 perunumiomiaoa

346 3083 596 3162 agitApoatolns,
612 3083 809 3152 disseramus,
828 3101 911 3145 sene.
934 3084 1111 3159 Anselmus‚
1158 3091 1310 3166 peccatum
1326 3083 1356 3143 ia
1371 3079 1597 3143 deremendum
1614 3085 1751 3159 ratrom't,
1768 3088 1854 3163 etper
1862 3096 1921 3163 pre·

346 3177 378 3233 et
390 3174 426 3235 P.
445 3174 607 3237 Salmeron
619 3181 778 3255 peceatum
792 3176 940 3251 originale
954 3176 1005 3258 hie
1022 3178 1113 3238 intel·
1164 3183 1262 3238 cotom
1279 3193 1370 3252 mors,
1394 3174 1510 3255 peccati
1531 3172 1659 3234 nomine
1682 3173 1835 3253 originale
1852 3170 1920 3233 desi-

346 3265 401 3344 ligt
413 3265 577 3345 pugnant⁸
594 3286 602 3343 3
618 3268 779 3328 Cornelius
792 3286 810 3328 a
824 3268 940 3349 Lepide
954 3276 1115 3348 peecatum
1163 3268 1252 3348 goari
1265 3273 1425 3347 peceatum
1439 3267 1455 3328 1
1469 3266 1529 3333 Qui
1544 3282 1618 3344 ergo
1636 3265 1675 3326 ad
1692 3266 1814 3328 actuale
1826 3282 1922 3347 peres·

347 3356 567 3437 interpretatur
580 3358 729 3435 originale
750 3360 843 3420 simul
861 3366 892 3422 et
906 3361 1043 3438 actuale3
1063 3381 1114 3423 ao·
1162 3367 1230 3421 tum
1238 3360 1415 3440 detorqueri
1423 3357 1667 3440 possuntquaein
1674 3358 1925 3439 eodemleguntur

347 3450 431 3511 tuale
442 3454 566 3512 tantum
579 3451 719 3513 denotari
734 3453 1001 3533 contenduntpost
1013 3455 1117 3534 Origo·
1164 3451 1328 3529 versiculo,
1349 3451 1382 3513 in
1403 3470 1462 3534 qno
1488 3469 1586 3512 omnes
1601 3456 1827 3532 peecaverunt?
1845 3452 1925 3512 Mitto

347 3561 432 3617 nem,
461 3544 804 3624 pseudo-Ambrosium,
834 3545 969 3625 aliosque
996 3552 1115 3609 veteres
1165 3544 1365 3625 ambiguam,
1400 3563 1462 3624 qua
1497 3562 1571 3604 usus
1602 3541 1709 3604 fuisset
1752 3542 1925 3624 Apostolus,

347 3634 542 3696 doctissimus
555 3636 718 3701 cardinalis
732 3637 870 3711 Teletos,
887 3643 918 3697 et
930 3639 969 3698 P.
983 3639 1116 3700 Hardui—
1163 3638 1313 3718 loquendi
1324 3638 1478 3699 rationem
1489 3657 1497 3713 ;
1514 3637 1568 3697 sed
1579 3654 1664 3697 mors
1677 3641 1761 3699 certe
1773 3636 1928 3718 utrobique

346 3727 464 3788 ausin
490 3728 574 3789 buno
595 3728 733 3808 Apostoli
759 3728 875 3791 locum.
905 3730 959 3790 His
986 3733 1117 3793 omnino
1166 3731 1274 3792 eadem
1293 3736 1339 3792 eet
1357 3731 1390 3791 iu
1412 3730 1471 3790 boo
1493 3729 1658 3803 versiculo,
1674 3735 1703 3789 et
1711 3747 1773 3809 per
1782 3735 1928 3812 peccatam

347 3821 594 3881 adsentiendum.
617 3822 696 3881 Nem
724 3821 771 3881 uti
798 3821 871 3882 scite
900 3823 1119 3897 animadvertit
1167 3842 1252 3897 mors,
1266 3827 1295 3883 et
1310 3823 1353 3883 ito
1364 3823 1395 3882 io
1408 3820 1642 3882 omnesdomioes
1655 3839 1734 3881 mors
1742 3820 1930 3903 pertramiit;

349 3913 521 3994 appellatus
538 3913 686 3991 Tolletus,
700 3918 755 3974 aut
773 3914 856 3993 quod
874 3914 1033 3994 sequitur:
1049 3936 1116 3997 pec·
1166 3916 1262 3994 igitur
1284 3921 1320 3976 nt
1344 3913 1403 3975 sibi
1427 3919 1545 3975 constet
1564 3913 1740 3994 Apostolus,
1766 3914 1806 3975 de
1830 3912 1931 3975 eodem

349 4013 449 4067 cotom
463 4025 523 4066 ooo
546 4003 763 4086 imputabatur,
783 4024 873 4086 quum
890 4006 939 4067 ter
956 4026 1014 4068 aon
1038 4016 1118 4086 esset,
1167 4026 1290 4087 quoquc
1314 4011 1439 4087 peceato
1473 4005 1624 4066 intellexit
1651 4023 1688 4066 ea
1720 4004 1752 4065 in
1765 4024 1823 4087 qno
1843 4021 1932 4066 omne

349 4098 533 4177 intelligitur
555 4099 593 4159 de
615 4098 725 4159 eodem
747 4104 872 4178 peccato
898 4100 1041 4178 originali
1066 4107 1120 4162 aut
1162 4106 1367 4181 peceaverunt,
1396 4100 1434 4159 de
1463 4117 1525 4178 quo
1550 4098 1638 4177 prius
1666 4097 1813 4159 dixerat:
1838 4106 1868 4158 et
1882 4115 1932 4176 per

350 4207 426 4267 non,
440 4192 492 4251 sed
507 4191 545 4251 de
559 4189 678 4251 actuali.
698 4190 730 4251 Si
744 4191 783 4251 de
795 4191 909 4251 actuali
916 4191 1116 4272 intelligatur,
1165 4201 1316 4274 peccatum
1330 4210 1417 4252 mors.
1433 4192 1540 4271 Neque
1555 4186 1719 4251 Harduino
1732 4190 1840 4252 lavent
1858 4187 1933 4250 docti

350 4281 473 4342 videtur
487 4283 633 4362 ambigna
646 4283 718 4343 satis
731 4283 858 4357 locutio,
881 4289 911 4344 et
924 4284 1097 4347 inconnexa
1109 4306 1117 4362 ;
1168 4286 1213 4346 illi
1226 4286 1294 4358 viri,
1311 4285 1365 4365 qui
1379 4284 1503 4345 voculas
1523 4283 1591 4343 illes
1607 4281 1639 4345 io
1653 4300 1713 4364 qao
1727 4301 1795 4344 non
1808 4283 1848 4343 ad
1858 4281 1933 4342 Ada-

351 4373 377 4433 si
404 4373 442 4434 de
462 4373 606 4452 originali
626 4380 731 4435 autern
755 4376 848 4436 etiarn
872 4382 1055 4456 exponatur,
1085 4384 1120 4441 ut
1168 4378 1415 4443 mrrmrelerunt.
1431 4376 1484 4437 sed
1498 4374 1788 4455 explicantr'neo,in
1802 4392 1871 4456 quo,
1885 4390 1935 4433 seu

352 4466 477 4545 exponit
497 4466 670 4543 Anselmus,
690 4486 783 4529 rausa
796 4487 861 4529 non
878 4475 924 4530 est
942 4487 1119 4532 aocommo·
1168 4477 1320 4551 qnatenus.
1335 4470 1414 4529 Nem
1424 4468 1486 4529 sive
1498 4468 1538 4528 ad
1551 4467 1707 4528 Adamum
1721 4465 1790 4528 illas
1804 4471 1935 4546 spectare

351 4558 434 4634 data,
449 4558 598 4618 nimirum
607 4577 672 4619 non
687 4560 837 4639 imputari
850 4567 1010 4640 peceatum
1024 4563 1119 4642 origi·
1169 4562 1263 4635 dices,
1279 4563 1342 4623 sive
1354 4560 1442 4621 aliter
1455 4558 1679 4639 interpreteris,
1693 4557 1826 4619 verbum
1836 4575 1936 4638 perca·

351 4651 433 4727 nale,
448 4650 520 4729 quia
533 4650 583 4710 lex
600 4648 711 4731 (iliosis,
724 4651 806 4712 banc
818 4653 903 4713 enim
913 4654 962 4714 lric
972 4654 1011 4713 ab
1024 4656 1122 4735 Apos-
1169 4661 1272 4714 oerum
1281 4654 1320 4714 ad
1333 4652 1483 4732 originale
1494 4657 1653 4732 peceatum
1668 4654 1715 4711 est
1728 4646 1934 4720 referendum,

351 4742 415 4803 tolo
430 4741 570 4803 denotari
588 4760 662 4802 mox
683 4742 830 4824 dicemus)
855 4762 920 4805 non
936 4751 1012 4806 erat.
1040 4738 1120 4808 Nam
1169 4747 1216 4807 uti
1228 4745 1273 4806 illi
1286 4745 1344 4826 ipsi
1361 4744 1512 4822 referunt,
1538 4743 1593 4823 qui
1615 4743 1693 4803 illud
1717 4742 1748 4801 in
1768 4761 1829 4823 quo
1843 4740 1937 4802 modis

352 4835 524 4914 etiamlege
539 4835 638 4914 posita
652 4835 805 4913 originale
820 4836 1117 4918 nonimpirtabatur‚
1168 4855 1270 4917 nuper
1296 4837 1438 4897 indicatis
1465 4836 1610 4895 reddunt.
1643 4833 1705 4894 Sed
1730 4832 1808 4919 quid
1837 4833 1876 4895 ab
1903 4849 1936 4892 eo

353 4927 462 5006 quovis
497 4927 589 4987 modo
623 4945 814 5006 exponamus
849 4928 1117 5008 imputationem3
1168 4930 1296 4991 homine
1321 4934 1486 5009 exspectes,
1513 4928 1567 5006 qui
1594 4925 1778 5004 l'heologos,
1802 4931 1834 4985 et
1860 4924 1937 5004 ipsos

352 5024 512 5098 peccatum
536 5018 621 5079 enim
655 5018 806 5095 originale
840 5038 903 5081 non
937 5027 983 5081 est
1012 5027 1120 5083 eontra
1168 5023 1365 5083 Tridentinae
1399 5019 1558 5082 antistites
1584 5019 1628 5079 ait
1653 5018 1691 5078 de
1719 5017 1781 5078 illis
1803 5015 1937 5097 Apostoli

351 5111 454 5189 legem
467 5110 582 5174 Mosis:
598 5128 662 5171 non
677 5129 750 5190 ergo
763 5130 836 5172 vere
850 5112 1120 5196 diceretuapecca-
1167 5114 1269 5175 vorbis
1292 5114 1334 5173 ita
1352 5114 1476 5188 sentire,
1501 5109 1764 5192 quemadmodum
1791 5107 1934 5183 diximus,

352 5213 414 5265 tam
430 5202 576 5284 oripr'oole
590 5222 646 5264 aon
660 5203 871 5285 imputabatur,
887 5226 979 5287 qnam
996 5206 1044 5268 ier
1063 5226 1118 5268 eoo
1172 5206 1287 5267 «nialla
1301 5206 1362 5267 alio
1377 5207 1466 5267 nixos
1484 5203 1699 5276 mandamento,
1721 5218 1820 5281 quam
1833 5200 1936 5261 libro-

350 5301 432 5358 erset.
1168 5318 1250 5373 rum,
1267 5298 1531 5379 quosal‘atribus
1544 5297 1672 5376 scriptos
1686 5295 1762 5356 falso
1771 5298 1934 5374 putarunt,

390 5391 449 5451 III.
464 5389 504 5451 At
517 5389 601 5451 enirn
616 5390 750 5468 videtur,
764 5391 867 5471 inquit
887 5393 925 5455 P.
942 5392 1116 5469 Salmoron,
1168 5398 1199 5454 et
1212 5392 1312 5453 adhue
1327 5396 1448 5472 putent.
1465 5411 1480 5448 n
1498 5388 1593 5451 Doleo
1609 5388 1649 5450 de
1663 5387 1745 5449 sooio
1764 5402 1840 5447 meo
1853 5402 1935 5446 acer-

378 5582 386 5624 1
403 5581 427 5625 v.
441 5581 473 5627 11.
486 5581 569 5627 liet
580 5581 606 5625 la
619 5593 654 5637 ep.
666 5581 694 5626 od
704 5581 829 5639 Romatisp.
843 5593 876 5626 11.
