3934 6172
19 1353 29 1370 .
141 1318 255 1365 Sententia

141 1373 253 1418 Διιοιοινο.

127 3148 255 3193 Absurdum

140 3201 247 3246 Victorini

139 3266 254 3300 commcn-

166 3316 222 3359 tum.

151 4274 241 4319 Necnon

164 4394 215 4427 rum

297 301 355 361 rso
399 253 403 259 ⁴
801 295 1125 359 rusomumsuu
1144 294 1362 358 poculum

295 470 407 537 tracta,
438 470 465 523 et
488 460 605 522 collata
628 460 691 522 luce
715 464 837 521 noctem
852 479 918 522 esse
946 462 1061 523 factam
1152 454 1775 527 lrrstirrshoeinoontroversiemvocatur,
1788 455 1859 517 uude
1886 466 1938 512 unt

294 555 423 629 asserit3
447 553 507 615 boc
522 560 568 614 est
582 553 740 637 exstincta,
763 558 799 612 ut
815 557 967 633 apparet:
983 554 1063 615 sicut
1112 554 1213 635 prima
1232 554 1297 615 dies
1319 557 1419 632 coepte
1432 550 1481 610 sit.
1502 548 1590 610 Diem
1616 547 1667 608 bic
1687 564 1771 621 voco,
1789 548 1860 624 quod
1884 523 1929 616 νέξ

294 647 406 708 deinde
419 651 577 721 renovata,
590 646 654 705 dies
667 644 797 706 estalter
811 644 945 705 effectus.
961 647 1063 712 Quam
1112 647 1209 708 Graeci
1234 646 1351 707 felicius
1376 641 1543 704 nominant
1563 648 1593 702 το
1607 648 1755 720 νυχθήμερον
1771 637 1816 699 rel
1836 647 1860 701 rt
1878 639 1944 722 μ’

294 739 474 819 opinionem
487 737 686 817 reprehendit
699 737 782 798 Beda
798 735 1060 813 inHecaemeros;
1111 746 1304 819 ἣρερονοντιον,
1333 734 1532 797 intervallum
1557 731 1641 812 quod
1667 748 1730 792 nox
1752 749 1786 791 ac
1807 730 1861 791 dies

294 849 352 892 nec
369 836 475 891 tamen
503 829 590 890 valde
612 829 725 889 idoneo
743 836 928 908 argumento
951 830 1060 904 utitur,
1111 831 1205 891 simul
1231 830 1378 904 efficiunt,
1411 832 1504 906 etque
1527 825 1676 885 horarum
1696 827 1820 902 quatuor
1836 827 1862 883 et

293 930 443 1003 tanquam
470 939 535 983 non
562 926 645 983 recte
672 920 811 982 dicturus
832 921 932 982 Moses
956 919 1061 997 fuerit,
1111 923 1223 1002 viginti
1235 920 1409 1002 computari
1432 916 1552 979 anobis
1571 916 1657 977 solet.
1679 916 1803 975 Anoete
1812 913 1863 974 ita-

274 1014 419 1076 ¹Bactros
438 1031 495 1075 esse
514 1031 637 1094 vespere,
662 1021 690 1072 et
712 1029 797 1074 mese
811 1011 890 1073 diem
908 1030 1011 1083 enum,
1026 1030 1063 1073 eo
1112 1033 1185 1095 que,
1209 1014 1273 1075 sire
1286 1011 1423 1075 tenebris
1436 1009 1630 1091 processerit,
1644 1025 1685 1068 an
1697 1024 1715 1066 e
1727 1006 1802 1082 lnce,
1814 1006 1863 1066 du·

292 1107 377 1187 quod
401 1106 434 1167 in
460 1124 588 1187 vespera
610 1104 796 1166 terminatus
822 1103 887 1165 dies
901 1110 979 1165 esset
993 1104 1063 1165 luce
1113 1106 1249 1181 bitatur;
1265 1111 1296 1166 ct
1306 1105 1462 1183 utrimque
1475 1100 1657 1163 auctoritate
1670 1098 1862 1159 contenditur.

292 1198 449 1271 restincta,
477 1216 542 1259 non
565 1202 672 1258 autem
698 1214 810 1271 mane3
834 1196 888 1258 sed
910 1196 989 1257 nihil
1003 1197 1063 1258 hoe
1111 1198 1159 1260 Ab
1186 1203 1277 1259 nocte
1290 1197 1353 1259 diei
1374 1214 1439 1258 esse
1469 1194 1589 1256 factum
1612 1191 1749 1267 mitium,
1776 1188 1865 1251 iudai

293 1297 349 1352 est.
370 1291 445 1352 Mihi
467 1296 573 1351 tamen
597 1287 774 1350 credibilius
801 1288 934 1365 videtur,
960 1288 1063 1350 lucem
1112 1291 1313 1365 arbitrantur,
1334 1307 1413 1368 quos
1434 1286 1610 1349 homiliaio
1625 1282 1755 1346 Genesim
1774 1301 1865 1362 repre-

292 1383 389 1458 ibam,
407 1382 490 1463 quod
504 1383 588 1444 idem
602 1382 684 1443 Beda
706 1380 827 1460 scripsit
844 1382 878 1441 in
892 1399 973 1460 aqua
985 1399 1061 1461 pro·
1111 1383 1220 1447 bendit
1245 1385 1381 1445 loannes
1399 1382 1653 1460 chrysostomum
1675 1376 1726 1438 cui
1747 1375 1785 1435 ab
1807 1374 1866 1435 lucc

292 1476 418 1538 ductam
431 1475 534 1551 fiisse
555 1474 620 1534 sive
642 1473 676 1533 in
695 1472 1059 1553 immansaillavaporis,
1111 1477 1239 1555 eoepisse
1262 1475 1328 1537 dies
1355 1474 1424 1535 illos
1449 1471 1577 1552 placuit,
1612 1487 1677 1530 uon
1705 1467 1745 1528 ab
1769 1472 1865 1541 nmte;

291 1586 327 1629 ec
352 1567 476 1629 nebulae
499 1566 650 1642 vastitate,
673 1583 743 1645 quse
765 1570 866 1626 totum
888 1582 982 1645 supra
1003 1570 1063 1625 ter-
1111 1569 1225 1648 quippe
1239 1567 1419 1646 invesperae
1433 1564 1561 1626 nomine
1574 1560 1652 1623 lucis
1675 1560 1773 1621 inesse
1784 1557 1866 1636 signi·

292 1679 372 1737 ram,
389 1678 513 1740 quaqua
521 1659 606 1720 visus
619 1664 726 1720 noster
739 1657 883 1738 pertinet,
900 1657 1062 1738 occupavit
1110 1661 1298 1733 fimuonem,
1328 1658 1477 1738 quoniam
1506 1672 1634 1734 vespera
1656 1653 1718 1713 diei
1743 1651 1866 1712 clausula

291 1752 437 1834 spatium.
467 1754 504 1813 In
533 1752 627 1830 hujus
661 1751 765 1831 itaque
792 1749 946 1830 superiori
974 1754 1061 1829 parte
1113 1757 1170 1826 est,
1212 1751 1291 1813 sicut
1336 1768 1428 1812 mane
1470 1748 1569 1809 noetis
1584 1757 1611 1806 ⁰.
1654 1746 1755 1819 Quare
1786 1742 1867 1803 rerba
1884 1751 1941 1813 reru

290 1845 443 1925 principio
456 1844 559 1906 lucem
572 1845 654 1904 Deus
665 1842 806 1904 accendit
820 1841 1010 1917 inferiorem,
1025 1860 1062 1903 ac
1109 1844 1164 1905 illa
1179 1863 1187 1904 ι
1204 1842 1332 1905 Factum
1351 1850 1393 1903 ert
1408 1859 1532 1922 uespere,
1551 1846 1578 1899 et
1599 1856 1685 1900 osone
1711 1835 1769 1897 dces
1789 1853 1865 1912 unm,

290 1942 383 1998 terrae
395 1936 564 2016 subjectam
587 1934 797 1996 obtinentibus
814 1933 962 1995 tenebris.
981 1935 1062 1995 Tum
1110 1936 1308 1998 tantumdem
1337 1934 1442 1996 valere
1475 1938 1575 2014 putat,
1614 1949 1650 1992 ac
1677 1930 1721 1991 sic
1750 1928 1862 2005 dicere,

291 2025 414 2086 asuduo
437 2032 526 2086 motu
552 2025 586 2084 in
614 2023 723 2085 orbem
750 2023 903 2103 agitatum
923 2023 1061 2084 lucidum
1111 2047 1150 2091 ex
1171 2027 1240 2090 lure
1273 2047 1309 2090 ac
1336 2032 1426 2088 nocte
1449 2026 1533 2087 diem
1560 2041 1670 2097 unam,
1699 2022 1759 2083 hoc
1783 2026 1868 2082 ostri

291 2116 379 2193 illud,
399 2136 435 2178 ac
458 2123 551 2178 tenue
574 2134 686 2196 corpus
700 2116 783 2177 diem
804 2116 1004 2190 cneumtulit,
1024 2133 1060 2176 ec
1111 2130 1276 2203 euprepium,
1315 2120 1477 2182 exstitisse.
1516 2118 1566 2179 Sic
1603 2115 1745 2187 Basilius,
1779 2114 1867 2173 «Ves-

291 2209 555 2289 lucis,noetisque
572 2209 706 2270 vicissim
716 2207 879 2269 intervalla
889 2207 1058 2287 descripsit,
1111 2231 1196 2295 pera,
1223 2213 1337 2292 inquit,
1367 2211 1541 2273 communis
1568 2214 1614 2270 est
1639 2207 1703 2269 diei
1725 2206 1869 2284 noctisque

290 2302 442 2363 horarum
465 2309 599 2381 quaeror
628 2306 659 2362 et
685 2299 795 2379 viginti
829 2299 926 2380 spatio
959 2304 1060 2360 totum
1110 2305 1281 2382 terminum
1305 2305 1349 2366 sic
1368 2305 1462 2366 etiem
1475 2300 1679 2365 manenoctis
1694 2297 1868 2361 audiend-

290 2399 445 2455 terrarum
465 2394 617 2456 ambitum
640 2392 842 2473 perlustrans.
866 2391 1061 2453 Minimeita·
1110 2399 1229 2459 ciuitas.
1273 2398 1313 2459 Ut
1349 2396 1445 2475 igitur
1478 2392 1720 2475 prerogativam
1753 2389 1868 2469 originis

291 2504 351 2567 qur
358 2486 507 2567 probatur
524 2484 754 2561 illorumratio‚
773 2483 945 2563 quinarem
960 2488 1062 2545 totum
1110 2491 1280 2569 assignaret
1301 2489 1373 2566 diei,
1395 2488 1482 2569 prius
1503 2487 1564 2549 diei
1591 2484 1692 2546 finem
1720 2482 1865 2563 expressit,

293 2578 346 2659 (ita
360 2578 444 2640 enim
457 2568 630 2659 appelletur
644 2576 829 2637 nebulosum
847 2595 958 2657 corpus
972 2574 1058 2657 illud)
1111 2583 1222 2644 deinde
1247 2582 1356 2656 noetis,
1381 2587 1531 2661 tanquam
1549 2596 1617 2663 ¹nox
1639 2577 1691 2638 die
1722 2576 1760 2636 sit
1781 2579 1868 2654 postc-

292 2689 385 2751 supra
420 2676 547 2746 terram,
576 2669 718 2748 infraque
752 2668 962 2729 illuminatum
996 2687 1061 2731 esse
1109 2674 1203 2736 riort.
1233 2696 1249 2733 ο
1280 2673 1403 2735 etenim
1435 2673 1573 2735 teuehroe
1592 2670 1697 2731 lucem
1719 2673 1870 2729 anmceme

291 2763 439 2838 sentiunt,
465 2767 502 2822 ut
523 2766 690 2842 perpetuus
715 2778 771 2841 per
795 2778 903 2821 omnes
925 2759 1061 2821 universi
1110 2773 1196 2828 runt.
1232 2766 1312 2827 Huic
1344 2758 1419 2846 e'rgc
1453 2766 1497 2826 sic
1529 2761 1697 2843 respondet
1730 2759 1867 2821 Basilius:

291 2860 393 2935 portes
424 2858 557 2915 exstaret
573 2853 658 2928 dies;
682 2852 853 2932 itidemque
875 2857 945 2932 post
967 2852 1061 2913 horas
1114 2861 1266 2921 «Statum
1284 2859 1374 2920 illum
1396 2858 1519 2933 mundi,
1536 2855 1591 2935 qui
1604 2851 1870 2915 creationemlucis

291 2946 455 3008 duodecim
482 2946 688 3007 intermortua
714 2944 793 3021 luce,
823 2950 971 3025 perpetua
998 2963 1062 3005 nox
1109 2951 1277 3032 precessit,
1288 2969 1354 3012 non
1367 2957 1491 3012 noctem
1504 2948 1607 3021 bdsse,
1630 2945 1683 3007 sed
1694 2943 1866 3007 tenebras.»

291 3038 440 3099 horarum
453 3038 594 3115 totidem,
1111 3044 1219 3123 ltaque
1236 3048 1302 3103 tum
1316 3047 1362 3103 est
1374 3043 1502 3104 demum
1528 3039 1701 3115 nominata,
1726 3055 1798 3099 cum
1817 3033 1869 3095 luci

333 3131 370 3191 Il.
386 3132 440 3190 Est
467 3137 572 3192 autem
599 3129 696 3190 otiosa
721 3129 778 3190 iste
801 3129 929 3209 quoetio,
953 3135 1061 3189 utrum
1110 3134 1265 3198 suecessit.

293 3227 460 3301 procreate
474 3222 566 3283 sinte
587 3223 649 3282 Deo
668 3222 817 3297 tenebrae,
832 3223 970 3301 adeoque
983 3239 1062 3283 num
1150 3229 1191 3288 At
1211 3225 1392 3288 Theodorus
1418 3223 1653 3303 Mopsuestenus
1679 3223 1765 3302 apud
1785 3222 1868 3282 loan-

293 3320 365 3376 ante
392 3314 516 3375 dierum
550 3314 677 3374 initium
709 3313 890 3383 exstiterint,
920 3315 1063 3375 nondum
1111 3336 1185 3381 nem
1221 3317 1446 3396 Philoponum,
1468 3334 1631 3395 vesperam
1661 3314 1869 3396 interpretatu

292 3406 360 3469 luce
373 3406 535 3487 producta.
550 3406 665 3467 Marius
678 3405 854 3466 Victorinus
866 3406 900 3466 in
914 3406 1061 3486 opusculo
1110 3411 1264 3485 tenebras,
1278 3427 1349 3488 quae
1363 3408 1465 3469 lucem
1478 3413 1663 3487 antegressa
1676 3412 1752 3467 sunt
1766 3426 1774 3482 ;
1789 3420 1870 3466 mene

294 3498 336 3560 De
345 3498 494 3580 princepis
511 3496 603 3571 dier,
620 3497 762 3559 tenebras
776 3496 983 3560 substantivas
996 3516 1061 3560 esse
1110 3510 1216 3565 autem
1243 3501 1338 3577 diem,
1368 3501 1431 3562 sive
1457 3500 1560 3562 lucem
1591 3501 1813 3580 insequentem.
1836 3496 1870 3558 lt

292 3596 391 3670 putat,
410 3590 520 3669 quia1a
535 3592 601 3650 Deo
615 3589 701 3651 iactoe
715 3594 851 3665 sunt;et
862 3588 1061 3669 philosophos
1109 3596 1253 3659 tenebras
1287 3598 1376 3673 putat
1407 3598 1496 3654 tanto
1519 3592 1695 3663 intervallo,
1729 3595 1869 3671 qrrentum

292 3683 484 3744 contrarium
497 3682 641 3743 docentes
654 3682 820 3760 redarguit.
839 3681 947 3762 Itaque
960 3700 998 3742 ex
1010 3702 1058 3759 eo,
1110 3687 1209 3750 noctis
1230 3691 1276 3748 est
1295 3687 1401 3762 unius,
1425 3686 1580 3746 mnndum
1608 3702 1781 3764 occupasse.
1805 3683 1869 3756 Qua

292 3777 375 3854 quod
402 3774 580 3850 subsistant,
605 3773 756 3854 producta
783 3774 853 3835 luce
880 3792 944 3835 non
967 3774 1060 3836 fuisse
1110 3781 1173 3842 dno
1187 3778 1377 3858 Philoponus
1400 3777 1609 3856 reprehendit.
1636 3776 1726 3837 Prius
1742 3774 1868 3856 quidem,

1951 3150 1952 3193 l

1951 3204 1952 3241 l

1951 3266 1953 3297 l

1951 3338 1952 3365 l

1951 3370 1952 3411 l

1951 3418 1952 3435 l

1951 3446 1952 3483 l

1951 3602 1952 3639 l

1951 3682 1952 3719 1

1951 3748 1953 3779 l

1951 3810 1952 3869 l

292 3886 416 3947 prorsus
431 3866 558 3943 ablatas,
577 3866 703 3928 «sedin
717 3867 820 3928 medio
840 3866 915 3928 orbe
929 3866 1061 3928 conden-
1109 3872 1193 3952 quod
1213 3870 1238 3930 si
1255 3887 1367 3930 verum
1387 3869 1465 3930 illud
1483 3873 1572 3945 esset,
1591 3867 1740 3930 scriheret
1758 3868 1867 3927 Moses:
1951 3876 1952 3945 1

292 3972 384 4037 satas,
409 3966 444 4020 ut
457 3959 512 4020 lux
536 3960 616 4021 facta
645 3958 780 4020 mediam
802 3963 922 4038 partem
950 3959 1061 4019 mundi
1109 3966 1152 4026 Et
1167 3966 1332 4043 lactescat
1348 3958 1866 4040 teoedroe,etlactaestluxdiesuoe;

290 4052 490 4114 illuminaret.
507 4074 522 4109 ν)
542 4051 604 4113 Sed
617 4051 699 4112 hanc
712 4050 750 4112 de
774 4051 911 4112 tenebris
934 4059 1058 4112 senten·
1108 4060 1145 4117 ut
1157 4055 1200 4116 sic
1223 4063 1254 4117 το
1267 4062 1419 4133 νυχθήμερον
1436 4057 1603 4127 constaret,
1622 4069 1687 4112 non
1708 4057 1819 4125 autem,
1838 4052 1869 4109 ut

210 4165 212 4169 ’
291 4147 369 4205 bam
396 4144 544 4207 ridebunt
569 4143 685 4223 potius,
713 4160 807 4222 quam
837 4141 1060 4204 maturandam
1108 4143 1865 4226 reveradescriptioipsepraeseiertflttpspovtsao.

292 4235 447 4316 putabunt
457 4235 695 4316 Philosophi.At
705 4235 949 4296 Manichaeorum
962 4236 1060 4311 magis
1108 4239 1299 4302 Athoeleve
1320 4242 1377 4298 est.
1393 4236 1474 4297 Nam
1492 4254 1629 4316 vespero
1649 4237 1778 4297 nomine
1790 4242 1866 4297 tene·
1951 4236 1952 4307 ᾖ

129 4324 267 4381 santoneo-,³
293 4329 388 4389 etiam
414 4328 569 4403 stolidam,
599 4328 651 4388 sed
683 4327 813 4408 impiam
842 4333 1001 4407 preterea,
1029 4331 1061 4387 et
1108 4331 1180 4393 bras
1199 4329 1414 4409 intelligendas
1433 4329 1587 4391 asserebat
1605 4329 1794 4391 Theodorus.
1812 4328 1868 4387 Nec

293 4419 497 4482 execrandam
519 4419 667 4498 jugulant
691 4419 835 4497 Basilius,
864 4417 1057 4499 Ambrosius,
1108 4422 1323 4504 appellationis
1333 4422 1472 4499 interest,
1488 4422 1551 4483 sire
1562 4430 1713 4502 νυχθήμερον
1724 4420 1865 4493 nomines,
1951 4432 1952 4513 t

291 4514 378 4574 Titus
399 4512 578 4584 Bostrensis‚
604 4512 796 4590 Augustinus
807 4532 816 4587 ;
842 4512 896 4591 qui
917 4513 1059 4575 tenebras
1109 4516 1173 4576 sive
1186 4522 1372 4596 ἥμεροννκτιον,
1382 4513 1579 4575 ἰοῐοονόΠοω
1588 4518 1723 4589 uocum,
1734 4514 1868 4591 diemque
1951 4524 1952 4597 1

291 4605 564 4668 illaseedemeum
577 4605 642 4664 Deo
656 4604 1014 4684 aeternitateeensebant,
1029 4612 1061 4667 et
1108 4607 1335 4688 complectens3
1362 4606 1625 4686 quemadmodum
1653 4624 1748 4687 quem
1779 4600 1867 4667 urae
1951 4606 1952 4659 t

290 4697 384 4778 hujus
401 4696 600 4771 adversaries,
625 4702 775 4774 tanquam
799 4697 986 4778 principium
1008 4717 1058 4760 re·
1109 4707 1260 4781 ἰσηρνρινὸν,
1276 4715 1349 4760 eum
1363 4699 1462 4759 latini
1476 4697 1709 4780 oeqer'coctrirlem
1728 4697 1867 4760 οἰνοιιΙοιο

290 4790 508 4852 rumalterum
521 4787 707 4849 statuebant.
1108 4796 1230 4867 vocant,
1243 4809 1397 4853 necexeo
1411 4808 1601 4870 consequens
1609 4795 1666 4867 est,
1678 4791 1867 4869 umquam
1951 4860 1952 4867 ρ

326 4997 348 5037 α
361 4981 510 5037 erasmo.
535 4979 603 5034 Ἀλλ’
619 4977 711 5052 ἴδωμεν
726 4981 764 5034 ὅτι
783 4979 798 5049 ἡ
824 4979 867 5052 μὲν
886 4978 976 5054 ἑσπέρα
989 4981 1059 5043 τέλος
1107 4982 1216 5055 γνιτονία
1232 4981 1316 5043 νυκτὸς
1338 4980 1398 5054 πρὸς
1410 4980 1514 5053 ἡμέραν.
1528 4981 1572 5034 ἵνα
1585 4979 1666 5034 τοίνυν
1677 4978 1709 5033 τὰ
1720 4977 1867 5052 repressisti

291 5060 343 5118 ἐστὶ
356 5069 399 5118 τοῦ
411 5065 500 5136 φωτὸς,
516 5063 558 5118 καὶ
572 5061 636 5137 ἀρχὴ
653 5065 696 5130 τῆς
708 5064 801 5126 νυκτὸς.
817 5064 831 5118 ὁ
849 5062 876 5117 δὲ
890 5064 976 5137 ὄρθρος
989 5064 1059 5128 τέλος
1107 5067 1224 5138 γενέσεως
1237 5064 1323 5138 ἀποδῷ
1337 5070 1368 5138 τῇ
1380 5063 1471 5136 ἡμέρῃ
1486 5065 1604 5136 πρότερον
1619 5057 1672 5118 εἶτε
1685 5064 1715 5116 τὸ
1737 5063 1809 5134 πέρας
1829 5061 1867 5125 τῆς

290 5151 334 5216 τῆς
346 5148 441 5212 νυκτὸς,
450 5147 491 5201 καὶ
503 5147 626 5219 πλήρωμα
639 5151 682 5214 τῆς
694 5146 796 5220 ἡμέρας.
1107 5147 1210 5222 ἡμέρας,
1226 5142 1279 5203 εἶτα
1290 5148 1319 5202 τὶν
1330 5152 1375 5216 τῆς
1385 5148 1480 5211 νυκτὸς,
1496 5148 1531 5209 ὥς
1542 5146 1692 5221 ἐρειπομένης
1700 5151 1743 5215 τῆς
1750 5143 1828 5206 νυκτὸς
1840 5143 1867 5214 τῇ

327 5231 344 5287 ὁ
362 5232 449 5288 Β1111..
464 5229 545 5287 hom.
569 5246 588 5285 11
607 5233 641 5285 itt
653 5235 795 5288 Hewaem.
819 5228 931 5303 Ἕστέρα
955 5229 998 5303 μὲν
1014 5225 1057 5284 οὖν
1106 5231 1196 5304 ἡμέρᾳ·
1210 5231 1226 5300 ἡ
1240 5231 1287 5304 γὰρ
1302 5231 1351 5304 προ
1364 5234 1407 5299 τῆς
1419 5232 1536 5303 γενέσιος
1552 5234 1596 5284 τοῦ
1610 5230 1691 5302 φωτὸς
1704 5226 1728 5282 ἐν
1742 5234 1778 5300 τῷ
1787 5227 1866 5297 κόσμῳ

291 5312 342 5369 ἔστι
355 5315 433 5377 κοινὸς
443 5314 607 5387 ὅροςήριέρας,
622 5314 662 5367 καὶ
673 5314 766 5376 νυκτὸς*
783 5314 825 5368 καὶ
841 5310 923 5386 πρωΐα
938 5312 1058 5386 decimes
1107 5315 1264 5380 κατάποσις,
1277 5312 1334 5387 οὔχὶ
1345 5309 1434 5383 ubils.
1451 5313 1517 5367 ἀλλὰ
1530 5314 1625 5376 σκότος.

317 5446 328 5490 l
343 5445 409 5494 111111
420 5447 479 5493 inter
487 5446 599 5504 Opumult
613 5446 739 5503 flegmatica
752 5445 797 5492 el’.
807 5445 873 5492 Sirm.
892 5445 1011 5491 edim-2
1023 5444 1070 5490 bib.
1083 5446 1130 5492 lde
1140 5447 1216 5492 modi
1228 5445 1281 5500 opit.
1292 5457 1312 5491 ο.
1328 5456 1390 5493 suu.
