3984 6176
126 467 219 513 roman

101 519 164 567 ῐυυιιο
174 522 246 566 llius·

138 581 217 619 tutus.

126 2973 229 3071 eddius

116 3080 190 3124 statlm
212 3089 238 3121 ao

268 279 307 338 80
779 276 1104 341 THEODOGlCORUlll
1125 276 1342 339 DOGMATUM

269 442 363 505 lause
390 443 513 519 dicitur,
541 463 605 506 non
633 448 679 505 est
703 443 813 526 lapsus,
838 449 874 505 ut
900 444 1042 506 eruditus
1092 447 1203 509 eodem
1214 442 1422 523 capita,datur
1437 438 1740 519 intelligi,quodnon
1753 435 1862 498 statim

270 535 386 616 alioqui
426 536 518 597 vertit
551 539 718 617 interpres.
754 538 818 598 Hac
852 537 937 598 enim
966 555 1041 598 voce
1089 534 1349 616 ininitiopeccati
1363 534 1401 594 de
1415 532 1492 594 coelo
1506 531 1660 611 proJectus
1682 529 1788 605 fuerit3
1804 527 1862 590 sed

270 633 430 707 peccatum
466 628 598 709 exprimi
632 629 727 704 solet,
763 629 848 709 quod
881 629 1041 691 Nemeeius
1090 631 1194 711 ipsum
1205 645 1330 709 quoque
1343 624 1548 706 expectaverit
1560 623 1708 703 patientia
1719 622 1863 699 Dei.1pse

271 719 443 796 intelligere
466 739 530 781 non
553 719 663 803 potuit.
688 721 767 782 Nam
789 726 861 782 ante
879 726 1040 801 peecatum
1090 727 1196 784 autem
1204 713 1861 793 secundumduritiemsuom,etcorimpoe-

272 811 359 873 nulla
372 810 446 892 ipsis
458 813 614 893 proposita
627 812 687 873 fuit
706 813 877 892 poenitendi
889 812 1036 890 conditio,
1089 814 1203 883 nitens,
1219 812 1300 875 iram
1315 810 1375 872 sibi
1398 807 1624 870 thesaurizavit.
1640 827 1656 865 υ
1671 808 1716 867 Ac
1728 804 1833 866 statim
1851 822 1860 863 τ

272 904 344 965 veni
393 904 1040 986 uespes,qoanihilopushabebant.dtqui
1094 905 1282 967 a'lrialraec
1295 908 1368 965 sunt
1387 902 1579 963 incrementa
1597 898 1722 980 peccati,
1738 915 1807 978 quas
1825 897 1864 958 in

272 1000 335 1058 eto
369 1002 452 1058 atam
465 997 502 1057 iis
520 997 564 1057 ait
583 996 781 1077 resipiscendi
803 996 990 1070 facultatem,
1003 1014 1042 1059 ex
1089 996 1270 1059 hominibus
1282 1011 1408 1076 quoque
1425 993 1552 1055 tandem
1565 992 1686 1070 justum
1696 988 1862 1069 consequi-

271 1084 448 1166 aliquorum
462 1085 626 1160 sententia,
643 1091 675 1148 et
688 1086 727 1146 ab
742 1085 804 1146 illis
813 1103 877 1147 esse
884 1091 1042 1165 contemp
1090 1095 1143 1151 tur
1148 1088 1304 1168 judicium
1318 1088 1384 1149 Dei.
1397 1086 1536 1148 Primum
1547 1082 1741 1163 iniquitatem
1755 1086 1864 1143 mente

272 1185 347 1241 tam.
363 1178 492 1240 Prorsus
506 1178 601 1257 igitur
614 1176 814 1239 intervallum
827 1177 1043 1258 aliquod,post
1091 1180 1277 1260 concepisse.
1307 1179 1423 1241 Deinde
1447 1178 1547 1257 ipsam
1572 1176 1768 1255 iniquitatem
1794 1193 1864 1236 non

270 1271 440 1334 admissum
464 1277 636 1350 peceatum,
653 1270 693 1331 ad
707 1270 906 1332 emerendam
920 1270 1043 1331 veniam
1091 1273 1198 1351 semel,
1211 1279 1266 1335 aut
1278 1290 1344 1334 uno
1366 1277 1448 1349 actu,
1465 1271 1519 1332 sed
1541 1267 1752 1348 multipliciter
1763 1268 1865 1329 adim-

271 1366 379 1426 datnm
392 1362 453 1425 illis
466 1368 523 1437 est,
539 1369 575 1423 ut
587 1363 703 1443 opinati
717 1370 791 1424 sunt
803 1362 865 1437 isti,
873 1381 930 1423 nec
939 1363 1044 1424 statim
1092 1366 1201 1446 plesse.
1244 1364 1360 1426 Deinde
1408 1381 1503 1444 opera
1547 1360 1717 1440 iniquitatis
1754 1359 1864 1422 defen-

272 1456 379 1518 ecoelo
392 1454 547 1516 deturbati
555 1459 639 1515 sunt.
655 1455 772 1516 Eodem
780 1472 872 1516 sensu
885 1457 1046 1516 Damasce·
1093 1458 1194 1520 dendo
1221 1475 1358 1538 peceare.
1384 1458 1500 1536 ltaque,
1520 1454 1593 1533 quia
1614 1458 1645 1514 et
1663 1454 1790 1514 inventa
1815 1458 1867 1514 aat

271 1567 332 1610 nus
350 1548 551 1628 explicandus
565 1552 621 1623 est,
641 1546 697 1626 qui
715 1547 849 1608 Nemesii
862 1547 958 1608 verba
977 1548 1044 1626 ipsa
1093 1549 1241 1629 iniquitas
1264 1550 1298 1610 in
1317 1554 1359 1619 te,
1375 1554 1407 1610 et
1430 1545 1631 1608 multitudine
1644 1544 1866 1624 negotiationis

271 1640 430 1703 transtulit
462 1640 496 1699 in
529 1638 648 1700 librum
677 1638 848 1701 secundum
870 1657 877 1698 ι
903 1660 919 1697 ο
945 1639 1041 1715 Scire,
1092 1647 1155 1704 tuae
1173 1642 1291 1722 repleta
1313 1646 1387 1703 sunt
1400 1639 1549 1700 interiora
1574 1644 1629 1698 tua
1642 1637 1815 1717 iniquitate,
1831 1643 1867 1699 et

271 1733 383 1814 inquit,
413 1737 545 1812 oportet,
574 1731 720 1812 idipsum,
755 1731 839 1811 quod
864 1730 1044 1793 hominibus
1091 1734 1237 1815 peccasti,
1253 1751 1429 1813 nonparva
1451 1729 1636 1810 intelligitur
1653 1747 1738 1791 mors
1752 1730 1786 1790 in
1801 1730 1865 1791 ini-

272 1843 357 1887 mors
370 1829 426 1902 est,
441 1824 500 1885 hoc
516 1823 642 1901 Angelis
660 1841 737 1897 esse,
753 1823 837 1902 quod
850 1822 1042 1885 exciderunt.
1093 1826 1211 1906 quitata
1220 1826 1303 1887 illius
1315 1823 1483 1902 peccatoris
1496 1823 1628 1902 antiqui,
1647 1823 1687 1884 ad
1704 1822 1865 1885 instruen-

272 1919 442 1997 Postquam
456 1914 1046 1997 enimexciderunt,nonestillispoeni-
1093 1917 1149 1979 dos
1162 1918 1274 1981 electos
1293 1917 1441 1997 Angelos,
1462 1920 1500 1976 ut
1518 1914 1643 1993 scirem,
1654 1914 1776 1993 justum
1797 1933 1867 1976 esse

272 2013 379 2072 tentiae
392 2008 488 2085 locas,
504 2012 540 2068 ut
553 2025 654 2088 neque
667 2013 737 2088 post
756 2013 890 2069 mortem
908 2007 1043 2068 homini·
1089 2010 1243 2090 judicium
1266 2009 1331 2088 Dei,
1362 2007 1501 2070 videntes
1533 2007 1627 2068 illum
1658 2012 1865 2087 peccatorem,

273 2100 610 2175 bus⁰.sQuamobrem
623 2117 688 2160 non
703 2099 852 2161 statimac
866 2103 1043 2180 peccarunt,
1094 2103 1178 2183 quod
1191 2100 1533 2180 essetiucorrigibilis.o
1547 2100 1619 2161 Haec
1632 2098 1779 2179 primodo
1797 2098 1867 2162 Vic-
1987 2116 1988 2145 l

273 2194 313 2256 de
332 2193 409 2255 coelo
438 2192 549 2272 deJ'ecti
569 2197 658 2267 sunt,
681 2209 783 2271 neque
809 2192 910 2253 veniae
936 2210 1044 2254 eonse-
1094 2194 1171 2256 toria
1200 2193 1289 2255 Verbi
1315 2192 1385 2269 Dei,
1412 2192 1526 2272 quibus
1550 2191 1611 2252 alio
1637 2192 1671 2252 in
1704 2210 1797 2272 opere
1829 2190 1869 2255 de

275 2286 407 2366 quenda
421 2303 509 2364 spem
521 2283 702 2359 amiserunt,
721 2289 757 2343 ut
769 2283 814 2343 illi
830 2287 1046 2364 putaruntAc
1096 2284 1230 2366 Glorific.
1250 2284 1337 2347 Tria.
1354 2290 1561 2347 consentanea
1571 2290 1736 2345 memoret.

275 2377 480 2451 lueruntalii,
495 2374 550 2456 qui
563 2375 621 2436 suh
635 2376 752 2437 incerta
766 2377 1045 2456 spepromerendae
1134 2379 1219 2439 XIV.
1242 2379 1311 2440 Non
1336 2377 1397 2439 alia
1419 2376 1639 2438 Cassianifuit
1663 2376 1779 2456 opinio,
1807 2377 1868 2456 qui
1967 2392 1988 2451 ⁴j

275 2468 470 2531 illiusveniae
484 2468 602 2528 diutius
615 2486 668 2529 eos
681 2466 774 2528 fuisse
793 2467 1045 2547 suspensosarbi-
1094 2469 1211 2550 duplex
1240 2470 1275 2531 in
1302 2469 1498 2532 demonibus
1525 2473 1686 2548 peocmum
1716 2468 1869 2531 exstitisse

276 2562 348 2623 trati
357 2566 445 2637 sunt,
461 2564 496 2620 ut
507 2560 661 2635 lustinus,
676 2559 896 2634 Tertullianus,
907 2560 957 2621 vel
967 2560 1047 2621 alius
1094 2562 1173 2638 vult,
1188 2581 1224 2624 ac
1237 2561 1363 2623 nonnisi
1376 2566 1446 2641 post
1458 2562 1630 2624 secundum
1641 2578 1707 2622 esse
1719 2561 1866 2638 dejectos.

277 2650 1045 2734 quispiamauctorcarminumcoctrallarcioccm¹,
1100 2656 1164 2714 «Et
1175 2654 1287 2716 idcirco
1298 2653 1435 2733 priorem
1454 2652 1520 2732 ejus
1533 2654 1668 2733 lapsum,
1684 2671 1746 2733 quo
1759 2670 1869 2733 super-

277 2745 469 2826 Epiphanius
484 2742 507 2820 ²,
523 2762 600 2824 quos
614 2762 708 2824 supra
724 2743 805 2805 libro
820 2745 932 2823 primo,
948 2743 1048 2823 rapite
1096 2745 1388 2823 biendooorruerat,
1403 2745 1570 2826 quostiam
1579 2751 1872 2826 serpensmeruerat

277 2855 332 2899 vm
348 2835 520 2917 percensui.
1097 2839 1284 2919 nuncupari,
1299 2839 1433 2900 secunda
1454 2838 1547 2900 ruina
1559 2856 1616 2918 per
1629 2836 1778 2899 invidiam
1790 2838 1869 2899 sub·

314 2930 401 2991 Xlll.
425 2916 580 3009 Rupertus
613 2927 782 2989 Tuitiensis
812 2929 846 2989 in
876 2928 978 3008 primo
1013 2926 1048 2990 de
1098 2936 1203 2993 secuta
1218 2936 1274 3008 est,
1288 2949 1359 3010 quae
1380 2930 1543 2991 inveniens
1554 2947 1627 2991 eum
1636 2929 1738 2992 adhuc
1748 2929 1871 3010 aliquid

280 3021 412 3083 Victoria
432 3019 520 3084 Verbi
528 3020 586 3083 Dei
599 3019 622 3094 ³,
637 3026 667 3081 et
681 3021 817 3082 intertio
830 3018 865 3082 de
887 3018 1047 3101 Glorifica-
1098 3019 1207 3081 insece
1221 3025 1342 3081 rectum
1355 3018 1522 3080 habentem
1536 3019 1591 3095 ita,
1604 3024 1640 3078 ut
1653 3017 1746 3079 etiam
1765 3019 1872 3097 cujus-

104 3133 173 3178 aaut
197 3136 252 3176 aaut
276 3114 354 3175 tione
382 3112 540 3174 Trinitatis
553 3112 576 3189 ⁸,
606 3113 749 3174 Nemesio
781 3113 946 3175 consentit.
981 3115 1049 3174 Duo
1098 3112 1171 3173 dam
1197 3110 1352 3190 colloquii,
1378 3110 1466 3189 alqui
1493 3110 1612 3171 consilii
1639 3128 1713 3172 cum
1738 3110 1871 3172 homine

127 3186 231 3231 occidisse

113 3240 148 3283 Αιι
177 3240 201 3289 ti,
216 3247 243 3284 cr

276 3207 362 3268 enim
375 3206 485 3267 asserit
499 3224 509 3264 .·
524 3205 658 3266 alterum
675 3224 741 3267 non
762 3205 884 3280 statim,
897 3224 933 3266 ac
947 3206 1050 3267 eondi-
1099 3210 1201 3284 posset
1215 3203 1332 3265 habere
1355 3203 1557 3279 consortium,
1573 3203 1725 3264 sententia
1743 3202 1872 3263 Domini

109 3300 251 3347 iniquorum
274 3303 326 3359 tus
350 3304 396 3358 est
422 3295 583 3358 diabolum
604 3314 755 3375 peccasse,
785 3297 934 3376 quoniam
953 3297 992 3358 de
1012 3315 1049 3358 eo
1099 3296 1258 3358 utiliterin
1271 3296 1336 3356 ima
1347 3295 1483 3375 dejectus
1497 3300 1553 3371 cst,
1575 3299 1611 3355 ut
1624 3294 1773 3373 nonjam,
1789 3295 1873 3356 sicut

115 3345 232 3390 οοιιιυυιὶτ.

275 3388 397 3469 scripsit
415 3388 572 3467 Propheta
584 3386 595 3420 ⁸
612 3406 620 3448 ι
638 3386 676 3448 la
689 3386 782 3449 medio
798 3387 931 3469 lapidum
942 3388 1050 3470 ignito-
1099 3395 1171 3451 ante
1184 3388 1316 3450 sublime
1330 3388 1447 3467 aliquid
1461 3387 1587 3448 intuens
1599 3387 1734 3448 excelsus
1749 3386 1872 3449 incede-

276 3501 344 3543 rum
353 3479 523 3555 ambulasti,
534 3479 686 3560 perfectus
698 3479 730 3539 ia
742 3479 797 3540 aiis
816 3482 903 3542 taire
917 3478 967 3541 die
979 3499 1047 3552 coa·
1098 3487 1156 3558 ret,
1171 3481 1225 3543 sed
1238 3487 1274 3542 ut
1286 3480 1351 3542 solo
1361 3480 1520 3541 coherens
1532 3484 1665 3559 reperet,
1680 3484 1711 3540 et
1721 3479 1871 3540 humilia-

275 3572 397 3634 dttionis
411 3580 482 3648 tuce,
495 3569 582 3631 donea
603 3571 722 3632 roseata
745 3579 785 3632 est
799 3571 943 3653 iniquitas
962 3576 994 3633 ta
1007 3580 1044 3635 te.
1096 3578 1147 3634 tus
1160 3591 1254 3653 super
1266 3577 1408 3634 ventrem
1427 3570 1558 3633 terrenis
1575 3571 1724 3633 vitiorum
1738 3571 1823 3647 escis,
1836 3579 1873 3633 et

275 3667 320 3726 Ac
333 3664 359 3726 si
373 3664 460 3725 nulla
471 3663 632 3742 interjecta
646 3681 735 3724 mora
755 3663 942 3742 depravatus
953 3672 1044 3743 esset,
1096 3665 1241 3746 operibus
1248 3663 1601 3745 pasceretur,occultum
1610 3663 1755 3744 deinceps
1766 3663 1872 3744 paoli-

275 3757 442 3836 videretur,
460 3756 559 3837 qualis
571 3774 656 3817 nunc
670 3760 725 3832 est,
741 3754 843 3816 talisa
862 3758 925 3818 Deo
939 3757 1046 3819 eondi-
1094 3776 1168 3819 cans
1183 3757 1344 3819 inimicum
1357 3778 1365 3833 ς
1390 3775 1426 3818 ac
1452 3773 1572 3836 ponens
1593 3756 1676 3817 inter
1703 3756 1817 3836 ipsum,
1836 3763 1873 3818 et

275 3856 326 3911 tus
338 3868 427 3913 esse:
448 3850 582 3927 ultaque
604 3866 668 3909 non
682 3866 778 3928 parva
792 3865 892 3925 mora,
907 3848 1042 3928 inquit⁶,
1093 3849 1256 3911 hominem
1284 3849 1375 3910 utiles
1406 3847 1603 3925 inimicitias,
1638 3847 1872 3928 salutaremque

276 3940 481 4023 permansisse
493 3940 528 4001 in
537 3941 640 4001 medio
654 3940 846 4019 Angelorum
857 3946 1045 4019 sanctorum,
1096 3942 1281 4003 discordiam
1295 3947 1340 4019 ut,
1356 3942 1433 4002 dum
1454 3946 1580 4002 cavetur
1607 3945 1758 4019 tanquam
1771 3940 1872 4003 hostis

275 4053 411 4114 praesens
420 4050 523 4096 sermo
533 4032 698 4109 convincit,
705 4039 764 4093 etc.
776 4033 846 4094 Non
855 4051 929 4113 ergo
939 4043 1049 4114 putan-
1096 4034 1371 4111 noxius,amicitiis
1383 4032 1587 4096 iraudulentis
1602 4032 1732 4093 ulterius
1748 4032 1873 4095 homini

276 4127 353 4187 dum
366 4132 424 4203 est,
438 4126 523 4205 quod
536 4125 679 4187 conditus
692 4125 797 4185 statim
809 4125 966 4186 ceciderit.
982 4126 1048 4186 lmo
1094 4121 1209 4188 nocere
1223 4144 1289 4187 non
1302 4130 1416 4206 posset.
1436 4146 1452 4183 υ
1477 4125 1538 4186 Sed
1555 4125 1622 4186 haec
1642 4124 1778 4185 Cassiani
1790 4124 1871 4185 ratio

275 4216 358 4279 istud
377 4234 487 4278 verum
508 4223 563 4292 est,
585 4216 660 4295 quia
680 4216 819 4296 primum
841 4217 993 4294 conditus,
1017 4222 1049 4278 et
1097 4219 1220 4299 penitus
1234 4218 1437 4294 estabsurda,
1452 4222 1606 4297 quatenm
1624 4222 1695 4297 post
1714 4215 1872 4297 superbiae

276 4314 352 4370 tunc
369 4308 497 4370 demum
516 4308 634 4388 positus
654 4317 702 4370 est
718 4310 752 4369 in
767 4308 821 4369 illo
838 4309 1047 4388 paradisocoe·
1096 4316 1269 4392 peccatum,
1298 4315 1330 4371 et
1354 4316 1440 4386 tunc,
1466 4328 1539 4371 cum
1565 4308 1682 4389 primos
1722 4313 1871 4388 parentes

276 4401 386 4464 lasti.»
403 4401 558 4478 Alterum,
573 4418 638 4461 non
659 4401 775 4478 statim,
796 4406 962 4481 postquam
975 4419 1046 4482 pec·
1097 4420 1259 4483 aggressus
1273 4408 1329 4479 est,
1349 4401 1513 4482 aliquidin
1531 4405 1703 4462 screatum
1724 4400 1871 4461 habuisse

277 4493 368 4569 cavit,
392 4511 410 4554 e
430 4492 508 4553 coelo
531 4493 694 4554 detrusum
718 4511 794 4570 esse,
819 4494 872 4554 sed
889 4493 1047 4573 aliquanto
1097 4494 1181 4556 dicit.
1196 4494 1376 4574 Nam,quod
1385 4511 1482 4555 mora
1493 4492 1664 4573 plurimum
1673 4492 1754 4554 inter
1762 4495 1871 4572 Ange·

276 4591 417 4665 tempore
439 4582 623 4660 toleratum,
651 4588 803 4664 tanquam
829 4591 1050 4665 provocaretur
1097 4586 1201 4647 lorum
1225 4585 1396 4662 conditum,
1413 4590 1444 4646 et
1464 4585 1588 4665 lapsum
1610 4584 1871 4647 intercessisseab

276 4677 316 4739 ad
329 4676 548 4757 poenitentiam
562 4695 572 4736 .·
588 4697 603 4735 ο
618 4675 680 4737 Sed
694 4682 725 4738 et
738 4674 876 4752 illud,ait
889 4679 1050 4757 Rupertus
1098 4677 1258 4741 nonnullis
1272 4677 1429 4755 asseritur,
1442 4676 1517 4738 ferri
1529 4678 1588 4739 hoc
1601 4682 1702 4757 potest
1707 4696 1716 4753 ;
1731 4674 1871 4739 mamme

277 4854 321 4922 τὴν
346 4853 466 4909 ἔκπτωσιν
490 4854 617 4928 τυγχάνειν
637 4857 680 4923 τῆς
698 4852 725 4908 ἐκ
748 4855 878 4927 μετανοίας
891 4856 1047 4929 συγγνώμης·
1135 4856 1152 4913 ὀ
1171 4856 1286 4912 Dlulsc.
1303 4855 1352 4911 lib.
1368 4854 1403 4927 ll,
1422 4871 1483 4927 cop.
1508 4871 1547 4912 tv.
1562 4853 1613 4928 Χρὴ
1628 4854 1654 4908 δὲ
1676 4854 1816 4926 γινώσοτιν,
1829 4857 1869 4911 ὅτι

276 4937 381 4998 θάνατος
389 4936 438 5010 γὰρ
460 4937 553 4992 τούτων
566 4937 581 5006 ἡ
595 4937 724 4999 ἔκπτωσις·
739 4937 787 5010 πρὸ
808 4936 834 4991 δὲ
848 4943 892 5007 τῆς
907 4937 1048 5002 ἐκπτώσεως
1098 4939 1158 5010 ὅπερ
1173 4935 1224 4993 ἐστὶ
1237 4941 1290 5000 τοῖς
1305 4938 1465 5010 &reposcet
1479 4937 1590 5000 θάνατος.
1605 4932 1679 4992 τοῦτο
1690 4939 1742 5000 τοῖς
1755 4937 1871 5010 ἀγγέλοις

275 5018 330 5073 καθ’
353 5020 491 5092 ὁμοιότητα
510 5023 554 5088 τῆς
573 5023 638 5088 ζωῆς
654 5025 704 5075 τῶν
725 5020 873 5093 ἀνθρώπων,
896 5021 936 5074 καὶ
959 5020 1047 5084 αὐτοὺς
1095 5020 1256 5090 itineraque,
1271 5021 1334 5095 μετὰ
1355 5020 1402 5093 γὰρ
1421 5021 1465 5090 τὴν
1485 5019 1605 5076 ἔκπτωσιν
1632 5019 1677 5075 οὐκ
1696 5020 1761 5075 ἔστιν
1783 5020 1871 5084 witois

277 5096 400 5165 ἀξιοῦσθαι
410 5103 563 5175 συγγνώμης·
580 5104 639 5176 ὅπερ
654 5102 848 5176 μὴποιήσαντες,
862 5104 1044 5177 delmestac,
1096 5106 1222 5176 μετάνοια,
1240 5106 1323 5178 ὥσπερ
1335 5103 1392 5158 etot
1406 5107 1457 5169 τοῖς
1470 5103 1605 5177 ἀνθρώποις
1623 5104 1686 5178 μετὰ
1695 5105 1738 5159 τών
1751 5103 1867 5159 θάνατον.

276 5185 317 5239 καὶ
331 5184 516 5249 distortionem
544 5185 629 5259 ἔχουσι
649 5186 679 5242 τὸ
703 5187 790 5241 λοιπον
813 5191 856 5256 τῆς
868 5186 988 5260 τιμωρίας
1000 5187 1044 5256 τὴν

276 5269 446 5342 προσήκουσαν
461 5268 539 5337 δίκην.

308 5401 316 5446 l
329 5399 377 5447 tto.
388 5399 408 5453 l,
423 5413 443 5446 c.
454 5412 518 5447 111.—
527 5399 542 5445 t
552 5400 608 5447 lter.
617 5412 714 5446 xxxin·-
724 5402 738 5447 a
749 5402 802 5458 Cap.
814 5413 885 5446 ιιι·-
896 5400 909 5446 l
920 5400 973 5458 Gap.
983 5413 1005 5446 rr
1014 5408 1037 5447 et
1048 5400 1115 5447 a-5
1128 5403 1208 5449 aaa.
1222 5414 1321 5449 ulna·
1336 5402 1350 5449 o
1361 5403 1414 5460 Gap.
1425 5414 1470 5456 sn,
1479 5403 1518 5453 tlt.
1526 5404 1553 5451 ds
1568 5403 1746 5453 Victor.leol.
1756 5402 1778 5459 8,
1790 5414 1812 5448 c.
1820 5414 1841 5447 x.
