3932 6172
347 288 407 349 320
823 378 827 387 .
856 281 1182 345 THEOLOGlGORUM
1202 281 1422 345 DOGMATUM

346 449 536 527 injunctum,
551 446 776 524 necessitatem,
791 447 824 509 id
832 452 879 509 est
886 451 1030 527 repentem
1037 444 1108 522 vim,
1160 451 1264 507 turam
1277 451 1545 526 exequaenw.»
1563 443 1877 526 Ibiergovisestaliqu,

348 541 511 619 Apostolus
523 538 696 602 nominat¹.
712 538 826 601 Sicille
840 533 1111 615 officii,velmoris
1165 537 1322 599 «dumah
1336 534 1511 617 corruptela
1532 538 1572 597 ad
1590 536 1792 615 integritatem,
1808 537 1880 600 liban
1937 534 1938 561 ί

347 631 387 690 ab
414 632 556 692 omnibus
582 630 697 710 recepti
721 628 902 691 necessitate
926 634 1047 690 coactus
1070 626 1110 689 ad
1161 646 1218 689 sua
1243 630 1402 705 electione,
1429 647 1498 709 quae
1524 634 1634 690 natura
1660 627 1881 708 potinreinna

346 722 539 802 largiendum
563 724 602 784 de
624 741 691 799 suo,
712 728 743 783 et
761 723 793 782 in
808 738 911 782 arcam
923 719 1111 782 Ecclesiasti·
1160 720 1293 782 transire
1303 720 1416 800 cogitt.
1434 743 1447 780 s
1462 722 1544 782 Tum
1555 738 1627 783 vero
1638 719 1881 798 mandatum,quod

347 831 415 875 cam
427 814 648 876 eonferendum
658 813 682 875 ¹.
708 814 810 893 Atque
823 814 882 874 hoc
902 831 1001 892 genus
1022 829 1110 873 coac·
1161 819 1327 893 δουλοπρεπὲς
1341 820 1462 894 ἐπίταγμα
1473 817 1574 886 vocat,
1597 812 1629 873 id
1641 809 1797 885 estsontte,
1812 828 1880 892 pmp

346 906 440 966 tionis
472 906 618 968 latissime
651 911 752 986 patet,
787 924 823 966 ac
858 911 922 965 tam
953 920 1113 965 sacrorum
1161 907 1210 963 ter
1232 905 1308 982 vim,
1331 922 1368 966 ac
1385 904 1607 977 necessitatem,
1631 901 1883 982 opponitqltctqa

345 996 509 1073 librorum,
520 1015 615 1076 quam
624 997 810 1076 scriptorum
818 998 960 1057 omnium
972 1013 1032 1056 usu
1044 1012 1113 1075 per·
1162 1004 1299 1078 αομιοολῇ,
1333 996 1365 1059 id
1398 1001 1445 1057 est
1478 994 1602 1057 liberati
1632 992 1757 1055 comitio.
1782 993 1883 1072 Apparet

344 1094 492 1166 vagatum
514 1093 568 1150 est.
593 1089 673 1150 Nam
687 1088 781 1149 etler
802 1089 869 1168 ipsa
886 1086 1113 1149 divmavincu-
1162 1092 1267 1149 autem
1292 1088 1326 1148 in
1350 1088 1404 1149 illo
1433 1087 1569 1168 Apostoli
1590 1086 1667 1160 loco,
1686 1102 1774 1165 quem
1788 1084 1884 1145 Basliu

345 1178 459 1255 lorum,
475 1187 507 1243 et
527 1179 722 1260 compedum,
739 1199 774 1241 ac
785 1179 855 1259 jugi
868 1180 962 1240 etiam
975 1178 1114 1259 appella·
1163 1185 1298 1257 enarrat,
1325 1180 1459 1259 perlecta
1483 1179 1617 1241 formula
1643 1177 1744 1238 liberae
1765 1177 1884 1238 electionis

345 1271 430 1332 tione
444 1278 596 1349 censetur,
612 1291 648 1333 ac
663 1278 847 1334 ceterorum
860 1271 1024 1350 ejusmodi3
1042 1287 1112 1350 quas
1163 1276 1308 1332 neutram
1322 1270 1355 1332 in
1368 1276 1489 1351 partem
1505 1269 1682 1332 necessitate
1694 1269 1885 1349 pmpcndentis,

344 1362 419 1431 vim,
434 1364 635 1439 coactionem,
649 1362 1113 1444 acprcmentemetalligantem
1164 1361 1218 1423 sed
1237 1369 1348 1443 suopte
1370 1363 1546 1424 inclinantis
1564 1361 1701 1437 arbitrio,
1718 1378 1823 1422 aecum
1834 1359 1886 1420 deli

345 1455 557 1517 necessitatem
579 1455 771 1535 significant3
807 1472 876 1534 quae
910 1453 1058 1530 libertati,
1082 1457 1114 1513 et
1164 1452 1341 1532 berationis,
1358 1460 1389 1516 et
1402 1454 1645 1530 consultationis,
1665 1451 1887 1532 qsiaeillamante
1940 1442 1941 1477 ί

344 1545 489 1623 licentioe,
504 1565 540 1608 ac
552 1546 706 1627 potestati,
729 1552 760 1608 et
773 1547 839 1626 juri
851 1545 960 1622 libero,
974 1550 1006 1606 et
1018 1561 1111 1623 expe·
1165 1545 1255 1623 cepit.
1278 1546 1369 1623 Nam,
1391 1546 1510 1606 sublata
1524 1546 1557 1606 vi
1578 1544 1718 1625 precepti
1739 1543 1886 1622 cogentissc

345 1637 409 1698 dito
422 1638 508 1699 velut
520 1657 559 1699 ex
571 1638 699 1699 adverso
716 1638 892 1718 respondet.
911 1637 1113 1698 Hinctritum
1165 1634 1410 1714 determinantis,
1434 1655 1502 1698 rem
1524 1637 1677 1716 integram
1692 1635 1886 1712 voluntatiper·

344 1728 421 1789 illud
434 1728 640 1809 Arignstini³z
660 1750 676 1788 ι
698 1730 782 1790 Felix
801 1728 974 1805 necessitas,
989 1746 1059 1808 quoe
1073 1726 1113 1787 ad
1165 1725 1260 1787 mittit
1267 1748 1276 1804 ;
1290 1745 1360 1807 quaa
1373 1729 1406 1789 in
1419 1728 1522 1789 medio
1535 1728 1646 1807 posita,
1661 1733 1693 1788 et
1703 1730 1887 1805 utraquepartc

345 1820 475 1882 meliora
483 1822 650 1902 compellit.
666 1842 681 1879 ο
700 1822 853 1902 Loquitur
863 1826 969 1882 autem
982 1821 1020 1881 de
1033 1819 1112 1880 obli·
1164 1816 1330 1897 diligenter
1339 1837 1485 1899 expensa,
1492 1822 1615 1900 suisque
1629 1818 1787 1881 momentis
1793 1816 1886 1889 librata
1941 1868 1942 1879 ,

343 1911 477 1990 wdone,
507 1931 603 1992 quam
632 1918 741 1974 votum
775 1912 934 1973 servande
967 1909 1113 1971 castitatis
1165 1910 1249 1988 quod
1269 1909 1393 1971 libitum
1413 1916 1469 1989 est,
1487 1914 1622 1988 asciscat,
1641 1906 1888 1992 potestotcmdcten

344 2003 445 2081 affert,
469 2005 519 2065 cui
544 2004 720 2066 libertatem
740 2005 885 2084 opponit:
914 2025 926 2061 ι
953 2002 1015 2063 Sed
1037 2002 1112 2082 quia
1162 2002 1499 2082 proprmvolootctsse.

340 2092 409 2172 jam
434 2094 558 2168 νονιιιί,
580 2096 633 2171 ait,
654 2095 722 2174 jam
739 2101 771 2156 te
793 2095 1001 2170 obstrinxisti3
1026 2093 1111 2155 aliud
1206 2090 1888 2175 SicChrysostomushomiliamuicllotttcun

344 2185 401 2246 tibi
423 2185 525 2247 tacere
548 2204 613 2246 non
635 2187 718 2249 licet.
744 2188 926 2266 Priusquam
949 2204 1030 2248 esses
1046 2186 1111 2246 voti
1164 2183 1217 2260 ait,
1234 2185 1401 2264 Christum,
1421 2187 1489 2247 nob
1502 2202 1660 2249 summam
1678 2204 1763 2249 suam
1776 2184 1888 2264 benigni·
1942 2260 1943 2275 χ

344 2295 427 2354 reus,
442 2277 576 2338 liberum
588 2276 657 2352 fuit,
675 2297 737 2358 quo
750 2297 831 2340 esses
843 2278 984 2353 interior;
999 2296 1110 2357 quam-
1165 2281 1270 2352 tatem,
1290 2279 1425 2340 uolubsc
1437 2279 1514 2360 legis
1527 2280 1709 2343 necessitato
1720 2276 1889 2357 virgulata
1942 2286 1943 2307 ¹

344 2369 390 2430 vis
412 2388 477 2431 non
500 2369 540 2431 sit
558 2370 743 2448 gratulanda
768 2371 904 2444 libertas,
927 2388 989 2449 qua
1008 2370 1054 2445 fit,
1075 2375 1112 2430 ιιι
1165 2369 1331 2445 includere,
1359 2377 1417 2432 etc.
1443 2376 1479 2431 ut
1511 2373 1613 2451 majus
1645 2371 1792 2433 electionis
1813 2368 1890 2428 libera

344 2479 409 2536 non
431 2461 581 2523 debeatur
606 2462 691 2541 quod
718 2480 791 2523 eum
817 2462 904 2523 lucro
926 2461 1107 2523 redditur.»
1164 2462 1302 2523 studium
1322 2461 1434 2524 maest.
1456 2484 1472 2521 n
1498 2465 1606 2543 ltaque
1629 2463 1834 2537 necessitatem,
1844 2458 1890 2518 sire

345 2555 427 2631 Ergo
450 2553 517 2614 haec
541 2554 709 2615 necessitas
730 2553 913 2632 neutiquam
935 2553 1112 2616 abhorrete
1164 2554 1367 2632 coactionem,
1387 2574 1482 2635 quam
1502 2556 1553 2617 lex
1569 2555 1775 2618 voluntatibus
1791 2550 1891 2632 imponit

344 2644 514 2720 voluntate,
530 2662 603 2705 cum
617 2644 656 2705 sit
668 2645 796 2721 coactio,
813 2663 874 2724 qua
885 2643 1048 2706 obstrictus
1061 2651 1111 2708 te-
1163 2646 1340 2725 hominum,
1365 2657 1559 2729 ιῇκροιιιρέαιι,
1582 2648 1682 2719 idest
1695 2647 1779 2710 litero
1797 2640 1891 2707 οαθίθθ
1943 2670 1944 2711 ι

345 2741 448 2812 ιιοιιιι,
476 2754 512 2797 ac
533 2737 604 2815 jure
625 2736 750 2812 amisso,
764 2736 850 2797 velut
862 2738 960 2816 capite
973 2737 1112 2799 minutus
1165 2739 1351 2800 contrariam
1359 2739 1691 2819 tacitcbrysostomus.
1943 2730 1944 2737 ί

344 2827 508 2908 quispiam.
534 2827 670 2905 Etenim,
692 2829 746 2908 qui
767 2833 851 2904 voto,
875 2828 926 2889 val
946 2828 1008 2908 legi
1019 2830 1112 2891 etiam
1205 2831 1255 2892 Sic
1266 2832 1395 2892 Basilius
1413 2833 1448 2893 in
1464 2831 1544 2892 lilino
1558 2832 1599 2892 lV
1618 2840 1719 2893 cosdro
1730 2829 1760 2892 E
1760 2829 1889 2899 νησαίαν,

344 2919 471 2997 invitus,
500 2926 531 2981 et
556 2925 680 2981 coaetus
702 2920 907 3000 obtemperat,
940 2919 1046 2996 libere,
1076 2940 1113 2982 ac
1163 2922 1325 2984 haereticos
1345 2922 1467 2998 retollit,
1493 2923 1548 3002 qui
1570 2923 1685 2984 Filium
1706 2920 1780 2983 nihil
1801 2918 1850 2979 nisi
1864 2933 1892 2977 cr

343 3012 503 3073 voluntate
524 3012 589 3090 agit
610 3012 653 3081 id,
678 3013 761 3091 qnod
784 3014 843 3089 lex,
868 3017 899 3074 et
919 3011 1010 3074 officii
1032 3013 1112 3074 ratio
1164 3016 1311 3076 mandato
1324 3015 1422 3075 Patris
1440 3013 1550 3076 facere.
1568 3014 1733 3090 dicebant;
1750 3007 1892 3091 oqrrodab
1944 3078 1945 3097 2

343 3103 524 3182 praeseribit,
550 3122 587 3164 ac
609 3103 666 3164 sibi
690 3104 756 3165 vim
781 3103 874 3179 facit;
894 3104 945 3165 cui
958 3105 1112 3168 violentiae
1164 3107 1293 3167 surdum
1307 3106 1357 3183 sit,
1373 3106 1515 3167 homines
1528 3106 1658 3185 quidem
1672 3111 1703 3167 et
1717 3103 1893 3176 bonorumet

344 3213 478 3275 regnum
497 3196 591 3256 etiam
610 3195 760 3257 coelorum
776 3195 933 3257 interdum
946 3202 1053 3276 patere
1065 3199 1111 3260 di·
1165 3199 1320 3261 malorum
1340 3215 1396 3277 pro
1416 3197 1545 3258 arbitrio
1565 3215 1620 3258 suo
1632 3198 1762 3259 factores
1773 3211 1844 3267 esse3
1857 3190 1892 3250 Fi·

345 3287 437 3348 citur.
612 3329 615 3336 -
1164 3291 1368 3364 liumautem,
1382 3289 1522 3368 ιιιιοιιινὶε
1546 3290 1627 3350 Deus
1649 3290 1700 3365 sit,
1725 3287 1829 3350 nutam
1844 3299 1893 3344 mm

113 3399 120 3413 ·
182 3422 230 3473 0„
245 3427 311 3463 nnn
385 3380 425 3440 V.
444 3381 486 3440 lte
499 3378 638 3459 plerique
659 3383 838 3440 sanctorum
857 3379 984 3441 Petrum
1001 3380 1040 3442 de
1053 3382 1113 3443 vir·
1164 3400 1221 3462 pro
1234 3385 1393 3461 potestate,
1409 3399 1499 3460 posse
1512 3380 1646 3442 taceret
1672 3402 1688 3439 n
1714 3381 1820 3458 Nempe
1836 3392 1894 3455 pre

219 3471 275 3527 ¹⁸s¹³
345 3469 579 3548 ginitate,·utet
592 3471 729 3550 reliquis,
745 3490 815 3551 quae
829 3472 956 3534 consilia
967 3473 1113 3535 fficirntm
1165 3474 1244 3554 cepti
1258 3473 1470 3535 necessitatem
1480 3473 1586 3535 libere
1600 3468 1894 3548 voluntati,acplene

187 3524 307 3623 ⁰b¹d⁸e⁰d¹⁰⁵
346 3560 537 3640 Evangelica,
572 3561 693 3623 nullam
724 3563 793 3622 ideo
826 3563 928 3642 legem
950 3582 969 3624 a
992 3565 1112 3625 Christo
1163 3565 1298 3627 libertati
1310 3564 1360 3625 vel
1371 3582 1410 3626 ex
1422 3564 1549 3625 adverso
1562 3563 1808 3644 objicitEavero
1819 3573 1896 3620 umes

173 3628 309 3733 wflffi‘ssss,
346 3650 449 3713 datam
465 3658 617 3725 asserunt,
633 3658 668 3713 nt
680 3670 721 3713 ne
732 3661 916 3732 cogerentur
928 3655 968 3715 ad
982 3673 1018 3715 ea
1031 3674 1112 3735 praa·
1164 3657 1236 3718 sitas
1248 3655 1421 3717 libertatem
1431 3674 1496 3716 non
1508 3656 1627 3717 adimit.

174 3740 321 3839 Ppsslffgtffib
345 3746 456 3806 stands
466 3745 509 3821 vi,
525 3762 561 3805 ac
573 3745 754 3805 necessitate
765 3745 918 3822 homines,
934 3746 989 3806 sed
1003 3746 1110 3826 libere,
1204 3748 1258 3808 VI.
1274 3747 1440 3826 Gregorius
1449 3748 1660 3809 Nazianzenus
1673 3746 1708 3808 in
1718 3741 1896 3827 priorelooec·

220 3854 280 3890 rsus·
345 3856 381 3898 ac
402 3843 511 3917 sponte
534 3855 601 3912 sua,
628 3838 683 3917 qui
704 3836 829 3913 vellent,
848 3855 884 3898 ea
902 3845 1110 3917 capesserent:
1163 3837 1225 3899 tino
1247 3837 1451 3900 tralationem
1473 3838 1613 3900 similiter
1626 3838 1829 3901 necessitatem
1838 3847 1898 3911 pre»

348 3949 363 3987 α
377 3928 507 3990 Volebat
520 3928 615 4005 enim,
641 3946 706 3989 non
725 3928 870 4007 precepti
888 3946 956 3989 rem
973 3947 1038 3990 esse
1052 3948 1114 3991 ser·
1163 3929 1244 4008 cepti
1257 3931 1386 4009 opponit
1406 3928 1512 3990 libcrae
1531 3930 1689 4007 electioni,
1709 3946 1778 3990 cum
1789 3927 1835 4000 ait,
1850 3921 1898 3980 rin

343 4025 422 4082 vatoe
434 4020 618 4099 virginitatis
640 4019 790 4080 eximium
812 4020 942 4096 lacinus,
961 4020 1005 4080 ait
1027 4021 1111 4081 Basi-
1162 4020 1230 4100 lege
1252 4027 1357 4081 nostra
1379 4021 1522 4099 quedam
1545 4019 1779 4103 obtemperandi
1797 4011 1900 4079 necess·

343 4110 413 4186 lius,
428 4113 482 4173 sed
493 4113 640 4173 virtutem
664 4111 796 4172 amantis
820 4111 933 4172 anima
954 4111 1112 4190 singulare
1162 4117 1258 4173 tatem
1272 4112 1445 4190 imponere,
1468 4129 1538 4192 qum
1561 4113 1628 4174 siue
1646 4112 1782 4193 periendo
1795 4112 1898 4189 preter·

343 4203 447 4272 decus,
471 4223 542 4283 quae
564 4209 673 4283 suapte
694 4202 792 4264 libera
812 4203 982 4279 voluntate,
1002 4221 1038 4264 ac
1058 4220 1113 4282 per
1162 4201 1245 4264 mitti
1262 4210 1441 4282 nequeunt;
1457 4203 1519 4264 alia
1532 4222 1597 4265 non
1610 4204 1786 4267 necessitate
1801 4212 1899 4278 tegete,

344 4312 410 4355 sese
420 4292 463 4370 id,
477 4295 560 4373 quod
573 4312 668 4375 supra
680 4293 782 4375 legem
804 4299 860 4371 est,
883 4312 1039 4374 supraque
1058 4313 1113 4356 na·
1163 4295 1216 4356 sed
1236 4294 1271 4354 in
1288 4294 1439 4356 electione
1460 4294 1558 4357 libera
1580 4313 1646 4358 esse
1675 4295 1772 4377 posita
1781 4291 1799 4352 '.
1823 4310 1838 4348 ν
1859 4286 1899 4348 Sit

378 4509 400 4550 c
417 4493 503 4549 ssia.
524 4492 562 4549 de
579 4509 652 4551 vera
679 4497 797 4567 Vtrqtn.
818 4500 847 4551 at
872 4509 948 4566 seqq.
973 4492 1110 4549 Ἐὀοιλιτο
1159 4494 1189 4548 τι
1209 4496 1310 4567 πρᾶγμα
1332 4495 1485 4562 κλεισθῆναι,
1510 4494 1606 4550 citabo
1629 4495 1724 4567 ἄφατον
1745 4493 1812 4549 attat
1828 4488 1900 4562 ίνιινθ

342 4577 389 4650 γὰρ
410 4576 443 4649 μὴ
458 4575 580 4646 ἐπίταγμα
598 4571 660 4630 εἶναι
688 4577 717 4631 rb
742 4578 890 4649 κατόρθωμα
912 4580 955 4644 τῆς
968 4576 1107 4649 παρθενίας·
1158 4596 1230 4645 τητα,
1257 4584 1312 4634 etc.
1336 4576 1396 4631 Ἵνα
1414 4578 1505 4632 πλείων
1528 4583 1571 4646 τῆς
1593 4570 1901 4652 τροαιρίσιιοςθοιλοιιμία

343 4657 408 4711 ἀλλὰ
425 4657 594 4729 τλαονίκτημα
609 4658 738 4730 φιλαρίτοο
765 4660 858 4731 ψυχῆς,
882 4658 931 4712 derb
957 4657 1110 4720 αθτεξονσίον
1159 4662 1267 4731 γένηται.

342 4739 465 4804 αθθεντίας
478 4739 507 4794 ab
521 4738 580 4812 θτιρ
594 4738 639 4806 τὴν
654 4738 764 4806 ἐντολὴν,
777 4739 818 4792 καί
839 4738 900 4812 trip
916 4739 960 4809 τὴν
975 4741 1044 4813 ptari
1068 4739 1110 4812 ἀφ’
1194 4757 1209 4798 e
1227 4742 1313 4797 Basti..
1334 4742 1382 4795 Καί
1402 4748 1455 4805 πῶς
1472 4740 1516 4796 οὔκ
1533 4742 1636 4807 ἄτοπον,
1658 4742 1796 4816 ἀνθρώποις
1813 4736 1850 4812 μιν
1868 4734 1900 4787 καί

342 4821 428 4891 ίαοιῆς
441 4821 614 4895 κατορθούσης.
1074 4852 1078 4861 «
1159 4822 1310 4896 ἀγαθῶνκαὶ
1329 4833 1410 4880 κακῶν
1432 4820 1494 4879 εἶναι
1516 4825 1618 4893 ποιητὰς
1641 4824 1812 4888 decoctor
1826 4815 1900 4874 τθνθί

329 4909 332 4915 ’
379 4905 482 4961 blbld.
503 4904 587 4966 Οθτως
601 4903 649 4958 tat
663 4904 752 4976 φθοραῖς
766 4901 800 4965 alc
815 4902 946 4976 ἀφθαρσίαν
957 4902 1001 4972 τὴν
1022 4903 1109 4959 toarcii
1158 4906 1277 4959 υίθνθοθν
1291 4906 1464 4980 ὄνταμηδενθς
1478 4905 1532 4960 κατ’
1546 4905 1655 4968 ίξονσίαν
1668 4902 1850 4973 σίναιιτοιηιήνι

342 4987 411 5060 φίσιν
419 4986 537 5060 κρείττονι
546 4992 590 5055 τῆς
603 4986 695 5058 picam
709 4986 846 5059 τροαιρίσει
861 4987 983 5057 βιάσηται.
1194 4987 1215 5062 s
1230 4988 1318 5044 (inno.
1335 4990 1448 5047 lertn.
1468 4987 1526 5043 Ὅτι
1540 4992 1583 5057 τῆς
1597 4989 1718 5062 ἥματίρας
1731 4983 1861 5060 νομοθεσίας
1876 4978 1902 5033 τί

379 5070 504 5141 etpost·
527 5071 538 5125 l
562 5074 625 5128 Gor.
651 5084 700 5137 vti,
719 5070 765 5126 37.
790 5067 920 5129 ’Eteoclea
943 5070 970 5123 δὲ
983 5068 1035 5142 ἔχει
1054 5069 1109 5141 περὶ
1159 5069 1202 5142 μὲν
1217 5071 1323 5144 ἀνάγκην
1337 5073 1389 5146 ἔχει
1403 5078 1456 5136 τοῖς
1476 5070 1682 5145 ἐπιταττομένοις·
1697 5073 1713 5125 ἃ
1730 5063 1902 5141 κσίμθᾳθίτ·

342 5158 386 5208 τοῦ
400 5152 461 5207 ίδίον
474 5153 619 5224 θελήματος.
1157 5171 1227 5208 τουσι
1240 5155 1359 5231 κίνδυνος·
1373 5155 1404 5210 ea
1417 5155 1445 5209 δὲ
1457 5154 1502 5210 οθκ
1515 5154 1633 5228 ἀνάγκην,
1648 5156 1741 5228 ulpian
1752 5153 1787 5208 te.

376 5235 656 5294 dflom.1.xnt.llcl
678 5233 724 5289 οθκ
746 5233 821 5306 ἀφιείς
843 5234 877 5297 εἰς
902 5234 1009 5308 ἀνάγκην
1033 5236 1110 5307 νόμον

370 5406 381 5450 i
396 5403 406 5449 l
418 5406 467 5454 Gor.
479 5402 625 5460 inid-21
637 5403 686 5451 Gor.
699 5415 729 5457 ιι,
740 5404 810 5449 t.-s
823 5401 893 5465 ¹Epist.
905 5414 953 5448 m.
