3948 6172
465 334 516 398 bn
537 334 704 399 OPIFIOIO
725 336 799 400 SEX
820 337 987 418 DIERUM,
1013 341 1085 404 tta.
1107 342 1146 419 V,
1169 344 1253 408 GAP.
1276 346 1343 408 ΧΗ.
1635 357 1690 418 tot

101 497 193 575 Hoec,
213 498 354 579 inquam,
379 505 411 560 et
429 500 552 575 similia,
574 503 692 582 quain
712 502 878 583 Scripturia
926 504 1023 583 gelos,
1046 526 1083 571 aa
1108 509 1214 572 beatos
1239 514 1418 595 praedicant,
1448 519 1472 579 si
1500 526 1547 579 est
1571 518 1697 585 libertis

102 590 348 653 innumerabilia
382 599 471 669 suut,
505 594 619 673 quibus
646 594 878 675 indifferentiam
927 599 1027 677 posita
1049 598 1082 660 in
1104 601 1189 677 horti,
1219 606 1355 685 malique
1377 608 1506 673 delectu.
1537 613 1597 673 Sed
1623 613 1697 677 huia

101 683 273 759 significari
296 683 411 745 latetur
430 685 494 761 ille,
522 703 588 746 non
614 688 695 748 hanc
721 688 879 750 declarant
922 689 989 767 jam
1010 694 1211 769 occurrimus,
1235 698 1270 757 in
1299 702 1493 763 antecedenti
1524 708 1696 783 praesertim

102 774 271 854 diumodi,
295 795 358 855 qna
374 776 414 838 ab
434 796 511 851 uno,
525 779 608 856 quod
618 779 686 858 jam
701 780 875 855 ascivimus,
927 783 1039 861 capite,
1060 804 1134 846 cum
1154 788 1197 848 ita
1219 789 1355 851 diximus
1378 793 1585 871 :libertatem
1601 816 1696 876 qnam

102 868 234 944 mutari,
259 875 291 929 et
308 869 473 930 transitum
496 869 596 931 lacere
613 871 647 932 in
668 870 752 932 aliud
767 891 876 952 possu·
926 876 1141 937 contrarietatis
1152 880 1333 957 nominant,
1345 903 1410 944 non
1423 891 1548 947 tantum
1562 888 1647 964 boni,
1661 908 1696 952 ac

102 976 185 1037 mua,
223 965 350 1040 propter
377 961 505 1021 insitam
537 963 787 1040 mutabilitatem,
823 964 877 1025 sed
925 966 1112 1030 malliacere
1126 971 1427 1048 discrimen,verum
1447 979 1529 1039 inter
1543 979 1604 1039 alia
1617 1001 1694 1060 quo-

100 1050 196 1111 talem
232 1050 379 1131 profecto,
404 1071 466 1132 qua
499 1055 641 1115 nondum
668 1055 813 1131 devincti,
845 1061 877 1116 et
925 1074 985 1135 que
999 1057 1183 1139 discernere,
1200 1082 1269 1142 quaa
1290 1070 1459 1147 utcumque
1475 1080 1695 1150 comparantur

100 1141 225 1219 irretiti,
242 1149 297 1204 ant
309 1145 507 1206 determinati
519 1165 583 1207 uno
592 1147 741 1226 quopiam
754 1148 876 1209 exduo·
924 1148 1068 1226 invicem,
1085 1158 1117 1213 et
1131 1153 1165 1212 in
1179 1154 1433 1234 disceptationem
1447 1168 1607 1224 vocantur.
1625 1167 1693 1226 Hu-

99 1233 168 1305 bus,
200 1240 372 1316 rrtrnmqua
391 1238 520 1316 judicio,
551 1238 740 1318 arbitrioque
769 1245 875 1301 nostro
921 1239 1058 1318 jusmodi
1072 1243 1106 1303 in
1120 1246 1241 1323 Deo,ao
1254 1247 1352 1309 beatis
1367 1251 1512 1329 inveniri,
1528 1274 1606 1334 quos
1619 1275 1693 1316 con-

99 1328 334 1408 perpendimus,
343 1329 419 1391 etad
432 1330 516 1409 quod
529 1330 874 1393 nolumusvoluntatem
925 1336 984 1393 stat
996 1334 1194 1413 multavelle,
1208 1343 1239 1399 et
1253 1340 1366 1418 eligere
1385 1343 1525 1406 facienda
1544 1348 1582 1407 de
1596 1349 1693 1427 pluri-

100 1424 242 1481 nosham
261 1421 430 1502 adjungere
453 1440 628 1502 passumus.
644 1424 713 1485 Non
727 1424 812 1485 enim
829 1425 874 1485 ita
924 1422 993 1501 bus,
1011 1445 1092 1506 quae,
1114 1429 1139 1489 si
1157 1431 1283 1508 vellent,
1302 1433 1521 1513 voluissentve,
1549 1444 1694 1518 poterant

100 1528 155 1572 nos
170 1511 330 1574 humatur.
352 1533 364 1571 a
388 1514 436 1574 Ab
456 1515 529 1593 igne
551 1516 683 1577 transire
702 1517 741 1577 ad
759 1535 874 1597 aquam
924 1517 1077 1596 omittere,
1098 1528 1129 1580 et
1162 1522 1209 1582 his
1244 1524 1304 1584 alia
1337 1527 1493 1604 preferre.
1521 1531 1582 1590 Cur
1609 1533 1693 1592 enim

100 1609 197 1681 potes,
213 1604 371 1665 velavlta
387 1612 533 1683 mortem,
552 1607 603 1668 vel
621 1608 736 1668 abono
753 1610 793 1669 ad
806 1627 872 1670 ma·
924 1607 1083 1671 Socratem
1110 1615 1222 1692 potius,
1252 1633 1347 1694 qtrarn
1380 1619 1476 1680 alium
1504 1640 1543 1681 cx
1571 1623 1694 1685 infinita

99 1692 176 1770 lum,
191 1703 279 1757 aute
293 1697 448 1758 contrario
462 1698 564 1759 abhis
578 1699 618 1759 ad
636 1699 691 1759 illa
703 1702 834 1774 mutari;
852 1724 868 1760 a
921 1700 1121 1764 multitudine
1134 1705 1309 1778 hominum,
1321 1711 1373 1787 qui
1390 1729 1550 1791 nunquam
1561 1714 1693 1777 existent

100 1787 150 1847 sed
170 1788 340 1849 amborum
358 1790 491 1851 alterurn
512 1791 636 1869 eligere,
666 1796 815 1871 tanquam
837 1793 871 1854 in
921 1794 1092 1869 procrearit
1105 1797 1199 1874 Deus,
1215 1816 1255 1858 ne
1268 1799 1347 1878 fingi
1359 1803 1487 1880 quidem
1507 1805 1691 1868 ratioaltera

99 1879 199 1941 medio
222 1881 359 1960 positus,
379 1899 437 1943 nec
464 1884 519 1943 uni
553 1882 665 1944 affixus
690 1884 865 1948 amborum.
919 1888 1030 1962 potest,
1056 1888 1116 1947 nisi
1131 1890 1215 1967 quod
1235 1892 1393 1953 Socratem
1414 1895 1569 1971 nralnerit,
1594 1915 1689 1977 quam

99 1970 186 2047 item,
213 1990 257 2034 ne
280 1972 412 2052 longum
433 1974 556 2049 faciam,
572 1975 706 2054 experiri
729 1982 816 2055 potes
834 1976 869 2037 in
917 1973 1073 2053 letamen
1082 1980 1179 2040 nihilo
1193 1982 1366 2060 detrahere,
1384 1985 1418 2046 in
1437 1987 1600 2068 lacemque
1615 2008 1689 2069 pro·

99 2063 244 2126 omnibus
265 2066 456 2141 Graecorum,
477 2066 719 2146 Latinorumque
740 2076 867 2129 senten·
917 2064 1009 2142 ferre,
1025 2087 1096 2132 cum
1110 2073 1134 2132 si
1144 2072 1246 2149 vellet,
1262 2074 1347 2136 bunc
1363 2095 1470 2140 creare
1491 2086 1605 2160 posset,
1629 2082 1686 2142 So·

98 2153 155 2229 tiis,
173 2174 256 2236 quas
268 2156 367 2218 tribus
386 2157 451 2218 istis
470 2158 557 2220 libris
575 2159 868 2237 comprehendimus
917 2150 1125 2213 craterelitw-

97 2244 260 2310 hactenus·
957 2238 1022 2302 Xll.
1044 2241 1148 2305 Altera
1172 2250 1218 2306 est
1240 2247 1493 2329 adunataque
1509 2252 1685 2331 plusetiam

1744 2308 1822 2351 Altam

135 2339 254 2420 ltaque,
271 2358 467 2421 quocumque
484 2360 517 2403 se
530 2348 629 2403 vertet
640 2342 753 2422 nuperi
765 2342 866 2404 archi.
916 2327 1119 2407 ignorationis
1127 2336 1232 2409 habet,
1240 2344 1272 2399 et
1281 2339 1315 2398 in
1323 2341 1580 2421 theologominus
1593 2363 1685 2407 exon·
1722 2359 1845 2423 espicopus

97 2435 189 2491 tectus
202 2432 744 2515 dogmatis,implicotushaerebit‚ac
758 2440 867 2515 suapte
915 2422 977 2523 ⁶⁸31
991 2432 1106 2502 Ρῡῒθθῐ,
1122 2429 1206 2506 quod
1218 2436 1254 2491 ui
1267 2430 1441 2493 libertatem
1457 2436 1598 2496 Ostendat
1619 2455 1684 2497 11⁰ss
1709 2423 1848 2522 sagiiin·

99 2524 237 2585 oratione
263 2525 432 2598 mugetus,
459 2532 495 2587 ut
518 2532 573 2587 aut
595 2544 632 2587 ea
658 2530 812 2602 retracter,
832 2545 868 2589 30
916 2514 1684 2603 consistereinagendi,relnonagendiindifferente
1721 2518 1843 2565 ⁰⁸¹¹¹m¹¹¹'·

98 2612 234 2692 damnet,
250 2634 320 2696 qum
332 2622 418 2678 tanto
432 2618 594 2680 m01jmjn9
607 2623 737 2679 conatus
749 2623 795 2678 est
808 2623 868 2680 sm.
915 2607 1167 2684 patronaticum
1175 2612 1257 2673 inter
1264 2619 1374 2677 oaetera
1386 2617 1476 2678 nobis
1487 2618 1684 2701 objicit,«qui

98 2708 379 2787 tuere,autirigida
393 2715 424 2770 et
436 2709 540 2789 inepta
550 2708 741 2770 cavillatione
751 2714 866 2770 statum
915 2695 954 2755 ab
968 2698 1109 2777 eligendO
1120 2702 1216 2772 b⁰1¹⁰·
1231 2706 1315 2785 quod
1328 2707 1385 2768 sibi
1400 2709 1439 2769 ab
1457 2716 1573 2772 aeterno
1585 2713 1685 2792 praeli·

98 2800 310 2861 controversiae
323 2818 359 2861 ΕΟ
368 2800 547 2880 qumionis
560 2800 681 2876 eludam
694 2818 796 2880 neque
806 2801 866 2862 1100
915 2788 971 2862 xit,
983 2792 1069 2853 nulla
1097 2796 1270 2858 mutatione
1284 2798 1429 2861 desistere
1444 2807 1555 2879 potest,
1578 2822 1619 2864 ne
1634 2806 1684 2865 vel

72 2964 83 2985 .
98 2888 203 2969 ipsum,
219 2892 305 2971 quod
319 2890 360 2952 ah
373 2891 553 2953 adversariis
566 2892 704 2971 ponitur,
721 2892 866 2972 sedquod
915 2879 1096 2961 imprudens
1109 2886 1250 2949 videatur
1266 2889 1298 2950 id
1312 2889 1465 2968 eligendo,
1482 2895 1565 2971 quod
1579 2901 1685 2973 postea

96 2980 156 3060 ipse
169 2982 231 3044 sihi
244 2982 432 3061 simulando,
448 3000 489 3043 gn
504 2983 636 3044 errando
650 2982 822 3064 proposuit,
831 3002 867 3044 ap
914 2976 1122 3051 propietalitls
1128 2996 1193 3039 110ss
1201 2980 1346 3057 praevisas
1352 2982 1488 3043 rationes
1496 2986 1685 3048 mutandum

97 3071 191 3149 finxit,
205 3080 379 3155 oppugnet,
914 3079 979 3124 esse
989 3065 1155 3143 judicaret,
1170 3069 1220 3129 rel
1233 3076 1315 3132 certe
1333 3071 1526 3152 inconstans,
1535 3095 1571 3137 ac
1595 3076 1682 3155 lavis,

132 3165 865 3246 xj‚ffltigit1ff‚utjamffixi‚quaedflmgene.
915 3155 982 3227 alne
1007 3175 1087 3218 nova
1112 3160 1233 3221 ratione
1258 3164 1443 3243 respuendo,
1473 3167 1557 3245 quod
1590 3170 1686 3232 semel

98 3255 263 3320 ralisnotio
277 3259 428 3321 libertatis
438 3276 493 3339 per
505 3259 684 3320 nniversam
695 3257 764 3318 tusa
774 3264 866 3319 natu·
915 3246 1085 3325 prudenter
1099 3250 1246 3330 elegisset·
1264 3273 1279 3310 a
1296 3254 1357 3319 Qui
1379 3256 1422 3316 sic
1437 3266 1684 3337 argumentatur,

98 3365 255 3431 Qquae
270 3357 317 3412 est
331 3350 471 3429 ragonis,
492 3349 768 3428 intelligentiaeque
795 3368 866 3429 par.
914 3339 968 3399 vix
991 3341 1093 3419 prima
1117 3348 1203 3403 tenet
1228 3344 1406 3407 rudimenta
1435 3348 1608 3429 theologiae.
1638 3353 1687 3414 lta

98 3439 198 3521 tieem,
214 3443 355 3522 adeoque
364 3443 539 3504 eommunis
549 3443 613 3503 1300
627 3460 699 3502 cum
713 3441 866 3519 ejusmodi
914 3430 999 3492 enim
1013 3433 1144 3505 disserit,
1161 3440 1313 3515 tanquam
1327 3438 1381 3499 Dei
1391 3439 1502 3501 electio
1516 3442 1687 3506 identidem

99 3534 230 3610 caten„
252 3535 342 3613 cnjus
361 3533 499 3594 definitio
518 3552 583 3594 non
601 3533 728 3594 aliunde
742 3552 761 3593 a
774 3532 865 3593 nobis
914 3523 981 3598 fiai,
1001 3530 1092 3605 tique
1108 3527 1142 3586 in
1163 3532 1325 3608 tempore;
1347 3535 1378 3591 ei
1400 3531 1566 3595 hominum
1585 3555 1684 3607 more,

100 3625 218 3703 petitur,
240 3645 335 3706 quam
354 3644 393 3688 cx
405 3625 480 3704 ipsis
493 3625 590 3705 partis
604 3624 741 3686 adversae
760 3624 864 3686 decm-
913 3633 971 3695 pro
986 3635 1034 3686 ea,
1050 3636 1087 3678 ac
1101 3637 1151 3680 res
1164 3620 1282 3698 tulerit,
1297 3623 1391 3683 modo
1409 3624 1480 3702 hoc,
1500 3630 1595 3688 modo
1608 3628 1687 3690 illud

98 3714 143 3791 tis,
161 3724 192 3778 et
209 3717 271 3778 hac
290 3717 404 3779 abillis
429 3716 751 3789 constitutalormula,
771 3733 866 3795 quam
914 3707 1015 3799 eligat.
1031 3709 1088 3770 Vel
1102 3712 1190 3790 quasi
1201 3712 1308 3774 electio
1323 3718 1683 3784 externareisiteffectio.

100 3807 184 3885 paulo
205 3815 281 3870 ante
300 3808 406 3884 retuli,
427 3813 464 3868 nt
481 3807 542 3868 hoc
554 3807 689 3868 liberum
711 3807 761 3882 sit,
786 3806 866 3867 etin
914 3800 977 3861 Nec
990 3803 1143 3877 meminit,
1159 3803 1325 3866 electionem
1341 3807 1407 3883 Dei,
1419 3827 1491 3869 cum
1505 3811 1544 3870 sit
1556 3810 1622 3888 ipsa
1633 3814 1687 3874 Dei

101 3905 198 3962 nosba
209 3905 373 3981 potestate,
389 3897 468 3981 qood
474 3897 523 3980 fit,
536 3917 601 3960 cum
607 3897 752 3973 columae,
767 3904 796 3958 et
808 3916 867 3959 non
915 3892 1098 3969 substantia,
1113 3914 1176 3973 qua
1190 3896 1281 3972 hanc,
1296 3901 1350 3956 aut
1362 3898 1448 3958 illem
1461 3899 1554 3960 iniert
1568 3906 1687 3963 creatu·

101 3987 143 4070 fit,
154 4010 221 4053 rum
233 3991 392 4067 solumm-
410 3991 471 4067 vel,
495 3989 572 4072 qaod
591 3990 619 4050 ai
634 3989 776 4065 colamus,
785 3987 865 4069 foet-
914 4001 993 4057 ram,
1010 3984 1046 4044 ad
1062 4003 1193 4065 eamque
1206 3988 1403 4065 terminatur,
1414 3991 1547 4050 exomni
1561 3994 1685 4053 aterni·

102 4099 169 4159 mas,
195 4088 223 4144 si
250 4081 399 4155 nolumus,
425 4101 483 4143 non
508 4080 650 4160 sosimus.
679 4079 763 4141 Nihil
780 4080 866 4140 enim
914 4076 1101 4137 tabefactam
1116 4095 1193 4155 esse,
1209 4079 1434 4157 quomodifieri
1448 4080 1687 4161 illamintelligi·

101 4169 308 4252 hujuscemodi
317 4180 373 4248 est,
383 4173 445 4235 nisi
460 4174 544 4253 quod
557 4172 699 4234 electioni
713 4172 868 4248 subest‚et
916 4183 1004 4242 mus;
1021 4172 1113 4246 atque
1126 4169 1239 4231 ideirco
1254 4171 1496 4233 determinatum
1513 4174 1552 4233 ab
1568 4180 1685 4236 aeterno

103 4267 337 4343 qnodeduobns
356 4265 505 4327 electione
523 4265 714 4338 secernitur3
737 4267 867 4343 quaest
915 4262 979 4319 esse
998 4259 1108 4332 Deum,
1128 4262 1335 4342 eumdemque
1358 4264 1503 4338 liberum,
1520 4271 1551 4326 et
1564 4265 1685 4328 indiffe-

103 4358 174 4419 actio
188 4359 314 4440 propria
327 4358 419 4420 liberi
429 4357 559 4419 arbitrii.
581 4356 641 4418 Ubi
659 4361 765 4417 autem
785 4373 865 4415 non·
914 4355 1047 4412 rentem.
1062 4351 1123 4419 Qui
1137 4354 1199 4414 duo
1219 4360 1316 4415 status
1330 4355 1406 4433 sola,
1421 4361 1458 4416 ut
1476 4358 1574 4419 Graeci
1583 4360 1686 4421 Patres

105 4449 158 4510 nisi
168 4468 271 4512 unrrm
281 4450 406 4529 aliquod
416 4468 453 4511 ac
466 4446 869 4511 determinatumvoluntati
915 4442 1096 4522 loquuntur,
1113 4449 1217 4525 ἐπινοίᾳ,
1242 4446 1274 4507 id
1296 4451 1342 4508 est
1367 4448 1552 4528 rogitatione,
1573 4450 1687 4512 distant

105 4543 293 4622 proponitur,
314 4559 378 4602 non
402 4541 495 4602 modo
518 4547 632 4621 praeter
645 4539 730 4620 quod
743 4537 868 4599 nullum
915 4534 1069 4598 invicem:
1095 4542 1256 4599 utentem
1281 4538 1383 4599 Latini
1404 4540 1543 4619 theologi
1566 4542 1685 4619 dicunt,

106 4630 183 4695 aliud
193 4634 342 4695 asciscere
357 4638 470 4713 potest,
492 4632 658 4694 sedebam
680 4631 762 4693 circa
782 4631 868 4709 quod
917 4626 1043 4704 ratione,
1058 4633 1089 4689 et
1101 4628 1228 4690 rationis
1246 4629 1432 4707 iactantibus,
1455 4638 1509 4693 aut
1530 4632 1629 4712 signia,
1654 4634 1686 4694 id

106 4739 163 4785 non
173 4730 275 4805 potest
282 4724 514 4804 nonagere3ibi
526 4724 632 4785 nullus
646 4723 766 4785 arbitrii
776 4721 868 4782 liberi
917 4723 962 4780 est
975 4720 1137 4781 momenta.
1161 4721 1368 4795 Quamobrem
1390 4722 1433 4783 sic
1453 4742 1472 4783 a
1494 4723 1582 4784 nobis
1601 4725 1685 4803 rogi-

107 4820 147 4875 est
161 4835 247 4892 usus,
271 4816 359 4877 nulla
379 4816 547 4877 voluntatis
558 4816 657 4883 libera
675 4815 782 4875 motio·
800 4815 867 4887 Qua
917 4812 1011 4873 tanda
1024 4818 1070 4873 est
1082 4814 1180 4875 libera
1193 4814 1251 4875 Dei
1263 4814 1383 4887 electio,
1407 4815 1453 4875 uti
1475 4815 1620 4889 hominis,
1637 4816 1685 4877 vel

107 4904 136 4966 iu
153 4926 186 4970 re
204 4907 319 4987 duplex
335 4912 381 4969 est
397 4908 646 4969 adremariorum
664 4907 716 4967 vel
734 4905 866 4983 inscitia,
919 4904 1044 4982 Angeli;
1059 4910 1089 4965 et
1101 4906 1194 4985 hujus
1211 4908 1394 4987 praesertim,
1416 4906 1500 4967 siest
1513 4925 1587 4967 vera
1599 4925 1684 4968 sanc.

107 4998 150 5059 rel
173 5000 363 5062 calumniosa
388 4998 519 5061 malitia.
548 4999 689 5060 Primum
710 4998 805 5076 quod,
833 5002 869 5058 ut
916 4995 1043 5057 Thcmae
1058 4999 1220 5071 sententia,
1238 4998 1399 5060 ubisemel
1412 4998 1571 5078 quidpiam
1585 4998 1685 5077 elege-

106 5087 245 5153 invidiam
272 5096 453 5170 comparent
474 5091 646 5162 communi,
673 5094 867 5169 receptaeque
915 5087 967 5163 rit,
981 5086 1021 5148 ab
1042 5107 1079 5150 eo
1098 5107 1164 5150 non
1184 5091 1317 5170 amplius
1338 5091 1428 5152 illum
1450 5101 1540 5170 posse
1563 5090 1684 5151 deduci.

106 5184 269 5258 annatim,
291 5183 435 5263 quadam
451 5201 489 5242 ex
506 5200 544 5243 aa
564 5182 752 5243 consectaria
763 5180 866 5258 colligi
915 5178 1519 5262 Hujusergolibertasineopotissimum
1527 5189 1686 5243 momento

106 5269 213 5352 dicunt,
224 5292 294 5356 qua
305 5275 431 5335 absurdi
440 5274 642 5354 specieaures
654 5273 767 5334 feriant
778 5271 865 5332 audi-
915 5272 1050 5332 exerceri
1063 5273 1187 5352 dicitur,
1202 5292 1276 5353 quo,
1290 5273 1538 5349 considerasset
1552 5274 1684 5334 estima-

105 5364 199 5427 iorum
215 5387 222 5428 :
239 5369 349 5444 Deum,
365 5366 499 5445 exempli
511 5367 621 5444 gratia,
636 5384 701 5426 non
719 5362 868 5425 lorelihe·
914 5363 953 5422 tis
967 5364 1123 5439 omnibus,
1139 5367 1173 5426 in
1187 5365 1300 5445 quibus
1313 5365 1428 5426 versari
1449 5371 1549 5446 potest
1563 5364 1684 5439 electio,

105 5468 169 5517 rum
179 5458 211 5519 in
224 5457 357 5540 agenda
371 5475 474 5539 acque
488 5458 657 5529 Christum,
676 5473 779 5535 neque
798 5456 863 5516 An·
914 5472 1015 5515 unum
1033 5456 1158 5536 aliquod
1175 5458 1336 5537 mtcponit
1349 5456 1448 5533 alteri,
1468 5474 1538 5517 cum
1551 5456 1611 5517 hoc
1625 5455 1682 5530 illi,
