3934 6172
322 366 382 425 Μ
828 361 1156 426 THEOLOGICORUM
1177 363 1396 425 DOGMATUM

322 537 358 592 ut
378 530 494 592 ibidem
517 532 733 593 animadvertit
752 530 954 610 Augustinus,
983 530 1087 610 imago
1138 530 1226 591 tiavit
1238 550 1246 606 ;
1272 530 1348 609 quid
1371 531 1430 591 ista
1449 530 1577 591 tandem
1601 530 1731 603 volunt,
1753 530 1880 595 Faciamus

321 624 374 684 illa
387 623 615 702 similitudoque
628 624 693 699 Dei,
720 623 866 702 adquam
879 623 976 683 iaetus
994 623 1088 683 homa
1139 621 1284 684 homiuem
1299 621 1340 683 ad
1352 622 1520 703 imaginem,
1545 630 1573 684 et
1595 622 1816 685 similitudinem
1831 646 1881 687 uu·

322 716 445 790 dicitur,
458 717 565 776 nonin
579 716 724 776 exteriori
736 717 876 792 homine,
892 716 945 776 sed
963 717 996 775 in
1009 715 1088 775 inte-
1139 723 1218 775 tram
1231 734 1242 775 .·
1254 716 1333 776 Nam
1348 715 1461 795 plurali
1473 715 1512 776 de
1525 734 1557 776 se
1570 734 1704 777 numero
1719 714 1881 795 singrdaren

321 807 398 869 riori
416 808 540 888 proprie
557 808 704 869 consistit.
734 809 963 869 Potesttamen
986 806 1089 885 aliquo
1139 825 1304 887 personam
1330 826 1395 868 non
1418 808 1516 888 loqui,
1532 813 1650 869 veteres
1673 825 1779 869 omnes
1799 810 1882 872 Patras

322 900 524 961 modoetiam
543 919 656 981 corpus
672 901 848 962 humanum
867 900 907 961 ad
921 899 1091 978 imaginem
1139 905 1248 961 contra
1268 901 1403 977 Judoeos,
1423 906 1454 961 et
1465 901 1625 962 haereticos
1648 919 1714 961 uno
1732 918 1782 961 ore
1793 904 1881 980 pradi-

323 994 377 1055 Dei
388 993 504 1053 tactum
514 992 624 1071 videri,
644 1015 659 1052 u
672 995 756 1073 quod
770 992 895 1069 iudicet,
914 1010 972 1052 nos
986 991 1092 1052 melio·
1140 998 1222 1068 eant,
1236 999 1272 1053 ut
1284 993 1345 1053 alio
1363 993 1396 1054 in
1410 993 1478 1055 loco
1493 993 1630 1055 diximus
1639 993 1663 1054 ².
1679 992 1792 1054 Deinde
1804 1001 1881 1057 tenre-

322 1104 372 1147 res
384 1104 450 1147 csse
462 1103 558 1163 quam
570 1085 695 1162 bestias,
712 1092 743 1146 et
754 1090 918 1165 propterea
933 1086 994 1144 Deo
1008 1084 1091 1144 simi·
1139 1087 1231 1159 raria,
1247 1091 1277 1146 et
1290 1085 1484 1147 intoleranda
1498 1091 1544 1147 est
1555 1086 1624 1147 baec
1638 1085 1782 1164 imaginis
1794 1087 1882 1147 simili·

322 1180 376 1240 les.
392 1178 541 1240 Omnium
554 1180 639 1238 enim
661 1178 843 1239 animalium
863 1194 1002 1257 corpora,
1025 1175 1090 1236 sive
1138 1178 1316 1258 tudinisque
1338 1177 1526 1257 depravatio,
1542 1196 1636 1257 quam
1659 1177 1883 1241 Christianorum

322 1289 392 1352 quae
405 1273 438 1332 in
452 1271 549 1350 aquis,
565 1271 628 1331 sive
646 1289 717 1349 qnae
736 1272 769 1331 in
788 1277 872 1331 terra
892 1271 1012 1344 vivunt,
1027 1268 1090 1329 sive
1140 1270 1282 1330 omnium
1316 1288 1481 1332 cousensus
1514 1269 1673 1350 spirituale
1702 1288 1765 1330 esse
1789 1270 1882 1350 adqui

266 1413 271 1424 .
322 1382 393 1444 «puer
411 1365 445 1425 in
472 1381 543 1424 aare
561 1363 702 1441 volitant,
718 1363 868 1425 inclinata
881 1367 953 1423 sunt
974 1360 1013 1422 ad
1033 1367 1090 1423 ter·
1140 1361 1289 1440 agnoseit,
1306 1368 1399 1441 atque
1411 1363 1450 1423 ad
1469 1362 1664 1424 divinitatem
1676 1362 1775 1442 ipsam
1785 1362 1883 1439 retem,

322 1475 402 1533 ram,
418 1461 450 1517 at
463 1473 527 1515 non
540 1461 613 1516 sunt
626 1460 726 1516 erecta
738 1456 817 1516 siout
830 1454 966 1515 bominis
980 1471 1091 1532 corpus
1140 1472 1205 1514 non
1217 1455 1256 1515 ed
1266 1473 1378 1535 corpus
1389 1475 1397 1531 3
1414 1455 1498 1534 quod
1512 1474 1570 1516 nec
1582 1455 1687 1516 ullum
1709 1454 1838 1516 naturole
1850 1462 1885 1516 est

323 1556 381 1611 etc.
404 1550 450 1610 lta
478 1547 659 1627 intelligitur
688 1565 744 1629 per
770 1551 913 1609 animum
943 1548 1088 1619 maxime,
1141 1548 1215 1625 Deo,
1232 1553 1263 1609 et
1277 1553 1467 1628 assumptam
1480 1547 1583 1610 nescio
1597 1565 1693 1627 quam
1707 1547 1772 1627 ejus
1789 1547 1884 1608 larvam

323 1647 486 1704 attestante
500 1642 594 1701 etiam
608 1646 709 1702 erecta
722 1641 858 1720 corporis
870 1640 982 1716 forma,
996 1639 1091 1700 homo
1140 1639 1228 1700 initio
1255 1658 1362 1702 rerum
1382 1659 1530 1718 asserere,
1557 1640 1697 1703 divinare
1719 1645 1773 1718 est,
1793 1648 1821 1702 et
1842 1659 1885 1720 pro

323 1735 423 1797 tactus
435 1734 474 1795 ad
492 1733 672 1813 imaginem,
687 1738 719 1794 et
736 1732 970 1793 similitudinem
990 1730 1054 1797 Dei.
1071 1751 1087 1789 o
1140 1732 1266 1794 arbitrio
1280 1733 1407 1814 tingere.

324 1829 363 1888 Et
374 1828 407 1887 in
420 1827 499 1889 libro
511 1825 669 1907 Octoginta
683 1829 776 1886 trium
789 1824 990 1906 questionum,
1005 1841 1090 1903 quae-
1180 1826 1250 1886 Non
1260 1825 1364 1887 minus
1377 1826 1461 1887 labat
1467 1824 1652 1888 Tertulliani
1663 1825 1753 1904 rstio,
1767 1825 1884 1906 quiebi

325 1920 424 1981 stione
447 1919 667 1997 u1.«Ocrpus,
703 1918 815 1997 inquit,
839 1916 989 1985 hominis,
1017 1916 1091 1995 quia
1140 1935 1316 1979 sermonem
1330 1919 1450 1980 inducit
1462 1919 1613 1995 illum3et
1625 1925 1734 1980 tumen
1747 1919 1785 1980 ad
1795 1937 1883 1997 imagi

325 2012 427 2073 solum
448 2013 531 2072 inter
545 2009 727 2072 animalium
752 2014 949 2071 terrenorum
962 2026 1093 2087 corpora
1141 2028 1215 2072 nem
1223 2010 1885 2091 corporisejus,quodFiliumassumpturum
1936 2032 1937 2125 p

325 2124 390 2166 non
413 2120 548 2183 pronum
570 2102 604 2163 in
625 2103 731 2163 alvum
745 2105 1000 2180 prostratumest,
1020 2116 1092 2161 cum
1142 2102 1343 2182 previdebat,
1357 2104 1519 2165 bominem
1539 2121 1604 2165 esse
1617 2102 1794 2166 iactumait.
1811 2104 1885 2183 aaut

325 2196 506 2270 sitvisibde,
522 2200 553 2256 et
566 2195 605 2255 ad
619 2194 805 2255 intuendum
816 2193 929 2254 coelum
942 2197 1090 2269 creatum,
1143 2213 1209 2255 non
1221 2195 1348 2257 dixisset
1369 2196 1526 2277 imaginem
1547 2204 1689 2270 nosram,
1710 2197 1761 2258 sed
1775 2194 1885 2272 transi
1936 2222 1937 2279 p

326 2289 411 2371 quod
427 2295 473 2350 est
494 2287 683 2368 principium
699 2285 881 2363 visibilium,
903 2302 1094 2364 quamquam
1145 2287 1257 2348 Filium
1277 2288 1498 2369 alloqueretur,
1518 2288 1703 2369 velaliqnid
1722 2289 1884 2367 simileque
1936 2280 1937 2373 i

326 2401 469 2455 nonsua,
489 2382 542 2444 sed
556 2381 670 2442 animae
683 2380 847 2459 presentia
860 2378 965 2439 vivere
980 2395 1094 2456 cogno-
1144 2381 1281 2460 corporis
1300 2399 1320 2441 a
1339 2388 1384 2456 te,
1402 2381 1487 2461 quod
1506 2380 1628 2443 nullum
1655 2381 1773 2447 habuit.
1787 2380 1885 2459 opinio
1936 2378 1937 2421 l

325 2481 438 2551 suatur,
451 2480 557 2534 tamen
570 2490 636 2533 non
649 2473 742 2533 modo
754 2471 827 2552 quia
837 2476 894 2546 est,
915 2477 946 2530 et
959 2469 1093 2549 inquan·
1145 2491 1218 2533 nem
1241 2478 1403 2535 averteret.
1439 2474 1526 2549 Quod
1553 2474 1580 2534 si
1614 2473 1829 2544 Tertullianus,
1850 2470 1885 2531 uti

325 2574 394 2631 trrm
414 2573 471 2643 est,
499 2566 607 2645 utique
623 2565 744 2626 bonum
766 2570 823 2638 est,
844 2561 1005 2624 sedetiam
1021 2562 1095 2641 quia
1145 2565 1311 2627 verisimile
1321 2565 1399 2642 est',
1422 2568 1523 2627 Deum
1538 2566 1641 2646 ipsum
1657 2582 1830 2646 corporeum
1841 2583 1885 2643 pu·

325 2660 386 2721 tale
410 2665 466 2735 est,
490 2663 526 2718 ut
552 2657 591 2718 ad
617 2655 894 2736 contemplandum
916 2655 1029 2715 ooelum
1056 2654 1097 2715 sit
1145 2658 1231 2734 tavit,
1259 2677 1316 2720 nec
1342 2658 1414 2737 alia,
1432 2677 1527 2738 quam
1549 2660 1690 2720 humanu
1707 2655 1886 2736 forma,quod
1936 2728 1937 2741 χ

326 2753 437 2833 aptius,
460 2749 559 2829 magis
580 2748 614 2809 in
628 2750 688 2810 hoc
701 2748 740 2809 ad
754 2748 934 2826 imaginem,
948 2751 979 2808 et
992 2745 1096 2807 simili·
1145 2756 1389 2812 consentaneum
1411 2751 1543 2828 videtur,
1567 2770 1681 2831 corpus
1693 2751 1767 2812 illud
1780 2750 1885 2811 cucum-
1936 2762 1937 2803 v

325 2846 468 2906 tudinem
486 2843 555 2919 Dei,
572 2860 667 2922 quarn
682 2848 792 2903 caetera
817 2857 948 2919 corpora
971 2839 1095 2899 anima·
1145 2842 1282 2922 scripsit3
1305 2861 1361 2903 eur
1380 2861 1444 2903 non
1473 2843 1513 2903 ad
1537 2843 1624 2904 illam
1651 2844 1751 2924 ipsam
1777 2841 1885 2903 sornam

326 2938 415 3013 lium,
430 2937 546 2997 iactum
555 2936 627 3015 jure
640 2934 739 2996 videri
747 2938 857 3013 potest.
871 2932 942 2993 »Sic
952 2937 983 2992 et
995 2930 1096 2991 Potho
1145 2936 1259 3015 potius,
1283 2953 1377 3015 quam
1391 2936 1427 2997 ad
1442 2935 1543 2995 futuri
1556 2936 1632 2996 olim
1651 2936 1795 3016 corporis,
1808 2934 1885 2995 bomi-
1936 2950 1937 3005 i

328 3028 516 3091 Prumicnsis
529 3028 562 3088 in
585 3026 666 3088 libro
690 3027 792 3106 primo
817 3024 853 3086 de
880 3022 971 3085 Statu
995 3022 1097 3084 domus
1146 3044 1220 3087 nem
1234 3026 1349 3107 exigis
1370 3046 1402 3088 se
1428 3027 1635 3113 significavit?
1654 3029 1703 3089 An
1718 3028 1886 3108 quiamrpns
1936 3038 1937 3131 p

327 3123 386 3183 Dei
413 3121 471 3182 sub
497 3118 622 3181 finem¹.
657 3117 845 3191 «Exterior,
882 3115 993 3195 inquit,
1028 3116 1096 3176 haec
1145 3119 1224 3179 illud
1247 3119 1302 3180 Dei
1325 3120 1488 3199 proprium
1512 3138 1578 3180 non
1600 3138 1706 3197 earne,
1729 3121 1844 3193 ossibus,
1864 3121 1887 3177 st
1936 3140 1937 3143 ¹

328 3214 440 3275 domus
458 3213 560 3292 imago
581 3217 627 3272 est
648 3211 804 3272 interioris
818 3210 947 3285 domas;
966 3206 1097 3268 interior
1148 3212 1300 3290 sanguine
1326 3218 1465 3273 constare
1491 3212 1628 3282 credidit,
1659 3222 1692 3274 et
1710 3213 1811 3275 iccirco
1831 3226 1886 3271 cun
1936 3218 1937 3295 Τ

327 3305 527 3367 verodomus
546 3304 649 3383 imago
664 3302 815 3378 estillius,
839 3301 971 3380 quadiu
991 3305 1096 3361 mente
1147 3303 1286 3365 humano
1310 3305 1414 3365 minus
1439 3304 1624 3366 convenire?
1644 3306 1707 3367 Sed
1729 3323 1813 3385 nuge
1835 3302 1886 3363 ista
1936 3322 1937 3405 p

328 3397 432 3460 divina
446 3395 631 3458 continetur.
653 3395 701 3456 Ad
718 3399 856 3455 mentem
871 3410 1005 3471 namque
1020 3392 1097 3453 divi·
1147 3403 1229 3458 sant.
1243 3398 1352 3476 ltaque
1366 3397 1474 3458 missos
1483 3398 1552 3458 illos
1565 3396 1726 3460 iaciamus.
1936 3412 1937 3465 3

328 3490 492 3551 namtacta
505 3494 551 3549 est
564 3487 828 3563 mensrationalis,
845 3503 915 3565 quae
930 3485 1097 3546 estdornus
1187 3491 1314 3557 Rectius
1341 3488 1581 3569 Theodoretus⁸,
1614 3495 1656 3563 et,
1688 3509 1756 3553 meo
1780 3482 1886 3568 judicio,
1936 3516 1937 3529 .

331 3588 438 3645 nostra
448 3581 597 3654 interior;
620 3579 659 3639 ad
671 3578 855 3640 rationalem
869 3577 1097 3638 mentemiacta
1147 3583 1293 3663 praeclare
1311 3583 1370 3643 hoo
1390 3583 1506 3662 ipsum,
1524 3583 1608 3662 quod
1628 3583 1733 3665 inepte
1750 3578 1887 3643 'reuulia-
1936 3574 1937 3647 ξ

330 3680 376 3736 est
389 3680 530 3735 creatura
543 3670 682 3747 visibilis,
709 3670 783 3750 quia
805 3671 836 3729 in
852 3686 979 3748 corpore
990 3674 1095 3731 nostro
1147 3673 1206 3735 bus
1232 3675 1270 3737 de
1290 3674 1404 3735 Christi
1424 3693 1564 3754 corpore,
1585 3675 1624 3736 ad
1645 3677 1730 3756 quod
1742 3675 1888 3753 respectam
1936 3722 1937 3745 ξ

329 3767 442 3828 domus
455 3764 644 3827 construitur
665 3762 810 3832 exterior,
826 3779 896 3845 que
911 3761 1003 3822 sarrit
1015 3761 1095 3823 inte-
1148 3766 1257 3828 babuit
1273 3767 1307 3828 in
1323 3767 1441 3828 Adamc
1469 3769 1659 3847 procreando
1684 3770 1772 3845 Deus,
1794 3762 1887 3843 injecit,

290 3864 296 3879 ⁸
329 3860 415 3935 riori,
433 3859 507 3939 quia
519 3856 597 3918 ooelo
622 3855 794 3915 famulatur
812 3854 943 3933 spiritui.
961 3854 1002 3915 Ut
1012 3853 1097 3916 euim
1148 3859 1279 3940 explicat
1289 3859 1342 3920 sic.
1353 3860 1451 3920 Deum
1463 3861 1571 3921 asserit
1582 3862 1715 3936 Patrem,
1730 3877 1797 3923 oum
1807 3852 1888 3917 homi·
1936 3852 1937 3887 ³

331 3955 412 4015 [leus
422 3949 607 4032 sapientiam
628 3965 716 4009 suam
738 3948 923 4023 ostenderet,
940 3947 1098 4026 exemplar
1148 3952 1198 4013 nis
1211 3952 1304 4029 illius,
1319 3970 1413 4032 quem
1422 3952 1618 4028 moliebatur,
1629 3944 1888 4029 naturamaesub·

329 4047 396 4126 ejus
408 4046 442 4107 in
463 4046 606 4106 creatura
625 4040 769 4101 rationali
787 4039 937 4119 depinxit,
957 4044 987 4100 et
999 4039 1097 4118 majo·
1147 4044 1293 4105 stantiam
1314 4044 1427 4105 Filium
1445 4044 1611 4123 anquando
1634 4065 1726 4108 suum
1740 4044 1888 4120 assumptu-
1936 4116 1937 4119 Ἴ

328 4157 397 4200 rem
409 4136 595 4199 evidentiam
609 4134 720 4195 domus
734 4132 842 4213 ipsius,
853 4132 942 4206 cuius
955 4131 1098 4193 decorem
1148 4154 1222 4197 rum
1236 4153 1301 4197 esse
1314 4136 1509 4216 previderet,
1522 4138 1568 4197 uti
1583 4157 1640 4218 par
1654 4146 1731 4217 erat,
1746 4137 1886 4199 adamum.

330 4231 413 4292 intus
424 4230 457 4291 in
471 4230 592 4291 ratione
606 4226 718 4288 mentis
736 4231 850 4286 nostre
870 4223 1020 4303 depinxit,
1035 4224 1097 4285 ior·
1147 4233 1297 4308 tanquam
1322 4229 1460 4308 primum
1477 4229 1560 4291 illius
1585 4232 1709 4311 generis
1731 4227 1888 4291 fundannu-

330 4339 415 4384 mam
429 4320 565 4400 eorporis
577 4318 675 4380 nostri
697 4316 928 4398 pulchritudine
941 4315 1099 4377 membro·
1148 4325 1229 4396 tum,
1258 4320 1370 4400 majori
1391 4327 1589 4401 prosecutum
1613 4325 1732 4387 honore
1751 4321 1841 4389 fulua
1862 4329 1889 4373 ³⁰

329 4432 403 4475 rum
425 4412 566 4475 variavit.
593 4416 625 4472 et
647 4429 725 4491 opus
740 4409 898 4489 sapientiae
922 4427 977 4489 per
997 4408 1099 4470 officia
1148 4413 1211 4473 suis
1224 4412 1314 4473 illum
1326 4413 1489 4475 fabricasse
1502 4415 1656 4479 manibus.

330 4505 466 4587 corporis
479 4505 599 4565 dinemo
607 4503 818 4564 monstravit.»
837 4503 936 4576 Quare
949 4507 1099 4581 tanquam
1191 4506 1345 4567 Caeterum
1373 4524 1438 4566 non
1465 4524 1529 4568 esse
1556 4526 1685 4589 corpore
1711 4499 1890 4571 definiendam

330 4599 467 4676 signum,
483 4603 515 4658 et
527 4596 751 4657 documentum
765 4599 811 4655 est
824 4594 968 4674 imaginis
982 4594 1047 4670 Dei,
1062 4613 1098 4656 ac
1149 4596 1320 4677 imaginem
1346 4597 1380 4658 in
1399 4598 1539 4677 bomine,
1562 4601 1653 4680 pauci
1673 4607 1745 4663 sunt
1763 4616 1798 4660 ex
1819 4585 1889 4655 omni

330 4692 486 4772 dignitatis
504 4688 587 4749 illius
606 4688 742 4767 corporis
759 4685 870 4763 forma,
895 4687 984 4766 cujus
1002 4692 1099 4748 status
1149 4688 1344 4768 antiquitate,
1375 4690 1429 4769 qni
1455 4709 1519 4753 uon
1531 4693 1676 4755 sentiant.
1695 4689 1812 4754 Refellit
1825 4685 1888 4746 hanc

331 4789 450 4850 erectus
490 4786 555 4857 est;
590 4779 759 4859 imaginem
792 4784 899 4839 tamur
932 4779 1000 4858 ipsa
1033 4797 1098 4840 non
1148 4780 1363 4842 Audianorum
1382 4781 1519 4843 tabulam
1540 4783 1682 4864 pluribus
1704 4766 1887 4865 Epiphanius‘

330 4876 434 4938 habet.
1148 4877 1180 4934 et
1202 4873 1446 4935 Theodoreurs⁶.
1483 4877 1525 4935 Et
1555 4877 1746 4957 brigantinus
1766 4860 1887 4955 paucist

370 4970 424 5030 IV.
440 4968 539 5046 Atque
561 4962 717 5045 Engubini
734 4962 861 5042 quddam
884 4969 1097 5022 commentum
1152 4964 1260 5026 «Sicut
1273 4965 1445 5027 nonsolnm
1455 4967 1648 5030 veracissima
1658 4958 1888 5043 corruscantem

328 5060 475 5122 frivolum
498 5063 554 5134 est,
580 5063 612 5120 et
632 5054 854 5118 inextricabile.
872 5054 953 5114 Nam
975 5053 1097 5114 sisoius
1147 5054 1246 5135 ipsius
1286 5057 1426 5137 Apostoli
1465 5059 1599 5121 declarat
1632 5061 1805 5132 auctoritas,
1837 5062 1887 5109 11⁰¹l

329 5154 424 5217 Filius
449 5148 619 5213 humanam
639 5157 709 5212 tum
733 5149 834 5210 induit
845 5147 990 5219 formam,
1012 5145 1096 5207 solus
1147 5149 1319 5210 seeundum
1353 5150 1490 5212 formam
1522 5154 1659 5232 corporis
1692 5156 1781 5216 bomo
1809 5145 1887 5206 uuus

327 5246 490 5308 homiuem
513 5244 638 5321 creavit,
666 5243 750 5305 solus
771 5242 830 5303 ista
846 5238 940 5319 verba
958 5256 1097 5318 pronun·
1149 5246 1195 5302 est
1211 5241 1250 5302 ad
1264 5241 1433 5323 imaginem
1445 5243 1511 5322 Dei,
1526 5245 1580 5307 sed
1597 5248 1765 5309 urendum
1776 5237 1886 5303 radoua-

358 5470 368 5515 t
382 5468 444 5516 'lom
456 5467 485 5513 ur
496 5466 598 5513 euleu.
612 5466 697 5511 Petu·
714 5461 729 5506 ‘i
742 5462 804 5507 Tom.
813 5460 841 5508 u.
857 5459 897 5504 tib.
911 5457 939 5510 u,
950 5469 998 5514 cap.
1013 5460 1106 5505 vin-tt
1119 5460 1174 5506 tide
1188 5466 1243 5507 torn.
1255 5462 1272 5516 1,
1286 5462 1326 5511 tib.
1339 5462 1367 5518 ΙΙ,
1379 5477 1428 5522 cap.
1443 5467 1509 5512 r.-l
1521 5468 1563 5520 Qu.
1574 5478 1608 5514 nr
1618 5468 1641 5514 in
1653 5468 1756 5517 Gen-t
1767 5463 1853 5511 lterat-
1862 5467 1884 5484 ·‘

329 5535 344 5579 u
358 5532 405 5583 tib.
416 5532 443 5577 tt
457 5531 513 5578 ittet.
523 5541 572 5587 cap.
582 5539 603 5575 rx
615 5533 637 5573 et
648 5526 675 5572 lv
684 5527 711 5572 ds
719 5526 777 5572 Her.
789 5535 839 5580 esp.
847 5522 915 5569 x.-t
930 5520 978 5566 Lib.
991 5520 1029 5569 llll
1040 5523 1067 5567 ds
1079 5523 1140 5569 litu
1151 5535 1201 5582 esp.
1212 5535 1252 5571 ru.
