4004 6168
647 339 697 403 ns
715 339 878 404 cunero
899 339 974 404 sar
992 340 1157 405 umaun.
1636 339 1691 403 ιιι
1798 430 1802 435 .

101 493 309 574 cogitationes
327 498 575 581 metensque,
605 519 676 582 qun
698 503 878 567 animumn
929 504 1069 578 illudsit,
1090 502 1321 584 propterquod
1335 519 1400 563 uon
1414 499 1515 563 solum
1528 500 1694 580 appetitus,

100 587 267 667 voluptate
284 596 437 666 avertent,
463 599 496 655 et
516 594 671 656 honestati
689 594 878 658 concilient?
930 597 983 658 sed
996 597 1063 676 ejus
1073 597 1167 658 etiam
1180 602 1307 658 actuum
1318 613 1338 656 e
1350 600 1381 657 tc
1391 599 1503 655 'auctor
1516 593 1648 668 dieitur;
1663 592 1697 653 ιιι

101 680 250 743 Dubium
267 700 332 745 esee
355 702 421 746 uon
443 686 548 765 possit,
564 690 601 748 ei
617 687 723 764 etiam,
741 688 880 767 quirem
929 687 1397 769 omnecumpraestat‚hominis
1419 704 1549 767 ιροιιιιι,
1572 693 1601 745 et
1613 703 1695 746 coro-

102 771 181 835 hine
193 773 357 837 dumtaxat
369 777 512 854 estimet,
525 784 733 860 etutremque
747 781 878 842 incline-
928 801 998 842 eom
1017 781 1076 843 sihi
1099 783 1256 862 proponit,
1280 781 1367 845 Trid.
1394 798 1450 842 ses.
1476 797 1497 838 v
1521 796 1619 857 eoque
1638 777 1696 839 ista

103 865 228 926 tionem
240 866 275 927 in
288 868 387 929 Deum
400 868 774 951 reseretquinapeeceto
784 891 879 951 quem
928 873 1042 953 dirigit,
1068 879 1104 935 ut
1122 874 1167 934 illi
1187 873 1301 953 ample,
1324 888 1506 951 semperque
1528 875 1637 949 parata
1656 870 1697 930 sit

104 957 246 1021 maxime
268 958 441 1034 abhorreat,
460 979 548 1024 secus
565 981 639 1024 vero
657 968 739 1025 recte
760 964 879 1026 tactum
929 965 1139 1040 victoriarum,
1164 983 1201 1025 ec
1226 964 1410 1024 meritorum
1437 980 1534 1041 seges,
1570 980 1606 1023 ao
1639 979 1696 1042 per

104 1055 203 1122 amet,
218 1051 360 1129 pervelit,
375 1053 776 1135 serioque,sinrere,atque,
791 1061 828 1116 ut
839 1057 879 1119 de
931 1080 947 1117 ι
965 1059 1021 1119 hes
1048 1058 1242 1118 difficultates
1261 1057 1429 1132 erudiatur,
1461 1060 1492 1116 et
1517 1060 1696 1119 exerceatur

103 1142 288 1204 hominihus
307 1144 368 1205 diei
380 1146 468 1221 solet,
483 1153 599 1210 vereat
613 1167 653 1210 ex
670 1148 775 1209 animo
789 1149 878 1228 adju·
927 1149 1093 1230 proficiens
1105 1150 1139 1209 iu
1153 1165 1253 1225 egone
1263 1148 1403 1227 justitiae.
1419 1169 1435 1207 ι
1453 1150 1569 1229 Augus.
1584 1146 1608 1207 l.
1623 1148 1651 1207 ll
1660 1145 1696 1207 de

102 1240 166 1295 ret.
174 1234 495 1300 Animadvertendum
509 1239 621 1301 deinde
635 1244 692 1317 eet,
705 1240 789 1319 quod
797 1242 878 1302 Deus
923 1248 1035 1323 peccet.
1057 1260 1132 1303 ma.
1156 1247 1185 1303 et
1203 1259 1276 1302 rem.
1298 1260 1325 1303 o.
1347 1254 1438 1302 xxrur
1457 1259 1491 1302 ιι.
1507 1242 1557 1300 53.
1584 1238 1619 1299 Si
1636 1238 1695 1318 ipsi
1740 1313 1745 1321 ¹

24 1338 29 1343 ·
105 1326 258 1406 appetitui
271 1328 304 1389 id
316 1329 452 1408 exigenti
469 1332 607 1410 generali
625 1349 683 1412 ope
702 1349 768 1407 sue,
792 1351 877 1395 eom-
927 1339 1076 1414 praeterea
1088 1334 1169 1394 vires
1183 1332 1454 1411 attribuit,quibus
1466 1348 1595 1412 pravam
1606 1329 1693 1391 illam

106 1418 318 1499 manibusque
344 1420 488 1483 subddiis
511 1441 576 1484 non
602 1424 691 1499 desit,
720 1424 795 1504 quid
817 1424 876 1485 sibi
927 1425 1160 1487 inclinationem
1181 1426 1306 1487 vincere
1328 1430 1436 1504 queat3
1460 1424 1485 1485 si
1503 1422 1695 1485 inclinationi

107 1518 271 1592 proponet,
309 1512 386 1592 quld
425 1520 563 1594 spectett
598 1533 711 1596 nempe
742 1514 878 1577 hominis
927 1518 1029 1579 eidem
1057 1517 1207 1596 judicium
1239 1517 1369 1578 rationis
1402 1516 1538 1595 opponit,
1573 1514 1694 1593 aliaque

107 1604 239 1665 bonum.
276 1605 345 1666 Huc
378 1607 513 1684 pertinet
547 1607 627 1668 illud
663 1608 811 1669 Beruardi
843 1607 879 1670 de
927 1610 1077 1671 naturalia
1093 1615 1262 1686 momente,
1278 1610 1469 1689 etpoudera,
1487 1626 1556 1687 que
1569 1609 1601 1668 in
1614 1624 1693 1668 con-

110 1696 195 1761 emt.
239 1704 270 1759 et
294 1696 347 1759 lit.
375 1699 442 1760 are.
469 1716 496 1761 o.
524 1716 568 1763 vu
596 1718 628 1762 ιι.
651 1702 700 1761 ιι.
730 1702 877 1762 allatum
926 1703 1055 1764 trariam
1081 1707 1203 1782 purtem
1226 1703 1367 1763 animum
1393 1701 1537 1777 traheut;
1557 1718 1622 1763 nou
1649 1703 1695 1759 est

107 1790 228 1852 homiui
239 1806 328 1870 posse
339 1807 478 1869 peceare,
499 1796 535 1853 ut
550 1798 616 1853 non
627 1792 757 1874 proinde
771 1812 878 1872 peree-
927 1795 1051 1875 oppido,
1068 1812 1123 1855 cur
1137 1799 1192 1854 aut
1211 1794 1346 1854 hominis
1361 1797 1523 1873 pecodum
1535 1792 1624 1868 velle,
1639 1796 1694 1852 aut

107 1889 164 1959 rot,
179 1882 235 1943 scd
249 1887 286 1942 ut
309 1883 473 1962 gloriosior
483 1885 556 1946 inde
570 1891 744 1963 appareret,
765 1887 790 1945 si
813 1903 876 1946 nou
927 1888 966 1964 ei,
993 1886 1098 1947 minus
1121 1903 1226 1965 quam,
1250 1892 1402 1965 quantum
1428 1885 1524 1965 ipsius
1550 1885 1696 1945 muctites

107 1980 257 2054 peccaret,
273 1992 345 2037 cum
359 1994 485 2054 peecare
498 1978 603 2054 possit,
619 1983 678 2039 etc.
695 1979 805 2057 Neque
818 1977 877 2038 init
927 1979 1073 2059 postulat,
1094 1978 1214 2039 ahenas
1240 1983 1271 2040 et
1296 1978 1436 2038 infensus
1457 1977 1624 2056 judicetur.
1653 1979 1695 2038 et

108 2068 199 2145 culpa
214 2066 326 2143 dantis,
350 2068 583 2143 sedabutentis,
605 2070 658 2149 qui
677 2071 777 2147 ipsam
791 2070 876 2131 vide-
927 2072 1098 2151 appetitum
1124 2069 1306 2135 hominibus
1339 2070 1437 2153 deret,
1473 2075 1505 2131 et
1536 2069 1626 2130 illum
1659 2070 1694 2130 in

106 2159 366 2221 lioetfaoultatem
379 2162 530 2222 convertit
547 2161 582 2221 in
605 2179 698 2222 usum
717 2163 874 2240 peccandi,
927 2163 1063 2241 propriis
1076 2163 1143 2240 ejus
1159 2162 1289 2238 actibus,
1311 2167 1348 2223 ut
1362 2163 1559 2223 aliasomnes
1575 2179 1693 2236 causae,

108 2270 203 2333 quam
220 2258 380 2329 acceperat
398 2253 437 2313 ad
459 2253 591 2331 gloriam
604 2271 669 2315 non
683 2255 874 2331 peccandi.»
927 2256 1097 2334 adjuvaret.
1114 2255 1299 2333 Utrumque,
1314 2260 1468 2334 quantum
1486 2260 1694 2333 natruepete·
1789 2254 1792 2260 '

109 2347 182 2405 Esto
195 2344 292 2423 igitur
306 2349 385 2405 esset
401 2363 421 2405 e
439 2346 501 2406 Deo
523 2344 592 2407 hec
607 2346 746 2407 hominis
760 2364 831 2408 cum
845 2365 878 2409 sa
927 2354 985 2424 ret,
1008 2349 1095 2426 eujus
1114 2353 1160 2408 est
1183 2352 1301 2420 auctor,
1323 2351 1356 2407 et
1375 2350 1581 2407 conservator.
1608 2348 1696 2409 Peter
1758 2410 1766 2416 ,

108 2437 175 2516 ipso
193 2435 356 2504 discordia,
372 2442 465 2515 atque
480 2454 600 2516 pugua3
615 2439 641 2499 si
664 2444 770 2499 tamen
788 2444 877 2516 suet,
928 2439 1157 2519 quantumlibet
1172 2459 1180 2513 ;
1196 2438 1369 2517 appetitum
1383 2438 1510 2498 daretet
1522 2438 1693 2517 adjuvaret.

108 2536 143 2591 ut
156 2529 201 2591 eit
214 2530 249 2590 P.
265 2529 481 2608 Ripeldetom.
495 2530 573 2591 Illl.
588 2531 600 2591 l
615 2528 694 2610 disp.
707 2548 740 2591 rx
753 2537 877 2592 seotrr.
927 2532 1077 2595 Concedo.
1110 2531 1271 2611 Appetitur
1304 2534 1409 2591 eutem
1443 2530 1499 2590 isto
1525 2530 1695 2593 identidem

111 2624 186 2683 «Ex
199 2621 374 2684 intentione
387 2639 452 2682 non
472 2622 632 2699 primaria,
652 2622 704 2684 sed
727 2624 876 2685 seeunda-
926 2625 1115 2703 insurgeret,
1142 2620 1356 2702 pugnaretque
1388 2627 1496 2682 contra
1528 2622 1690 2684 rationem.

108 2714 166 2789 ria,
180 2731 295 2792 nempe
310 2714 452 2775 ordinata
465 2714 505 2774 ed
523 2714 693 2786 victoriam,
713 2736 725 2772 ι
747 2716 825 2777 nihil
838 2734 877 2777 ex
928 2717 1080 2780 Concedo.
1096 2717 1134 2776 Et
1146 2716 1205 2776 hac
1224 2732 1381 2794 expugna
1398 2714 1562 2777 difficultas
1576 2715 1696 2776 vitandi

107 2826 141 2869 ee
152 2824 186 2868 re
202 2810 394 2884 sequeretur,
411 2806 494 2884 quod
510 2807 612 2867 Deum
625 2807 780 2881 dedeceat,
797 2809 878 2887 ejus·
927 2814 1061 2891 peecata,
1077 2814 1109 2869 et
1121 2807 1294 2886 exequendi
1308 2807 1452 2869 mandata
1465 2806 1530 2867 Dei.
1540 2806 1693 2868 Concedo.

106 2916 168 2979 que
181 2897 353 2960 sanoutetis
365 2897 504 2959 alienum
517 2898 670 2960 rideatur.
687 2902 781 2961 llalus
795 2901 877 2961 scili·
928 2902 1027 2980 Hujus
1048 2900 1143 2976 igitur
1162 2897 1348 2960 difficultatis
1367 2902 1474 2959 auotor
1497 2903 1577 2959 esset
1602 2900 1694 2959 Deus.

106 2989 290 3055 tethomini
300 2995 379 3051 esset
391 2990 719 3059 ceramussense
729 2993 876 3054 victorias
928 2995 961 3055 Id
984 2993 1117 3072 quidem·
1130 3010 1195 3052 non
1216 2992 1378 3068 sequitur:
1401 2990 1453 3049 sed
1474 2995 1550 3065 ceto,
1568 2989 1613 3050 ita
1634 2990 1693 3065 sit;

106 3090 204 3163 utque
226 3087 396 3161 augeretur
416 3081 621 3143 honestorum
642 3101 774 3161 operum
798 3085 877 3162 laus,
928 3084 1003 3165 quid
1013 3085 1080 3163 J'am
1094 3101 1132 3144 ex
1145 3081 1206 3144 eo?
1220 3082 1300 3161 Ergo
1318 3084 1397 3143 Deus
1409 3087 1489 3143 esset
1501 3086 1607 3142 auctor
1620 3100 1694 3160 peo-

107 3176 211 3237 addite
224 3174 489 3237 eoeetdiffieultae.
513 3176 590 3241 Quae
609 3175 692 3237 boue
711 3193 782 3237 oum
796 3179 880 3239 Deus
928 3177 996 3238 eati.
1014 3177 1079 3236 Hoc
1092 3193 1166 3236 vero
1180 3191 1271 3251 nego.
1286 3173 1367 3240 Quid
1373 3173 1475 3235 euiml
1492 3174 1580 3234 Greet
1592 3174 1694 3234 homi·

105 3268 167 3331 sibi
180 3272 382 3348 proponeret,
392 3267 426 3327 in
439 3272 521 3327 statu
530 3285 617 3347 pure
631 3274 752 3331 nature
765 3288 880 3350 :eoque
928 3287 1001 3330 nem
1025 3270 1105 3329 Deus
1129 3285 1168 3327 ex
1191 3265 1289 3327 nihilo
1307 3284 1314 3325 τ
1331 3269 1372 3341 et,
1393 3266 1541 3344 quoniam
1564 3266 1607 3326 ιιι
1627 3265 1695 3325 lieri

105 3359 247 3431 referret,
264 3359 348 3438 quod
364 3360 550 3437 appetitum,
562 3364 599 3420 ut
612 3360 754 3422 animalis
768 3367 880 3425 nature
928 3366 1070 3439 oportere
1085 3358 1255 3432 contendis,
1272 3362 1362 3419 ornet
1374 3357 1462 3417 illum
1478 3358 1559 3417 dono
1570 3357 1696 3434 integri-

105 3453 199 3531 petit,
226 3453 375 3527 solutum,
402 3456 457 3511 eut
481 3451 550 3512 laxe
568 3452 770 3514 infrenatum
787 3454 881 3517 relin·
927 3454 1009 3529 tetis,
1031 3453 1113 3513 dono
1134 3450 1315 3524 sanctitatis,
1344 3449 1434 3509 donis
1450 3449 1517 3509 aliis
1536 3448 1693 3523 omnibus,

105 3550 201 3624 qnet3
227 3546 283 3603 etsi
301 3548 465 3623 propterea
489 3543 652 3624 adipsum
675 3545 742 3623 ejus
764 3552 878 3623 motus,
928 3545 1041 3625 quihus
1052 3542 1203 3622 principio
1218 3539 1392 3605 cumulante
1413 3546 1459 3600 est
1467 3541 1578 3603 Adam.
1595 3541 1695 3602 Num-

105 3649 337 3714 prooursusque
350 3633 542 3711 pertinerent
553 3633 659 3711 aliquo
673 3634 782 3695 modo:
794 3636 881 3696 nulle
929 3637 1004 3717 quid
1018 3653 1054 3698 eo
1067 3634 1204 3710 murillo,
1217 3639 1254 3694 ut
1274 3634 1341 3712 ejus
1362 3634 1544 3711 constantia,
1561 3639 1592 3694 et
1609 3650 1697 3695 amor

105 3731 190 3789 certe
205 3742 245 3785 ax
266 3729 354 3803 perte
371 3724 405 3784 in
424 3740 497 3784 eum
519 3723 605 3802 rejici
622 3727 726 3803 posset
745 3726 882 3789 hominis
930 3730 964 3790 ln
978 3731 1077 3795 Deum
1090 3727 1239 3806 probetur
1252 3730 1493 3803 exerceaturque
1505 3745 1512 3799 ;
1526 3743 1562 3785 ao
1573 3725 1629 3786 ilat
1638 3725 1697 3805 ipsi

106 3817 226 3897 culpa:
252 3813 302 3876 eui
326 3814 421 3894 paulo
443 3815 654 3876 contumacior
676 3818 829 3895 appetitus
844 3835 881 3878 eo
929 3821 1019 3900 eopia
1044 3818 1243 3899 promerendi
1269 3818 1377 3897 ingens
1404 3816 1528 3896 aliquod
1564 3816 1696 3891 bonum,

106 3908 240 3970 consilio
254 3908 345 3969 datus
357 3908 406 3983 sit,
421 3912 458 3967 ut
471 3923 637 3967 eumcum
663 3906 879 3987 laudereget:
931 3911 1078 3992 imperari
1100 3910 1200 3971 eidem
1225 3926 1290 3969 non
1323 3909 1436 3988 poterit
1467 3924 1545 3986 opus
1572 3907 1698 3986 aliquod

108 4018 245 4082 parsque
263 3999 361 4059 enimi
380 3997 507 4058 interior
533 3997 646 4059 rationi
667 4017 732 4059 non
750 4000 883 4079 perteete
931 4004 1056 4077 durum,
1072 4001 1216 4074 arduum,
1232 3998 1419 4079 perdifficile,
1435 3998 1608 4076 cujusmodi
1621 4004 1698 4076 pree·

107 4094 261 4172 subJects,
276 4096 313 4150 ut
323 4091 418 4157 homo
428 4091 487 4150 sibi
496 4090 558 4167 ipsi
565 4090 697 4169 imperet
707 4092 881 4170 gloriosius.
930 4094 1078 4174 scriptum
1092 4090 1239 4152 olimiult
1255 4088 1450 4152 llhrahemot
1461 4090 1583 4164 Quodsi
1594 4091 1697 4170 impe-

109 4186 267 4263 Denique,
281 4201 344 4262 quo
357 4182 482 4262 penitus
504 4181 604 4257 eadat,
620 4182 705 4260 quod
717 4184 885 4253 adversarii
931 4193 1029 4259 retur,
1055 4183 1267 4244 difficultatem
1291 4181 1423 4259 parendi
1445 4188 1612 4261 praecepto,
1635 4182 1698 4243 Deo

108 4277 203 4338 nobis
229 4275 343 4341 ultimo
371 4279 543 4354 opponunt,
573 4290 647 4333 rere
673 4275 725 4337 Dei
761 4283 886 4354 pror-ete
932 4279 1040 4357 utique
1052 4275 1171 4336 tribues
1186 4294 1194 4335 ι
1211 4274 1327 4354 quippe
1336 4292 1407 4354 que
1420 4291 1458 4334 ex
1478 4278 1601 4348 natiue,
1618 4293 1697 4353 pras·

108 4369 189 4442 iore,
213 4384 287 4447 que
311 4366 416 4433 minus
438 4365 564 4446 proprie
577 4365 741 4427 hominum
760 4374 887 4447 peccate
934 4375 1085 4449 ceptoque
1099 4370 1165 4448 ipso
1179 4367 1219 4427 sit
1228 4372 1304 4442 tota,
1319 4366 1479 4446 utriusque
1490 4372 1595 4428 autem
1609 4385 1700 4429 cause

111 4463 286 4524 dicuntur:
322 4458 400 4519 illud
432 4457 525 4516 tertio
559 4457 746 4519 considerari
779 4460 884 4534 velim,
936 4464 976 4524 sit
1003 4464 1095 4521 Deus.
1124 4461 1194 4521 Non
1214 4464 1332 4535 tamen,
1361 4458 1388 4517 si
1414 4458 1508 4520 homo
1531 4459 1595 4537 ille,
1617 4460 1701 4538 quod

112 4559 221 4615 motus
238 4551 297 4613 hos
314 4567 350 4611 ac
377 4548 518 4609 stimulos
543 4548 707 4627 appetitus,
736 4568 800 4611 non
821 4569 886 4613 esse
931 4556 1034 4635 jussus
1047 4557 1103 4626 est,
1119 4568 1183 4610 non
1198 4550 1347 4626 perficiet,
1361 4550 1394 4610 id
1408 4550 1503 4615 etiem
1517 4554 1580 4614 Deo
1599 4552 1702 4631 impu·-

114 4644 259 4715 consilia,
284 4641 455 4716 sueuoues,
481 4640 718 4718 cohortationes,
736 4643 886 4721 pollicita·
933 4646 1038 4708 teris:
1074 4661 1142 4719 nec,
1180 4643 1230 4702 cui
1262 4641 1477 4703 difficultatem
1508 4643 1704 4723 adscripseris

114 4737 232 4810 tiones,
248 4733 405 4805 mandate,
421 4737 475 4793 aut
486 4732 549 4793 alia
562 4732 701 4811 ejusdem
713 4735 809 4811 modi,
823 4734 890 4815 qui·
935 4736 1052 4799 vitandi
1066 4733 1354 4813 culpam,eumdem
1368 4734 1467 4813 eulpa
1480 4733 1589 4797 iecoris
1602 4742 1706 4797 aucto-

116 4828 176 4888 bus
202 4826 261 4905 qul
287 4824 423 4903 aliquem
449 4823 488 4884 ad
514 4825 705 4903 peccandum
735 4826 887 4901 sollicitet,
938 4845 1015 4889 rem.
1043 4827 1190 4906 Superest
1222 4826 1329 4902 igitur,
1363 4831 1410 4902 ut,
1439 4827 1706 4904 quemadmodum

116 4917 244 4983 etiamsi
257 4916 426 4977 minimum
438 4921 572 4989 moveat,
590 4934 626 4977 ee
639 4934 680 4977 ne
693 4925 817 4981 moveat
825 4919 892 4998 qul·
939 4937 1047 4981 omnes
1061 4917 1203 4980 catholici
1212 4917 1509 4981 confitemuroontra
1519 4919 1707 4980 Manichaeos

117 5013 215 5083 dem3
230 5008 449 5088 peccati,quod
463 5008 581 5082 suadet,
593 5013 647 5067 eut
659 5010 807 5089 precipit,
820 5030 892 5072 reue
940 5014 1042 5072 Deum
1064 5011 1200 5091 posuisse
1218 5010 1390 5086 hominem,
1413 5011 1504 5090 eique
1525 5015 1709 5089 potestatem

118 5108 167 5164 est
199 5107 318 5161 umen.
355 5100 435 5159 Cum
461 5099 557 5175 igitur
583 5103 737 5162 motiones
761 5102 834 5175 illae,
862 5108 894 5164 et
940 5104 1058 5172 iecisse,
1075 5104 1297 5182 optionemque
1317 5104 1448 5164 liberam
1464 5100 1608 5183 eligendi,
1624 5105 1709 5184 quod

120 5192 289 5272 impulsus,
309 5191 422 5270 quibus
441 5190 480 5250 ab
503 5191 643 5269 appetitu
662 5193 701 5252 ad
716 5193 893 5270 jucunditas·
941 5197 1044 5267 vellet,
1072 5196 1203 5271 bonum,
1231 5202 1286 5255 eut
1309 5196 1445 5270 malum3
1472 5198 1514 5257 sie
1537 5198 1630 5258 etiam
1653 5216 1711 5258 nee
1798 5188 1801 5193 ’

122 5284 332 5346 temferimur
344 5301 381 5343 ac
393 5282 637 5355 delectationem,
648 5301 712 5343 non
726 5285 788 5344 sint
800 5304 894 5363 genc-
944 5288 1126 5362 absurdum,
1151 5305 1209 5348 neo
1232 5286 1273 5347 ab
1294 5288 1360 5365 ejus
1387 5289 1548 5357 sanctitate
1576 5290 1712 5350 alienum

123 5379 169 5438 ris
195 5376 303 5454 hujux
334 5375 455 5434 tametsi
471 5375 503 5434 in
520 5380 678 5467 auctorem
704 5381 824 5439 naturae
840 5378 898 5437 ista
945 5380 1095 5453 dicamus,
1113 5380 1149 5453 si,
1173 5384 1284 5439 nature
1306 5379 1445 5439 hominis
1467 5380 1499 5441 id
1525 5381 1711 5459 postulante,

124 5469 240 5529 ultimo
253 5483 396 5540 revocem
413 5466 438 5526 si
456 5471 563 5529 temen
575 5467 654 5543 ipse,
679 5469 897 5547 quodcumque
947 5473 1023 5532 dirus
1036 5470 1096 5550 ipsi
1113 5470 1273 5535 facultates
1293 5469 1440 5532 attribuet
1463 5471 1536 5547 zoio,
1552 5476 1588 5531 ut
1601 5472 1715 5549 duplex
