4096 6166
300 321 360 383 688
560 321 610 381 DE
629 320 864 383 TRIDENTINI
886 319 1052 383 GONGILII
1072 317 1124 378 ET
1143 318 1176 378 S.
1198 315 1414 379 AUGUSTINI
1433 314 1632 378 DOCTRINA

300 502 396 565 quam
422 501 515 546 sensu
540 485 703 566 preditam
729 503 794 548 esse
826 486 899 547 inde
926 483 1068 547 concludi
1119 499 1264 557 numero,
1280 480 1364 561 quod
1377 481 1479 543 dicere
1488 496 1656 560 coeperam,
1670 477 1893 558 quiduodesi-

299 576 382 654 licet,
403 577 541 656 soletque
564 578 647 656 quod
669 579 708 640 sit
733 578 912 654 rationalis3
938 595 1009 653 nec,
1034 585 1070 637 ut
1118 575 1205 653 gnati
1222 594 1242 635 a
1264 592 1315 636 me
1336 579 1429 642 sunt,
1455 573 1597 633 exstitere
1610 572 1790 633 Dominieus
1814 572 1894 632 Sote

300 667 378 729 illud
392 668 573 748 approbem,
591 669 655 730 ulla
673 688 724 731 me
738 670 905 731 dialecticae
918 673 1069 750 precepta
1120 666 1332 745 Segobiensis,
1348 684 1388 728 ex
1411 666 1685 727 Dominicanorum
1705 663 1841 740 familia,
1859 668 1894 724 et

300 765 425 836 cogeant,
440 778 540 838 genus
549 761 626 821 illud
633 761 773 839 actionis,
781 768 933 841 tanquam
941 758 1070 822 medium
1118 758 1257 820 Andreas
1270 759 1356 838 Vega
1375 758 1542 838 Hispanus,
1557 775 1596 819 ex
1615 757 1894 818 Franchcanorum

300 852 456 930 asciscere,
472 852 692 931 quodsidesit,
705 853 1071 933 consequensfiat,sensu
1119 850 1239 927 ordine,
1263 851 1317 930 qui
1340 850 1380 911 ab
1407 849 1603 910 observantia
1624 849 1747 928 insigne
1772 864 1893 909 nomen

300 942 388 1004 omni
400 949 560 1005 carentem
573 962 638 1006 esse
653 944 869 1008 substantiam.
1119 943 1252 1022 accepit,
1281 941 1531 1004 salmanticensis
1552 941 1726 1002 Academias
1752 938 1895 1018 theologi
2019 992 2020 1017 ξ

1119 1033 1309 1113 professores
1322 1032 1429 1109 ambo,
1444 1038 1476 1093 et
1489 1037 1520 1094 et
1531 1032 1584 1094 ille
1598 1032 1727 1113 insuper
1739 1031 1852 1093 Garclo
1861 1032 1894 1090 V

1120 1124 1299 1204 imperatori
1310 1122 1592 1187 aconfessionibus.
1605 1123 1645 1184 lii
1655 1168 1672 1198 ,.
1686 1141 1759 1186 cum
1769 1124 1895 1184 innon·
2019 1164 2020 1171 ι

527 1241 711 1324 CAPUT
748 1242 831 1325 XV
1120 1216 1226 1297 nullis,
1240 1216 1457 1298 quaeadillud
1470 1216 1846 1295 argumentumattinent,
1861 1220 1897 1276 et
2019 1220 2020 1257 ³

837 1303 846 1321 ‘
1120 1308 1395 1389 impune,utfitin
1408 1308 1532 1384 scholis,
1547 1308 1897 1388 inuhamquepartem
2019 1340 2020 1377 ,

1120 1400 1328 1482 disputantur,
1356 1418 1376 1462 a
1402 1418 1435 1462 se
1463 1405 1575 1461 mutuo
1602 1400 1785 1462 dissiderent
1810 1396 1895 1479 (quse
2019 1410 2020 1415 ’

1120 1493 1276 1555 altercatio
1303 1492 1480 1573 primorum
1505 1492 1588 1553 inter
1614 1509 1648 1554 se
1673 1490 1896 1566 theologorum
2019 1532 2020 1581 3

306 1584 492 1649 Tridentinae
505 1583 648 1647 doctrine
669 1601 817 1646 emesae
839 1584 1070 1666 eorumesposi·
1121 1583 1334 1646 deliberationi
1361 1583 1519 1664 praecipue
1540 1600 1644 1645 moras
1661 1583 1799 1645 attulisse
1819 1581 1897 1643 diei-
2019 1664 2020 1669 ἵ

343 1679 429 1748 tione,
453 1677 643 1759 quicoucilc'o
657 1677 870 1758 intermeratae,
890 1677 1026 1752 mitum
1039 1693 1073 1737 uc
1122 1674 1183 1756 tur)
1197 1697 1206 1752 ;
1222 1690 1292 1757 post
1304 1679 1463 1739 decretum
1485 1694 1638 1739 consensu
1658 1675 1800 1737 omnium
1815 1680 1898 1736 tem-
2019 1694 2020 1741 t

341 1771 474 1852 murum
502 1787 541 1832 ex
564 1769 719 1831 Domiuico
741 1769 831 1846 Sota,
853 1769 907 1851 qui
927 1771 1074 1851 commuue·
1121 1776 1284 1849 peratum,
1327 1775 1359 1831 et
1392 1770 1531 1845 edituum,
1574 1785 1633 1849 pro
1668 1786 1724 1829 sua
1761 1768 1899 1847 quisque

343 1863 495 1925 sententie
504 1862 702 1942 suffruqutur.
719 1860 842 1923 Tomeos
850 1859 969 1924 Audrcu
985 1860 1072 1942 Veqo.
1122 1862 1278 1924 sententia
1295 1866 1533 1942 perseverarunt
1555 1861 1757 1934 contendere3
1772 1878 1809 1920 ae
1829 1859 1898 1920 duo
2019 1856 2020 1865 ’

1123 1953 1328 2016 annaeodem
1342 1953 1422 2017 1548
1435 1950 1898 2034 intersepugnantasprodiere
2019 1946 2020 1959 ¹

346 2043 426 2105 Cum
438 2043 490 2105 hic
512 2062 586 2124 ergo
606 2044 784 2125 disputandi
797 2045 893 2107 finem
905 2046 1075 2109 decresscm
1122 2046 1195 2107 libri
1216 2065 1223 2106 z
1249 2046 1327 2108 alter
1348 2046 1501 2108 Dominici
1523 2064 1543 2107 a
1565 2046 1641 2107 Soto
1660 2045 1696 2106 de
1717 2043 1847 2117 Natura,
1867 2050 1899 2104 et

304 2134 425 2211 iacere,
455 2137 540 2197 venit
566 2136 644 2198 mihi
670 2136 706 2197 iu
732 2144 870 2199 mentem
896 2137 1075 2199 accessionis
1127 2135 1256 2201 Gratiis:
1269 2138 1347 2200 alter
1359 2137 1492 2200 Andreae
1506 2135 1896 2217 Vegaedelautificutioue.
2019 2216 2020 2219 Ἴ

305 2226 477 2306 cujusdam,
504 2246 568 2306 qua
590 2227 707 2289 utiliter
732 2228 890 2308 obsignari
911 2233 1023 2308 posset,
1045 2232 1076 2289 et
1127 2229 1199 2290 Haec
1226 2248 1266 2292 ex
1298 2229 1429 2291 historia
1458 2228 1633 2290 Tridentini
1666 2226 1791 2290 concffli
1824 2226 1899 2288 ideo

306 2336 380 2380 vero
394 2320 521 2383 deberet
534 2325 640 2381 nostra
652 2320 711 2380 ista
730 2320 964 2382 commentatio.
984 2322 1073 2393 Nam,
1125 2320 1240 2382 referre
1249 2320 1347 2398 volui,
1362 2327 1398 2382 ut
1411 2328 1575 2389 constaret.
1584 2320 1628 2396 id,
1642 2320 1675 2380 in
1687 2337 1749 2399 quo
1761 2318 1827 2378 duo
1837 2318 1897 2396 illi,

307 2428 380 2472 cum
407 2412 446 2473 dc
469 2411 644 2473 Tridentini
676 2412 791 2473 decreti
824 2412 1077 2492 interpretatione
1126 2413 1312 2492 ceteroquin
1335 2413 1412 2473 adeo
1430 2412 1596 2489 discordes,
1609 2413 1691 2473 inter
1712 2430 1746 2472 se
1765 2428 1900 2471 consen·

307 2504 503 2582 potissimum
518 2510 640 2582 agatur,
657 2509 688 2565 et
701 2506 760 2565 boc
772 2505 984 2583 inquestione
998 2505 1079 2584 posi·
1126 2504 1219 2581 tiunt,
1235 2505 1365 2584 quodud
1375 2522 1502 2567 sensum
1515 2504 1689 2565 Tridentini
1699 2503 1812 2566 decreti
1824 2520 1898 2582 per·

309 2596 438 2669 tumsit,
455 2596 595 2676 quemin
618 2595 723 2657 animo
748 2614 874 2657 sensum
896 2596 1075 2670 verboram,
1125 2597 1215 2671 tinet,
1235 2595 1268 2655 id
1288 2614 1345 2676 pro
1369 2614 1530 2675 germano,
1550 2601 1645 2674 certo,
1668 2600 1699 2658 et
1722 2593 1899 2656 indubitato

308 2687 363 2765 qui
376 2687 453 2748 illud
468 2688 684 2763 condiderunt,
694 2686 862 2749 habuerint
874 2689 991 2765 Patres,
1000 2688 1079 2750 nihil
1127 2686 1307 2748 tenendum.
2019 2712 2020 2773 p

309 2777 394 2838 adid
414 2779 666 2858 investigandum
684 2779 856 2858 expeditius
877 2784 978 2858 potest
1001 2797 1077 2858 esse,
1168 2779 1262 2858 Atqui
1284 2779 1378 2840 iidem
1400 2777 1463 2839 duo
1483 2776 1653 2850 clarissimi,
1664 2776 1900 2858 gradmimique
2019 2782 2020 2787 ’

309 2888 405 2949 quam
419 2870 504 2950 quod
523 2872 630 2932 Petrus
648 2870 787 2931 Canisius
800 2871 834 2931 in
847 2871 1079 2951 prefationead
1128 2869 1270 2932 docteres
1296 2869 1434 2949 theologi
1460 2868 1495 2928 in
1521 2869 1700 2948 explicanda
1725 2869 1900 2931 Tridentini

168 2994 255 3042 m,
310 2962 529 3042 opusdndreae
539 2964 631 3040 Vegae
645 2961 1080 3044 delustificuticue,suadethis
1128 2962 1251 3023 concilii
1269 2962 1422 3036 doctrina,
1447 2978 1553 3022 secum
1573 2961 1718 3037 invicem,
1738 2966 1770 3021 et
1792 2961 1900 3022 nobis·

139 3048 287 3148 ”qqfflh
310 3052 431 3114 verbis:
449 3054 552 3115 clllucl
566 3054 678 3130 dicam
689 3054 851 3133 permagni
864 3072 938 3116 sane
949 3054 1078 3130 referre,
1128 3052 1901 3132 cumadamussimconsentiunt;acnov0rumdog·
2019 3050 2020 3129 i

311 3150 347 3206 ut
368 3145 409 3206 ad
426 3164 556 3210 manum
577 3145 749 3207 babeam
770 3147 979 3225 quorumdam
998 3147 1082 3208 testi-
1129 3148 1322 3208 matistarum
1335 3146 1510 3207 etantebos
1521 3145 1782 3220 lutheranorum,
1792 3145 1900 3207 etCal·
2019 3158 2020 3229 g

311 3238 420 3299 monia
432 3239 556 3320 scripta,
570 3240 626 3318 qui
645 3238 731 3299 velut
750 3238 866 3299 oculati
878 3244 971 3301 testes
984 3239 1080 3301 actio·
1128 3240 1314 3300 vinistarum
1324 3238 1504 3319 opinionem
1517 3254 1574 3317 pro
1584 3236 1730 3297 heretica
1739 3236 1899 3315 judicant3

312 3348 391 3391 num
404 3331 478 3393 dicti
489 3330 622 3407 conubii,
638 3348 743 3391 coram
757 3330 881 3392 adfuere
895 3351 903 3407 ;
917 3336 954 3391 ut
966 3331 1083 3392 horum
1131 3331 1215 3394 etad
1231 3349 1300 3393 eam
1310 3349 1375 3391 non
1385 3329 1561 3409 alio,quam
1572 3347 1634 3408 quo
1643 3328 1689 3389 illi
1701 3327 1899 3407 profitentur,
2019 3332 2020 3379 ἒ

313 3424 407 3484 eham
426 3424 632 3500 sententia,et
653 3423 909 3502 interpretatione
934 3422 1034 3501 nobis,
1052 3429 1084 3484 et
1132 3423 1321 3485 intellectam
1335 3441 1439 3499 sensu,
1453 3421 1675 3497 damnandam,
1687 3437 1723 3481 aa
1736 3419 1903 3499 prossigan-
2019 3448 2020 3503 ι

311 3515 444 3593 posteris
458 3515 655 3594 explicatiora
668 3515 838 3577 reddantur
852 3561 860 3592 ,
876 3532 947 3595 que
962 3520 1036 3575 sunt
1049 3514 1083 3576 in
1131 3514 1445 3577 damacorrnmodari
1458 3513 1606 3594 synodica
1627 3511 1817 3574 illadecreta
1829 3530 1903 3574 con-
2019 3508 2020 3511 ’

313 3607 423 3668 eadem
434 3606 741 3686 synodoconstitata.
757 3627 773 3664 o
792 3609 860 3668 Hoc
879 3624 954 3669 vero
968 3606 1083 3668 summi
1131 3607 1268 3669 firmant.

313 3698 372 3761 viri
403 3697 567 3760 consilium
593 3699 781 3777 magnopere
814 3699 904 3759 nohis
935 3698 1080 3778 placuit:
1173 3699 1351 3762 Dominicus
1374 3698 1449 3759 Sota
1462 3696 1519 3758 lib.
1536 3694 1599 3757 Ide
1612 3693 1735 3758 Natura
1748 3704 1778 3758 et
1796 3696 1902 3777 putat
1947 3712 2020 3777 Μ

313 3790 405 3852 credo
419 3789 576 3866 itidemst
589 3788 656 3850 aliis
666 3788 1084 3869 visumirtprudcntibus,ac
1133 3791 1311 3871 cap.xr,de
1321 3790 1419 3852 libero
1429 3788 1704 3867 arbitrio,ejusque
1716 3789 1897 3868 cumgratia
1938 3776 2020 3882 ⁵⁰2¹}

312 3882 379 3943 veri
392 3881 536 3942 studiosis
549 3880 737 3957 lectoribus;
752 3899 887 3961 quorum
900 3884 934 3944 in
951 3882 1084 3962 gratim
1132 3901 1284 3945 consensu
1302 3887 1443 3944 accurate
1463 3880 1645 3961 disputans,
1665 3898 1702 3941 ac
1724 3880 1898 3942 Tridentini
1938 3890 2020 3951 uum<

313 3974 431 4053 aliquot
457 3973 510 4034 hic
535 3973 697 4054 appellabo
720 3979 824 4049 testes,
848 3978 880 4035 et
901 3974 1084 4053 interpretes
1133 3975 1254 4037 concilii
1265 3993 1372 4054 capr,
1383 3979 1414 4035 et
1423 3990 1577 4035 canonem
1588 3989 1622 4033 rr
1638 3970 1784 4033 sessionis
1806 3977 1901 4034 sextas
1941 3954 2020 4045 ..Ἧι

313 4065 438 4141 mentis,
462 4083 498 4127 ac
520 4065 669 4145 propositi
690 4065 946 4127 Tridentinorum
971 4084 1086 4145 presu-
1132 4067 1301 4143 declarans,
1316 4065 1520 4146 «Neminem,
1535 4064 1662 4144 inquit,
1693 4068 1817 4125 aeuus
1830 4062 1898 4145 (leq.

314 4155 392 4234 lum,
417 4174 456 4218 ex
475 4157 533 4234 iis,
555 4157 611 4236 qui
635 4164 703 4217 tum
725 4162 892 4235 presentes
918 4157 1085 4219 interfuere
1134 4156 1284 4238 coactum)
1300 4159 1392 4233 Deus,
1406 4164 1461 4220 aut
1481 4156 1660 4220 necessitate
1682 4155 1774 4217 adse
1792 4156 1901 4233 trahit,

314 4248 446 4327 synodo,
462 4266 535 4310 cum
548 4248 670 4309 decreta
680 4247 735 4308 illa
747 4247 867 4311 fierent.
1134 4248 1235 4311 sedin
1248 4254 1354 4311 nostra
1367 4254 1413 4311 est
1434 4253 1583 4329 potestate
1603 4247 1735 4327 gratiam
1757 4247 1825 4327 ejus
1841 4265 1903 4309 ras·

353 4340 398 4402 Ao
411 4358 475 4420 pre
498 4340 615 4402 ceteris
637 4341 700 4401 diro
715 4339 761 4400 illi
783 4341 976 4420 producendi
997 4348 1080 4421 sunt,
1135 4359 1242 4421 puere,
1257 4341 1304 4402 uti
1317 4359 1342 4403 s.
1356 4340 1492 4402 Trident.
1509 4358 1580 4420 syn.
1595 4357 1665 4401 sess.
1683 4356 1719 4400 vr
1732 4384 1741 4415 ,
1755 4357 1823 4419 cap.
1838 4355 1861 4398 v
1873 4343 1905 4400 et

315 4430 369 4510 qui
382 4432 526 4493 omnium
538 4432 923 4509 doctrina,etauctoritate‚
932 4434 971 4494 ex
983 4434 1087 4513 priva·
1135 4432 1706 4511 can.1vdeterminavit.Etpreterea
1723 4431 1810 4510 quod
1822 4448 1902 4510 qno·
1931 4476 2020 4525 um*

315 4527 422 4583 torum
445 4523 564 4596 ordine,
581 4523 735 4605 principes
756 4523 848 4586 fuisse
862 4524 1085 4604 perhibentur;
1135 4525 1193 4587 ties
1204 4542 1364 4587 assensum
1373 4529 1516 4586 nostrum
1529 4523 1733 4604 prebeamus,
1744 4528 1776 4584 et
1789 4540 1902 4603 coope-
1931 4532 2020 4629 »Ἦ

316 4632 352 4675 ac
365 4631 517 4695 magnum
532 4615 572 4676 ad
585 4614 789 4677 decidendam
807 4615 895 4678 illam
909 4621 1085 4679 controver·
1135 4617 1198 4677 rari
1212 4619 1275 4679 Deo
1286 4616 1429 4693 velimus,
1451 4632 1616 4695 nunquam
1629 4633 1685 4694 per
1706 4615 1811 4695 ipsum
1830 4618 1901 4690 stat,
1935 4598 2020 4684 riam

317 4705 406 4787 siam,
422 4724 492 4787 quse
505 4707 543 4768 de
549 4707 769 4786 justificatione
782 4715 851 4770 tum
862 4714 909 4770 est
918 4716 1084 4783 commota,
1135 4709 1303 4788 quominus
1314 4707 1551 4789 praesentissimo
1564 4706 1767 4769 hvooenohis
1777 4705 1906 4768 auxilie-
2019 4718 2020 4723 ’

318 4805 513 4861 momentum
538 4798 685 4863 athdisse.
712 4801 784 4862 Fuit
805 4806 920 4874 autem,
944 4803 1029 4880 quod
1054 4803 1086 4861 in
1134 4806 1197 4875 tur,
1218 4799 1334 4880 quippe
1349 4800 1403 4880 qui
1414 4799 1531 4879 jugiter
1550 4799 1664 4860 ostium
1685 4797 1787 4860 cordis
1807 4797 1907 4859 nostri
2019 4850 2020 4855 ,

317 4889 447 4951 historia
456 4890 577 4953 concilii
586 4891 1005 4972 istiusmcmoriaeproditum
1016 4890 1085 4969 est¹‚
1136 4891 1248 4972 pulsat,
1277 4896 1314 4953 ut
1341 4897 1570 4954 convertamur.
1598 4912 1614 4949 o
1645 4891 1718 4952 Mox
1738 4889 1834 4968 huJ‘us
1859 4888 1907 4950 rei

318 4983 384 5041 tam
397 4989 549 5057 accurata,
565 4983 628 5043 imo
643 4984 745 5060 anxia,
761 4989 792 5045 et
804 4983 960 5044 laboriosa
982 4983 1020 5043 de
1034 4982 1087 5045 illo
1137 4989 1359 5063 argumentum
1370 4983 1457 5044 ducit
1473 5004 1489 5041 a
1508 5000 1548 5044 ex
1558 4987 1672 5043 natura
1684 4987 1716 5044 et
1728 4980 1906 5042 conditione

319 5071 441 5134 decreto
454 5074 612 5153 inquisitio
625 5080 694 5137 tum
714 5075 804 5149 iacta,
820 5081 857 5135 ut
869 5074 983 5136 centies
994 5075 1033 5136 de
1051 5093 1089 5137 ea
1136 5075 1286 5137 bumana.
1300 5076 1356 5136 Est
1366 5075 1452 5137 enim
1464 5075 1560 5136 homo
1574 5079 1682 5154 suapte
1692 5078 1805 5135 natura
1815 5072 1909 5133 ratio-

319 5161 524 5226 deliberatum
541 5165 592 5241 sit,
606 5172 638 5228 et
651 5168 730 5228 itum
743 5167 777 5228 in
796 5167 961 5228 concilium
974 5167 1089 5246 partim
1138 5167 1208 5252 nale
1220 5166 1572 5244 animal;bocnimirum
1583 5164 1682 5227 brutis
1695 5163 1908 5226 animantibus

320 5271 340 5314 a
365 5256 512 5335 praelatis,
533 5256 650 5343 phem
677 5258 716 5319 ab
743 5257 904 5337 theologis.
926 5259 1046 5319 Horum
1070 5277 1088 5322 e
1138 5265 1299 5339 prestans,
1314 5258 1522 5339 quodhsbeet
1538 5257 1729 5320 intellectum
1741 5255 1908 5319 ratiocina-

349 5455 495 5503 suaedas.
