3948 6172
296 311 297 315 =
323 283 383 343 480
832 273 1158 339 THEOLOGICORUM
1178 276 1397 341 uooMAruu

324 466 369 523 se,
385 461 503 524 suoque
515 449 596 504 nutu
612 445 644 504 et
659 440 860 505 inclinatione
884 440 1028 503 voluntas
1051 442 1091 503 ad
1139 441 1250 515 lutam,
1261 461 1298 504 ac
1310 439 1483 523 simplicem
1505 440 1541 504 in
1565 440 1704 524 appetitu
1721 442 1895 506 determina·

324 540 378 600 illa
390 538 523 599 trahitur
534 557 542 613 ;
554 536 602 597 rel
616 540 743 597 externo
757 534 860 616 aliquo
874 542 1028 597 movente.
1139 532 1258 595 tionem
1264 534 1594 610 efficit3riolentavero
1601 552 1763 615 nunquam
1769 535 1897 597 absolate

365 633 436 692 Jam
448 644 521 691 vero
536 627 684 689 violenter
696 627 810 707 aliquid
825 627 860 687 fit
873 632 927 688 aut
940 625 1090 702 absolute,
1141 627 1341 704 determinat,
1357 627 1531 708 prasertim
1551 627 1701 708 appetitui
1722 627 1896 704 rationabili,

326 743 362 784 ac
374 720 564 803 simpliciter,
580 725 634 782 aut
652 720 886 799 quadamtenus.
915 718 1090 781 Violentum
1141 718 1201 781 hoc
1223 724 1269 780 est
1293 719 1446 780 voluntati
1471 718 1621 798 adhibita,
1636 720 1711 799 quia
1734 737 1850 799 semper
1868 721 1897 781 in

326 815 464 876 absolute
479 813 601 886 dicitur,
618 831 679 892 quo
693 811 843 892 appetitui
868 811 926 892 ipsi
952 812 998 872 vis
1012 829 1093 891 quae
1141 816 1290 891 potestate
1299 811 1393 891 hujus
1402 816 1448 873 est
1456 812 1629 891 quamlibet
1638 811 1812 873 vehementi
1824 811 1898 872 illius

326 908 397 969 dam
410 906 539 968 interior
552 904 659 965 inferri
676 905 821 986 ponitur,
841 903 1013 983 cujusmodi
1026 904 1092 964 vio·
1141 902 1336 985 impressioni
1349 904 1501 966 resistere.
1513 904 1603 981 Hinc,
1619 910 1655 965 ut
1667 904 1779 984 saepius
1792 903 1899 964 dictum

325 998 420 1060 lentia
444 996 640 1077 impossibilis
653 1002 709 1073 est,
739 1015 775 1058 eo
799 996 882 1076 quod
896 1014 934 1057 ex
949 996 1049 1057 aiente
1063 1000 1094 1056 et
1142 1000 1198 1071 est,
1226 1015 1297 1076 quaa
1324 1014 1363 1058 ex
1385 995 1484 1057 libera
1503 997 1664 1058 voluntate
1683 996 1777 1070 fiunt,
1797 996 1844 1056 vel
1855 1014 1897 1072 eo,

325 1097 463 1167 negante·
481 1091 649 1165 conflatur,
674 1088 757 1168 quod
771 1087 811 1150 ad
831 1087 1093 1149 contradictionem
1142 1088 1226 1167 quod
1247 1088 1382 1150 liberum
1399 1087 1563 1150 arbitrium
1584 1094 1724 1179 vocatur,
1749 1106 1898 1168 nunquam

324 1182 477 1263 implicari
503 1181 628 1243 dicitur.
654 1181 735 1241 Nam
761 1186 914 1259 quatenus
940 1181 1094 1260 appetitus
1141 1179 1222 1240 fiunt
1238 1180 1423 1257 necessario,
1438 1179 1511 1260 quia
1535 1179 1741 1241 determinata
1767 1197 1830 1242 esse
1850 1198 1896 1241 ne·

324 1275 400 1353 agit,
415 1274 454 1334 ab
464 1274 587 1335 interno
596 1272 748 1353 principio
760 1279 922 1347 movetur;
940 1278 976 1332 ut
988 1277 1094 1332 autem
1142 1278 1263 1352 queunt
1274 1273 1312 1334 ad
1328 1290 1427 1334 unum
1450 1290 1552 1351 neque
1565 1273 1701 1334 naturali
1722 1272 1896 1349 necessitate,

324 1366 497 1427 violentum
511 1365 652 1444 lingitur,
668 1383 733 1426 non
747 1366 811 1443 agit
824 1382 863 1425 ex
875 1363 999 1425 interno
1012 1365 1096 1444 prin·
1142 1383 1244 1444 neque
1266 1364 1413 1426 violenta.
1444 1363 1615 1446 Utrobique
1641 1366 1726 1427 enim
1742 1364 1827 1426 nulla
1843 1384 1898 1427 esse

325 1458 419 1537 cipio.
430 1458 505 1538 Agit
514 1476 588 1537 crgo
596 1456 730 1518 simulet
740 1476 805 1519 non
815 1457 889 1535 agit.
901 1456 1092 1531 Violentum,
1143 1462 1243 1536 potest
1265 1457 1386 1531 electio,
1410 1475 1480 1537 quae
1503 1466 1549 1517 est
1574 1457 1711 1538 propria,
1740 1463 1771 1518 et
1792 1464 1898 1532 amatr,

326 1550 409 1631 quod
423 1548 580 1611 accardum
599 1548 674 1629 quid
694 1553 814 1625 vocant,
843 1553 889 1610 cst
912 1548 959 1607 ris
979 1548 1094 1609 extrin-
1142 1547 1232 1610 liberi
1255 1548 1392 1624 arbitrii,
1415 1549 1479 1611 sive
1500 1555 1611 1611 creatae
1630 1549 1797 1610 voluntatis
1818 1550 1895 1610 actia

326 1661 412 1704 secus
426 1643 538 1719 oblata,
564 1661 628 1723 qua
652 1642 806 1723 appetitus
820 1640 860 1701 ad
873 1638 950 1718 ejus,
963 1639 996 1700 in
1011 1640 1095 1719 quod
1143 1640 1224 1703 Fieri
1233 1646 1338 1703 tamen
1353 1645 1463 1722 potest,
1479 1647 1516 1702 ut
1530 1639 1639 1702 eadem
1652 1640 1819 1702 voluntatis
1830 1643 1896 1701 actio

325 1735 441 1815 alioqui
452 1740 640 1807 moveretur,
658 1733 850 1796 conuarium
860 1732 1041 1813 impellitur.
1144 1737 1175 1795 et
1195 1732 1294 1793 libera
1307 1733 1363 1811 sit,
1387 1731 1447 1794 hoc
1472 1739 1519 1794 e'st
1544 1732 1584 1794 sit
1607 1732 1727 1807 electio,
1751 1738 1783 1794 et
1809 1738 1897 1794 tamen

367 1828 423 1888 Ill.
447 1829 501 1888 His
526 1827 770 1903 animadversis,
799 1824 882 1905 quod
912 1823 1096 1887 naturaliter
1144 1831 1257 1902 coacta,
1285 1824 1484 1904 violentaque
1502 1825 1551 1901 sit,
1574 1825 1646 1907 quia
1672 1827 1702 1887 vi
1726 1831 1842 1887 extorta
1861 1832 1897 1886 est

326 1923 493 2002 appetitur,
509 1925 716 2001 spontaneum
730 1917 852 1993 dicitur,
874 1917 1010 1978 maxime
1023 1935 1096 1978 cum
1144 1917 1296 1979 duntaxat
1318 1917 1509 1978 extrinsecus
1533 1917 1629 1979 illata.
1654 1917 1755 1991 Quare
1777 1918 1897 1979 nouerit

328 2031 367 2074 ex
385 2018 562 2092 antegressa
582 2008 757 2090 cognitione
775 2010 809 2070 in
822 2010 855 2071 id
868 2010 1013 2090 appetitio
1028 2027 1095 2070 mo·
1145 2015 1269 2085 ἑκούσιος,
1304 2008 1337 2070 id
1359 2014 1405 2070 est
1426 2008 1616 2087 voluntaria,
1647 2009 1711 2071 sive
1739 2018 1894 2091 malaca,

261 2149 276 2161 .
328 2110 429 2179 retur,
444 2105 543 2167 Graeci
555 2110 584 2164 rt
598 2109 706 2164 ἑκούσιον
720 2102 894 2182 appellant;
919 2102 1012 2180 idque
1031 2108 1096 2163 tam
1145 2103 1270 2182 quando
1283 2120 1349 2163 non
1362 2119 1401 2163 ex
1422 2120 1472 2179 ss,
1488 2100 1676 2181 proprioque
1689 2108 1785 2179 nutu,
1799 2102 1847 2163 sed
1865 2102 1896 2162 ab

261 2213 268 2227 ·
329 2196 362 2257 in
392 2197 494 2257 brutis
521 2194 731 2255 animantibus
758 2194 912 2271 cernitur,
943 2212 1038 2272 quam
1062 2193 1095 2253 in
1145 2193 1298 2256 exteriore
1324 2212 1431 2271 rausa,
1455 2201 1563 2255 contra
1584 2194 1762 2256 naturalem
1784 2213 1897 2275 propen

329 2288 449 2349 ratione
468 2287 616 2367 praeditis.
643 2286 708 2346 Hoc
732 2290 837 2347 cartem
850 2283 874 2345 si
898 2285 1096 2353 antecedente
1144 2284 1896 2367 sionemvoluntasadappetendum,eteligendum

328 2380 438 2441 notitia
446 2380 496 2441 vel
504 2377 598 2441 solius
607 2377 774 2458 phantasia
787 2378 851 2455 fiat,
865 2377 1096 2438 velintellectns
1145 2378 1262 2459 aliquid
1276 2378 1458 2458 impellitur.

329 2473 475 2552 quidem;
491 2471 545 2532 sed
565 2469 620 2550 qui
633 2470 673 2531 ad
687 2488 786 2530 unum
801 2469 1023 2530 determinatus
1043 2470 1094 2544 sit,
1184 2471 1234 2532 lV.
1259 2471 1336 2538 Quae
1362 2471 1464 2532 omnis
1491 2472 1632 2535 doctrina
1653 2491 1692 2534 cx
1705 2471 1766 2532 illis
1779 2471 1895 2551 philoao

329 2583 387 2626 nee
410 2564 550 2644 opposita
563 2562 644 2623 inter
658 2581 689 2624 se
704 2567 872 2641 comparet,
889 2580 924 2623 ao
935 2562 1093 2637 deliberet,
1145 2561 1239 2642 phiae,
1254 2562 1480 2642 theologiaeque
1493 2564 1606 2626 hausta
1614 2564 1754 2626 lontibus
1767 2570 1821 2640 est,
1833 2581 1896 2643 quos

330 2656 499 2718 necessaria
508 2660 554 2716 est
566 2654 735 2734 appetitio;
751 2654 799 2715 sin
810 2653 863 2714 illa
875 2653 1010 2733 cognitio
1025 2654 1098 2714 deli·
1143 2653 1180 2714 in
1205 2654 1297 2716 tertio
1321 2659 1352 2715 et
1378 2661 1489 2735 quarto
1511 2658 1609 2738 capite
1632 2656 1707 2718 libri
1723 2656 1806 2717 tertii
1818 2654 1897 2716 reclu-

329 2746 487 2807 beratione
503 2745 667 2825 conjuncta
676 2745 725 2814 sit,
737 2764 820 2806 exea
829 2746 964 2805 nascitur
976 2744 1095 2822 electio,
1145 2745 1242 2807 simus
1250 2765 1258 2822 ;
1281 2766 1318 2808 ac
1339 2747 1485 2828 deinceps
1497 2748 1629 2828 passim,
1645 2760 1677 2809 et
1689 2747 1788 2809 sicubi
1801 2765 1895 2828 oppor-

330 2858 399 2919 qum
414 2844 460 2900 est
471 2837 618 2919 appetitio
632 2836 740 2913 libera,
757 2842 864 2916 utpote
875 2836 966 2897 liberi
978 2837 1098 2897 arbitrii
1146 2843 1260 2899 tunam
1285 2839 1355 2912 fuit,
1379 2839 1419 2901 ad
1442 2840 1644 2920 antiquorum
1671 2841 1803 2900 Patrum
1826 2838 1895 2898 illus

332 2932 458 3012 propria
477 2930 609 2992 functio.
627 2930 780 2990 Ceterum
796 2929 1002 2990 necessarium
1020 2928 1098 2990 illud
1145 2931 1895 3012 trandas‚explicandasquesententias,adeosdem

330 3030 387 3101 est,
401 3028 437 3083 ut
450 3042 490 3085 ex
507 3023 540 3084 S.
561 3023 683 3083 Thema
707 3040 801 3101 supra
823 3019 1095 3100 memoravimus¹,
1146 3022 1280 3102 digitum
1293 3023 1495 3085 intendimus.
1519 3024 1608 3098 Quod
1634 3020 1895 3104 postremohacin

328 3114 407 3197 quod
427 3114 616 3176 immobiliter
628 3115 669 3174 ad
688 3131 781 3174 unum
794 3112 1020 3175 determinatum
1044 3121 1095 3174 est.
1145 3114 1213 3177 loco
1228 3115 1404 3195 diligentius
1422 3116 1643 3178 inculcandum
1660 3116 1816 3190 duximus,
1834 3132 1894 3194 quo

328 3208 362 3269 Id
377 3212 482 3268 nartem
505 3207 555 3267 vel
579 3206 722 3267 naturale
749 3212 805 3277 est,
837 3205 887 3266 vel
914 3211 1053 3267 coactum
1068 3210 1099 3268 et
1146 3207 1232 3268 niam
1246 3207 1284 3268 ad
1297 3208 1350 3269 illa
1366 3214 1515 3288 tempora,
1536 3213 1567 3269 et
1587 3226 1640 3270 eos
1661 3209 1822 3288 scriptores
1838 3224 1893 3285 pcr-
1966 3234 1967 3321 p

328 3299 513 3373 violentum,
526 3316 601 3359 nam
610 3304 778 3378 utrumque
786 3297 1026 3359 determinatum
1039 3311 1095 3359 est.
1146 3298 1306 3368 venimus,
1338 3319 1357 3360 a
1387 3300 1501 3379 quibus
1531 3300 1686 3381 pressius,
1711 3318 1748 3361 ac
1774 3296 1894 3360 subtilius
1966 3330 1967 3355 t

328 3393 371 3453 De
385 3390 521 3453 naturali
544 3389 692 3472 praeclara
718 3396 764 3451 est
783 3389 837 3450 illa
861 3390 995 3451 Nemesii
1017 3389 1097 3451 ratio
1146 3391 1330 3472 disputando
1338 3410 1389 3454 res
1401 3392 1567 3462 enucleari,
1577 3383 1654 3453 eiad
1668 3388 1893 3453 vivnmresecari

329 3483 388 3544 alio
416 3482 629 3544 anobisloeo
658 3480 792 3557 citata¹3
814 3481 869 3562 qui
896 3482 1002 3542 brutas
1029 3480 1097 3543 ani·
1147 3490 1325 3563 coeperunt,
1361 3485 1487 3564 quando
1527 3496 1559 3546 et
1586 3484 1771 3556 ,divinarum
1805 3498 1893 3544 rerum
1966 3462 1967 3509 ¹

329 3580 460 3650 mantes,
487 3575 543 3635 etsi
568 3573 668 3634 simile
695 3573 812 3653 aliquid
831 3573 960 3634 rationis
982 3572 1097 3635 habere
1146 3575 1323 3637 tractationi
1344 3576 1558 3653 insinuandae,
1573 3573 1892 3657 implicandaequephi·

328 3668 485 3737 videntur,
505 3684 569 3726 non
588 3672 693 3726 tamen
713 3666 878 3726 rationales
891 3685 956 3727 esse
974 3667 1095 3746 probat,
1146 3667 1294 3748 losophiae
1308 3668 1433 3730 initium
1450 3674 1496 3730 est
1519 3667 1645 3730 lactum.
1662 3670 1853 3749 Quapropter,
1864 3664 1894 3725 iis

329 3759 479 3840 qnoniam
488 3757 598 3819 eodem
607 3776 643 3819 ae
657 3757 861 3818 determinato
871 3756 964 3817 modo
976 3776 1097 3839 semper
1146 3760 1232 3822 velut
1244 3761 1455 3823 fundamentis
1468 3762 1588 3843 positis,
1603 3780 1639 3823 ac
1650 3761 1753 3839 liberi,
1767 3766 1796 3823 et
1807 3775 1893 3821 neces

327 3856 436 3931 agrmt.
452 3850 576 3911 Etenim
590 3850 712 3930 lepores
725 3867 835 3911 omnes
853 3848 960 3909 iisdem
976 3851 1014 3911 ad
1029 3851 1097 3911 elu-
1146 3852 1219 3913 sarii
1233 3853 1401 3914 constituta
1415 3854 1547 3931 ratione,
1563 3853 1657 3934 plana
1670 3860 1763 3916 erunt
1775 3858 1805 3914 et
1815 3848 1893 3930 expli·

328 3945 445 4007 dendus
479 3948 640 4004 venatores
674 3941 810 4003 artificiis
842 3947 993 4017 utuntur;
1031 3943 1098 4024 lupi
1148 3950 1218 4005 catu
1230 3944 1343 4021 facilia,
1359 3964 1429 4025 quae
1443 3965 1482 4007 ex
1500 3945 1723 4026 posterioribus
1744 3946 1801 4007 illis
1817 3944 1896 4021 scrip

328 4039 436 4100 eadem
450 4036 581 4113 feritate,
597 4041 628 4097 et
641 4035 681 4095 ad
693 4034 904 4095 insidiandum
917 4034 1096 4113 calliditatc;
1147 4035 1266 4097 toribus
1293 4037 1429 4099 adversm
1457 4037 1553 4118 partis
1574 4037 1703 4117 signiter
1728 4036 1841 4115 objecit.
1864 4034 1895 4093 ln

328 4129 410 4191 simii
435 4129 546 4190 eodem
566 4127 659 4188 modo
674 4145 782 4187 omnes
799 4126 972 4189 imitantur.
1000 4130 1039 4188 At
1065 4127 1098 4190 in
1147 4128 1260 4207 quibus
1274 4135 1422 4208 praeterea
1434 4147 1499 4191 non
1520 4129 1635 4205 minus,
1656 4148 1752 4209 quam
1772 4130 1803 4190 in
1816 4144 1894 4206 supe·

328 4220 519 4297 hominibus,
533 4225 661 4300 propter
675 4219 791 4280 arbitrii
805 4218 991 4295 libertatem,
1004 4220 1097 4282 imru·
1147 4220 1280 4280 rioribus
1293 4220 1422 4282 citandis
1432 4240 1489 4301 pro
1503 4239 1536 4282 se
1549 4221 1676 4283 testibus
1685 4238 1799 4284 caecum
1809 4220 1894 4293 illum,

328 4313 485 4375 merabilis
510 4317 565 4389 est,
596 4329 698 4392 neque
725 4315 807 4372 certo
828 4330 941 4390 genere
966 4313 1098 4375 circum-
1147 4311 1383 4392 aepraecipitem
1408 4313 1502 4374 luisse
1527 4314 1694 4388 constabit,
1716 4332 1785 4376 cum
1803 4326 1896 4374 eornm

328 4406 441 4486 scripta
454 4405 585 4465 varietas
607 4405 775 4466 actionum.
793 4405 870 4470 Quae
882 4423 932 4466 res
950 4406 1053 4485 arguit
1066 4406 1099 4468 id
1148 4404 1299 4483 ipsorum,
1324 4423 1403 4485 quos
1420 4406 1560 4484 adduxit,
1584 4425 1660 4469 voce
1679 4425 1716 4468 ae
1740 4403 1895 4469 testimonio

330 4513 396 4557 esse
416 4492 580 4554 definitum
593 4510 629 4555 ac
645 4491 898 4568 determinatum,
914 4495 999 4574 quod
1009 4500 1100 4556 natu-
1148 4496 1315 4558 refellatur.

328 4585 434 4647 raliter
447 4587 484 4648 fit
499 4605 507 4660 ;
523 4585 645 4646 varium
658 4591 763 4646 autem
777 4604 813 4647 ac
826 4585 1000 4665 multiplex,
1016 4586 1100 4666 quod
1189 4589 1322 4662 Etenim,
1338 4606 1432 4668 quem
1449 4608 1488 4650 ex
1503 4591 1643 4671 ,Hugone
1661 4591 1765 4652 locum
1777 4588 1896 4670 primum

329 4677 425 4739 libere
439 4676 552 4755 agitur.
566 4677 627 4737 Sed
638 4678 722 4757 quod
732 4677 872 4739 naturale
881 4683 937 4757 est,
954 4679 1098 4759 aseipso,
1149 4679 1292 4740 omnium
1304 4681 1417 4760 posuit,
1432 4681 1459 4741 is
1471 4681 1577 4744 libera
1594 4682 1760 4744 voluntatis
1772 4686 1896 4742 naturam
1932 4684 1944 4727 t

330 4769 560 4831 etexinteriore
573 4769 912 4846 causadoterminatur;
927 4770 1100 4832 violentum
1148 4771 1183 4831 in
1214 4771 1360 4834 utriusvis
1394 4772 1528 4852 eligendi
1568 4780 1718 4854 potestate
1755 4771 1896 4854 perspicue
1914 4749 1941 4793 ‘¹'

330 4867 435 4923 autem
447 4859 486 4921 ab
502 4866 631 4922 externa
647 4880 753 4937 causa,
779 4866 824 4922 est
845 4861 930 4923 enim
952 4861 1099 4924 determi·
1149 4864 1274 4924 statuit:
1293 4862 1467 4925 «Liberum
1485 4865 1658 4937 arbitrium,
1671 4867 1714 4927 ait
1732 4868 1817 4945 Hugc
1825 4861 1846 4939 ⁸,
1859 4862 1897 4921 est

330 4957 442 5013 natum
469 4955 499 5011 et
521 4950 637 5030 ipsum.
654 4951 742 5025 Quod
763 4950 846 5012 enim
867 4950 998 5030 cogitur,
1014 4952 1054 5013 ad
1067 4953 1100 5014 id
1148 4953 1292 5016 habilitas
1300 4956 1459 5018 rationalis
1467 4958 1646 5035 voluntatis,
1658 4977 1719 5038 qua
1729 4963 1833 5039 potest,
1845 4950 1896 5026 rel,

331 5043 565 5121 determinatur,
577 5043 747 5123 adquodvi
763 5043 969 5123 compellitur.
981 5046 1101 5106 Verum
1149 5046 1314 5127 adjuvante
1323 5049 1433 5128 gratia,
1442 5050 1482 5111 ad
1495 5050 1626 5128 bonum,
1638 5051 1720 5131 quod
1733 5068 1795 5111 non
1807 5045 1896 5117 habeb

330 5134 390 5197 hoo
404 5137 546 5213 interest,
562 5136 645 5217 quod
659 5134 809 5196 naturalis
822 5136 985 5199 necessitas
1007 5137 1099 5199 abso·
1150 5140 1310 5219 proficere,
1325 5139 1392 5218 rel,
1413 5141 1533 5204 sinente
1547 5142 1663 5219 gratia,
1684 5161 1704 5204 a
1723 5141 1814 5217 bono,
1827 5133 1896 5219 quod

361 5368 369 5413 Ι
385 5367 433 5412 lib.
447 5367 486 5421 tn,
501 5380 549 5423 cap.
560 5378 582 5411 rr
597 5379 620 5413 er
642 5377 682 5422 qu.
694 5377 739 5411 uu
749 5366 777 5411 dc
791 5368 875 5416 vorum
886 5368 934 5413 lici.
942 5379 961 5413 a.
971 5360 991 5413 d.
1003 5391 1026 5402 -
1041 5369 1055 5412 2
1069 5368 1116 5415 Lib.
1128 5370 1399 5430 vrrr,eap.1n‚pmg.8.
1411 5385 1457 5419 arc.
1470 5373 1490 5418 ll
1501 5373 1554 5419 libri
1565 5373 1592 5419 de
1608 5375 1657 5421 list
1668 5375 1724 5419 tom
1733 5373 1786 5419 adit.
1796 5365 1896 5416 timi-⁸·

331 5430 346 5476 2
358 5430 428 5477 sno.
440 5430 513 5477 moos.
524 5430 584 5475 Nice.
595 5428 635 5473 lib.
646 5426 664 5479 l,
676 5439 725 5483 cap.
734 5440 818 5474 cruri.
