3948 6172
351 469 411 531 idi
862 461 1426 529 rneonoolcoaurtnoortarbal

351 632 691 709 invitus,nil1ildoleus,
703 631 923 705 nihilooactus,
935 629 1120 710 »improbos
1168 651 1269 712 neque
1285 634 1338 712 jus
1364 633 1458 694 babet
1484 650 1523 694 ex
1549 630 1700 712 pluribus,
1730 631 1810 710 quod
1833 631 1913 707 mab,

351 745 425 787 vero
439 743 546 786 omncs
560 743 756 801 esseservos,
781 730 934 804 quatenus
960 744 976 780 a
990 723 1120 783 servitus
1169 726 1308 805 optandi.
1335 727 1427 805 Cujus
1454 725 1511 801 rei,
1540 723 1832 804 significationisque
1849 742 1913 784 non·

352 824 398 878 θεῖ
409 817 584 878 obedientia
596 816 683 878 fracti
697 816 805 890 animi,
822 822 852 877 et
863 815 984 893 abjecti,
998 820 1028 876 et
1041 814 1121 875 arbi·
1168 818 1254 878 nulla
1278 820 1370 878 tertio
1384 818 1417 878 in
1431 817 1510 879 libro
1528 818 1594 896 jam
1617 816 1758 895 exempla
1781 815 1913 876 dedimus.

352 909 412 969 trio
440 908 575 970 carentis
602 928 670 984 suo,
696 935 709 964 ε
742 927 806 969 non
821 908 916 987 igitur
939 924 975 968 eo
996 911 1121 966 tantmn
1170 911 1276 970 Unum
1286 911 1348 987 hic,
1365 916 1395 971 et
1412 909 1599 989 praclarum
1613 927 1652 970 ex
1668 907 1814 988 Apostolo
1827 908 1916 969 redde·

266 1044 268 1047 -
351 1000 479 1062 liberior
493 1008 549 1079 est,
572 1002 625 1081 qui
643 999 786 1075 ‹cistinc¹,
802 1006 952 1079 tanquam
966 998 1121 1058 adomino
1170 1020 1250 1071 mus,
1268 1000 1300 1062 in
1316 1021 1378 1082 quo
1392 1002 1479 1063 notio
1492 1006 1706 1081 utraqnetum
1722 998 1915 1073 indifferentia,
1972 1027 1973 1048 i

353 1095 475 1173 agresti,
491 1099 522 1155 et
534 1094 650 1154 furioso
669 1092 827 1173 profugit,
843 1093 927 1171 quod
940 1096 1123 1170 potestatem
1169 1098 1239 1154 tum
1251 1095 1381 1155 minime
1395 1094 1555 1155 servientis
1571 1094 1672 1155 eidem
1684 1091 1835 1152 libertatis
1846 1110 1916 1153 voca·

351 1180 1120 1263 habetvivandi,utvelit,aquarestveralibertas,
1169 1185 1244 1246 bulo
1257 1187 1427 1268 subjicitur.
1447 1186 1570 1261 Mulier,
1588 1186 1690 1267 inquit
1710 1182 1794 1258 illa²,
1818 1183 1917 1264 ellipse

352 1279 558 1339 verumetiam
586 1277 669 1357 quod
694 1276 727 1337 in
755 1275 881 1337 consilio
910 1273 1069 1353 capiendo,
1086 1291 1122 1334 ac
1170 1286 1210 1338 esi
1225 1277 1292 1359 lapi,
1307 1286 1414 1360 quanto
1429 1284 1560 1360 ternpore
1573 1278 1622 1339 ari*
1636 1277 1700 1353 ejas
1713 1275 1798 1336 vioit.
1813 1274 1918 1349 Quadri

354 1369 496 1431 faciendo
515 1369 646 1437 delectu,
672 1369 822 1448 quietiore
837 1372 867 1428 et
887 1365 1124 1427 consideratiore
1170 1368 1324 1432 domnini!
1334 1371 1464 1453 uirejcs,
1480 1369 1604 1432 liberata
1617 1376 1669 1446 est,
1686 1367 1801 1448 (Graece
1815 1372 1916 1447 bada,

351 1468 398 1523 est
417 1464 534 1539 animo,
549 1462 693 1541 neoullis
705 1461 847 1542 pulsatur
869 1459 1047 1538 angoribus,
1068 1463 1124 1519 aut
1171 1462 1203 1523 id
1216 1468 1262 1523 est
1280 1462 1375 1525 libera
1400 1461 1450 1544 ert)
1467 1463 1519 1524 cai
1540 1462 1617 1537 arati,
1641 1458 1741 1535 aetat,
1767 1466 1875 1521 tartara
1895 1461 1918 1520 ia

352 1555 557 1636 cupiditatum
571 1552 694 1628 aculeis,
711 1548 824 1633 quibus
838 1552 877 1612 ab
892 1570 944 1628 eo,
960 1550 1043 1629 quod
1055 1569 1121 1611 rec·
1171 1553 1308 1616 Domino.
1323 1555 1447 1627 Beatior
1458 1563 1557 1616 autem
1566 1553 1637 1622 erit,
1652 1553 1680 1613 ai
1688 1552 1916 1631 ricperarauserit,

350 1653 420 1708 tum
434 1653 494 1726 est,
522 1654 552 1709 et
567 1647 649 1728 quod
664 1647 752 1726 sequi
766 1644 887 1720 mallet,
909 1662 988 1723 saepe
1006 1643 1122 1704 invitus
1171 1644 1328 1708 secundam
1349 1666 1445 1709 ineam
1473 1644 1642 1707 concilium.
1671 1643 1779 1718 Vides,
1807 1640 1919 1704 libertati

352 1740 525 1802 abducitur.
548 1742 666 1821 ltaque,
683 1757 755 1800 cum
773 1739 836 1799 duo
851 1735 958 1797 sintin
974 1753 1022 1809 eo,
1039 1735 1123 1814 quod
1172 1739 1345 1819 appositum
1364 1738 1415 1800 hic
1440 1755 1505 1799 esse
1523 1737 1713 1804 servitutem,
1739 1752 1812 1814 quar
1830 1733 1918 1812 altipa-

352 1833 555 1895 nominamus
577 1833 702 1894 liberam
715 1830 893 1903 arbitrium,
910 1835 941 1889 et
952 1828 1012 1888 hoc
1024 1833 1124 1908 poste-
1171 1831 1261 1891 tronis
1273 1850 1347 1893 voce
1362 1830 1551 1905 declaratur,
1572 1846 1645 1891 oum
1664 1828 1704 1888 ad
1717 1842 1820 1887 unum
1831 1826 1919 1887 affixus

351 1927 416 1986 rius
430 1927 558 1987 rationis
567 1932 598 1988 et
612 1925 734 1987 consilii
746 1924 795 2000 sit,
804 1921 879 2003 quid
893 1921 1019 2001 sitopus
1029 1920 1120 1998 lacto,
1170 1929 1295 1985 tenetur
1308 1924 1430 2005 aliquis,
1446 1941 1504 1984 nec
1517 1922 1551 1982 in
1559 1921 1630 2002 jure
1641 1938 1678 1981 aa
1686 1925 1836 2000 potestate
1847 1919 1920 1980 babet

352 2036 440 2079 more
467 2019 576 2080 arbitri
604 2015 822 2091 decernentis3
851 2014 930 2075 illud
956 2013 1123 2075 voluntatis
1171 2033 1243 2092 sua,
1269 2021 1306 2077 ut
1333 2018 1467 2077 alterum
1492 2019 1705 2096 persequatur.
1742 2011 1798 2073 Sic
1826 2011 1921 2073 femina

352 2107 516 2190 proprium
537 2111 578 2172 sit
599 2110 714 2187 libere,
739 2107 823 2188 quod
836 2106 946 2187 placet,
963 2104 1119 2182 eligentis3
1171 2109 1319 2187 quamdiu
1335 2112 1490 2188 superstes
1499 2113 1544 2168 est
1553 2107 1601 2169 vir
1613 2106 1689 2186 ejus,
1700 2104 1918 2177 nonestlibera,

351 2203 394 2263 sic
418 2202 512 2263 ambo
534 2203 667 2264 invicem
692 2201 818 2269 habent,
847 2204 884 2259 ut
910 2196 1008 2267 radix.
1038 2198 1122 2276 qnod
1172 2201 1245 2280 quia
1255 2208 1426 2283 potestatem
1440 2195 1919 2282 corporriuu'aoalrobet,seaioir⁸;

351 2295 446 2375 vulgo
470 2295 645 2376 philosophi
668 2294 790 2367 dicunt,
817 2291 917 2370 ejus,·
929 2307 1000 2369 qnae
1021 2295 1066 2350 θεῖ
1088 2290 1122 2350 in
1170 2310 1271 2372 neque
1284 2298 1338 2353 aut
1351 2292 1484 2354 alterum
1499 2292 1570 2353 licet
1584 2290 1630 2351 illi
1644 2307 1753 2369 capere
1765 2290 1919 2368 conjugem,

352 2386 523 2461 voluntate,
539 2386 700 2461 libertatis,
716 2384 896 2457 iuratione,
917 2381 1123 2460 atejusarbi-
1170 2392 1224 2446 aut
1266 2386 1491 2449 continentiam
1533 2382 1687 2445 anteferre
1729 2382 1919 2443 matrimonio.
1971 2458 1972 2461 Ἴ

351 2477 423 2555 trio,
444 2497 480 2539 ac
501 2478 617 2558 judicio
646 2478 801 2538 consistat.
831 2473 920 2535 Unde
947 2491 1009 2553 quo
1024 2474 1123 2534 incor-
1170 2478 1293 2539 Mortuo
1306 2479 1385 2553 viro,
1399 2477 1499 2538 libera
1509 2480 1556 2537 θεῖ
1567 2481 1636 2536 tum
1648 2479 1730 2535 statu
1741 2475 1821 2554 ipso,
1834 2473 1921 2534 condi·

351 2570 473 2649 ruptius
486 2571 569 2631 istud
583 2575 640 2647 est,
655 2576 686 2630 et
700 2567 863 2642 sincerius,
880 2584 916 2626 eo
940 2583 1070 2626 manans
1084 2566 1123 2627 ab
1170 2568 1317 2649 tioneque
1330 2570 1414 2646 vitoe,
1430 2575 1497 2629 tum
1512 2566 1647 2647 eligendi
1660 2571 1829 2647 potestate,
1843 2573 1874 2627 nt
1883 2564 1923 2626 vel

350 2660 409 2721 hac
423 2663 520 2723 veluti
531 2663 632 2725 radice
645 2661 796 2722 libertatis
805 2659 922 2719 tructus
936 2657 1056 2737 plenior
1065 2665 1121 2736 est,
1172 2661 1261 2723 alteri
1290 2663 1408 2724 nubere
1433 2662 1538 2742 possit,
1563 2661 1614 2721 rel
1636 2660 1731 2720 vidua
1744 2676 1919 2739 permanere.

351 2760 382 2814 et
408 2754 579 2833 perfectior.
608 2755 654 2816 lta
677 2753 734 2826 fit,
763 2761 799 2811 ut
825 2749 973 2811 libertatis
993 2755 1123 2831 utraque
1172 2755 1279 2833 ltaque
1290 2750 1505 2817 deliberationi
1520 2758 1551 2814 et
1565 2752 1773 2814 consiliatum
1785 2759 1830 2812 est
1842 2751 1920 2817 locut

351 2847 449 2920 notio,
470 2853 501 2908 ct
514 2847 686 2928 proprietas
701 2845 734 2905 in
749 2843 895 2904 eumdem
906 2842 1070 2922 conspiret,
1087 2863 1122 2906 ac
1172 2847 1226 2924 qui
1239 2852 1331 2908 antea
1346 2866 1410 2907 non
1425 2851 1502 2919 erat,
1527 2863 1564 2906 eo
1590 2844 1672 2924 quod
1689 2843 1826 2923 altipeta,
1850 2843 1923 2904 idest

352 2937 510 3017 redigatur
542 2937 769 3010 indifferentis,
799 2934 948 3013 nullaque
970 2952 1123 3014 oppressae
1172 2937 1380 3013 deteraninata,
1404 2944 1435 2999 et
1449 2938 1488 2998 ad
1504 2954 1604 2998 unum
1622 2936 1766 2997 adstricta
1787 2942 1852 2997 erat
1865 2937 1922 2994 sita

350 3031 532 3091 necessitate
555 3028 727 3091 voluntatis
754 3033 880 3088 statum.
905 3027 952 3085 Ex
970 3044 1031 3105 quo
1050 3029 1124 3088 nori
1173 3048 1283 3109 genus,
1306 3039 1337 3092 et
1359 3029 1523 3110 conjugem
1537 3045 1647 3090 unum.
1666 3030 1766 3102 Quare
1780 3028 1922 3089 consiliam

351 3120 503 3200 dogmatis
516 3122 631 3184 nebula
654 3122 807 3193 discussa,
831 3120 914 3180 clara
934 3125 964 3178 ct
985 3119 1124 3197 jucunda
1173 3121 1201 3182 ei
1214 3123 1267 3183 dat
1277 3122 1451 3203 Apostolus,
1464 3126 1499 3182 ut
1510 3121 1693 3183 viduitatem
1707 3120 1923 3200 conjugiopra

351 3210 407 3273 lux
420 3215 519 3275 oritur
532 3220 602 3275 tum
627 3214 666 3275 ud
689 3214 755 3275 veri
781 3210 1040 3292 perspicientiam,
1055 3218 1124 3273 tum
1172 3214 1261 3288 ierat,
1289 3214 1374 3294 quod
1400 3215 1474 3275 dare
1493 3215 1644 3275 hactenus
1671 3230 1736 3273 non
1749 3218 1879 3292 poterat,
1895 3229 1924 3271 ao

352 3305 391 3365 ad
402 3306 566 3386 Augustini
579 3307 766 3368 sententiam
780 3303 1004 3385 explicandam.
1016 3303 1073 3377 Qui
1085 3304 1124 3366 de
1173 3307 1257 3386 quod
1282 3308 1460 3368 alterutrius
1481 3306 1615 3386 eligendi
1636 3307 1707 3384 jure
1718 3311 1721 3315 ’
1734 3306 1864 3366 carebat.
1882 3305 1925 3363 ist

353 3395 451 3458 libero
460 3398 587 3460 arbitrio
598 3399 783 3480 plerumque
793 3397 963 3476 disputans,
974 3395 1124 3458 libertatis
1173 3399 1275 3459 etiam·
1295 3400 1330 3459 in
1364 3399 1504 3477 ejusdem
1532 3397 1573 3459 ud
1606 3396 1775 3460 Corinthios
1804 3396 1925 3478 epistola

351 3490 537 3551 vocabulum
550 3497 680 3570 usurpat
693 3492 751 3564 sic,
767 3495 916 3569 tanquam
932 3488 960 3548 ci
975 3490 1122 3567 servitus,
1173 3493 1270 3572 capite
1284 3508 1313 3552 rx
1323 3489 1475 3552 libertatis
1484 3509 1518 3551 ar
1527 3490 1726 3552 servitutiseo
1738 3505 1925 3569 sensn,quem

351 3580 401 3641 vel
410 3583 569 3663 captivitas
583 3590 757 3663 opponatur
771 3601 809 3643 ex
818 3583 956 3642 adverso.
967 3581 1123 3641 Nimirum
1172 3582 1321 3661 diximus,
1342 3583 1460 3645 illustre
1483 3584 1651 3664 specimen,
1676 3600 1749 3644 cum
1773 3583 1818 3644 ita
1836 3580 1926 3643 scribi

352 3674 437 3752 quod
450 3676 569 3736 servilis
578 3675 656 3744 heac,
666 3682 696 3735 ct
707 3674 982 3735 obnoxiaconditio
997 3676 1121 3751 nativae,
1172 3675 1354 3754 Apostolus:
1367 3674 1447 3736 Nam
1461 3694 1552 3757 paam
1562 3674 1734 3736 liberassem
1747 3693 1786 3736 er
1798 3672 1924 3749 amula

353 3770 384 3825 ct
406 3767 618 3828 indifferenter
632 3767 671 3827 ad
694 3785 740 3843 ca,
765 3784 834 3845 quae
855 3764 1012 3845 proposita
1038 3772 1121 3843 sunt,
1172 3772 1302 3827 ornatam
1312 3765 1925 3850 mesaraamfeei,atpiuresiaerisaeereu.

352 3857 493 3921 habentis
507 3860 658 3922 facultatis
673 3877 766 3920 usum
775 3858 933 3937 impediat.
945 3858 1023 3918 Nam
1039 3858 1077 3921 ob
1091 3859 1122 3920 id
1174 3856 1228 3920 Sic'
1238 3866 1343 3921 autem
1354 3861 1485 3921 servitus
1495 3859 1558 3937 illa,
1573 3866 1605 3921 et
1617 3859 1743 3922 libe1tas
1752 3861 1781 3921 ei
1790 3859 1928 3921 mna-ana

352 3951 503 4014 duntaxat
516 3953 650 4014 libertati
660 3958 706 4012 est
719 3950 872 4012 contraria
882 3951 1022 4018 servitus,
1037 3952 1119 4030 qnia,
1170 3951 1286 4014 ibidem
1309 3954 1506 4034 exprimitur.
1529 3952 1665 4014 Libertas
1689 3954 1831 4033 quidem,
1856 3953 1928 4032 qnod

351 4051 387 4104 ut
407 4047 490 4121 vult,
507 4065 598 4126 agere
612 4064 678 4106 non
692 4045 765 4105 sinit
778 4044 955 4118 bominem
981 4044 1034 4103 sed
1050 4063 1122 4105 cum
1170 4063 1272 4124 neque
1286 4047 1304 4106 J
1307 4046 1424 4106 udaieis
1438 4044 1559 4120 ritibus,
1573 4051 1604 4106 et
1614 4044 1761 4106 institutis
1774 4045 1926 4115 obnoxius,

347 4136 412 4215 juri
421 4139 549 4200 alterius
560 4159 596 4199 ac
609 4137 751 4217 potestati
760 4136 974 4215 voluntatique
986 4135 1119 4215 subjicit,
1171 4155 1272 4217 neque
1300 4138 1464 4218 gentilium
1492 4138 1646 4217 obligatus
1666 4139 1818 4213 moribus,
1838 4154 1929 4216 neque

351 4235 382 4288 ct
393 4231 622 4308 quodammodo
637 4229 868 4305 circumscribit,
884 4246 919 4289 ac
937 4228 1122 4289 determinat
1169 4228 1312 4290 infirmus
1324 4235 1414 4302 esset,
1424 4230 1832 4310 aosuojure,arbitratuque
1845 4230 1929 4289 vitam

350 4318 405 4395 ita,
421 4328 455 4381 ut
467 4330 609 4402 ἀδιάφορος,
627 4322 659 4382 id
676 4327 722 4382 est
737 4318 909 4401 indifferens
925 4338 989 4379 esse
1004 4320 1121 4381 desinat
1170 4326 1271 4401 posset
1283 4338 1468 4401 componere
1478 4342 1486 4397 3
1498 4327 1529 4382 at
1543 4321 1685 4396 servitus,
1696 4340 1759 4400 qua
1766 4321 1930 4382 libertam

350 4410 390 4471 ad
404 4415 621 4494 quodcumque
632 4414 758 4474 libitum
779 4413 838 4473 erit
858 4411 1117 4492 amplectendum,
1170 4415 1483 4490 commutavitistam,
1495 4413 1529 4475 in
1539 4433 1576 4476 eo
1590 4414 1649 4474 sita
1661 4413 1731 4491 fuit,
1747 4415 1830 4494 quod
1839 4430 1931 4473 unum

350 4520 423 4563 eum
437 4523 552 4565 eximo
565 4507 633 4567 beri
655 4506 784 4586 irnperio
806 4504 954 4584 pendeat,
971 4523 1068 4585 eoque
1082 4506 1121 4565 sit
1168 4505 1928 4585 sefecitextudaeis,quandocumillisvcrsabanr‚

349 4595 505 4657 definitus.
1169 4603 1200 4658 et
1213 4617 1285 4659 curn
1299 4599 1468 4678 gentilibus
1481 4600 1604 4672 vitreus,
1619 4617 1720 4660 unum
1734 4617 1767 4660 se
1781 4600 1854 4660 item
1869 4597 1931 4659 ierit

193 4729 223 4779 D,
234 4732 310 4778 mm
390 4686 1119 4768 Vl.Aa,sidiligentcrusumnominumistorum
1168 4691 1449 4771 gentilium,atque
1459 4692 1540 4752 inter
1554 4691 1696 4752 infirmos
1705 4690 1931 4753 similiterinfir

201 4785 304 4832 liberare
350 4778 440 4841 liberi
455 4801 490 4842 aa
512 4780 601 4857 serui,
626 4786 657 4841 et
685 4781 833 4841 similium
860 4781 1024 4860 expendas,
1054 4787 1119 4841 tam
1167 4796 1265 4844 mum.
1282 4784 1348 4857 Ocra
1372 4783 1405 4842 in
1433 4783 1576 4864 exemplo
1604 4790 1745 4845 exactam
1768 4785 1930 4846 mundum

195 4849 307 4938 &iiiiii
349 4891 451 4933 sacros
466 4873 548 4953 apud
566 4878 721 4951 auctores,
744 4890 839 4953 quam
852 4873 1013 4953 profanos,
1028 4873 1117 4934 inve·
1167 4874 1229 4948 illa,
1247 4892 1317 4955 quae
1330 4875 1478 4952 diximus,
1493 4875 1662 4956 imaginem
1676 4877 1838 4956 utriusque
1852 4881 1932 4957 potes

186 4949 314 5004 ⁰ll⁰⁰¹¹¹¹‘·
349 4965 426 5042 nies,
443 4984 479 5026 eo
495 4971 632 5046 spectare
647 4966 764 5042 omnia,
789 4970 825 5025 ut
849 4964 986 5026 liberum
1007 4965 1039 5025 id
1066 4966 1114 5044 sit,
1165 4968 1493 5029 animadvertereNon
1507 4968 1888 5048 puto,tamprarfraetnm,
1901 4984 1932 5027 ae

348 5056 432 5136 (pared
445 5059 484 5119 ad
495 5057 585 5139 plura
600 5057 782 5138 capessenda
793 5057 978 5119 inoffensam
988 5063 1019 5118 et
1027 5076 1118 5138 expe-
1166 5058 1358 5139 pervicacem
1371 5059 1436 5121 lore
1451 5077 1641 5141 quemqnam
1653 5079 1807 5122 novorum
1820 5071 1932 5142 ῖοῃαπ·
1956 5123 1957 5126 ,

347 5150 444 5211 clitum
457 5151 551 5211 babet
563 5156 747 5231 potestatem
757 5156 894 5226 catenus,
905 5151 989 5230 quod
1002 5150 1116 5211 horum
1165 5165 1241 5224 στῶν,
1258 5152 1335 5231 quin
1348 5156 1413 5212 tarn
1431 5152 1595 5214 manifesta
1611 5153 1750 5215 veritatis
1774 5153 1845 5215 lnoe
1862 5170 1929 5213 eon·

347 5242 499 5305 delectum
512 5244 612 5306 iacere
626 5244 732 5324 possit,
757 5249 787 5304 et
801 5261 902 5304 unum
916 5260 955 5303 ex
968 5243 1015 5318 iis,
1031 5244 1115 5323 quod
1164 5242 1282 5320 victus,
1304 5242 1454 5305 libertatis
1476 5262 1581 5305 veram
1596 5262 1841 5326 germanamque
1853 5262 1930 5306 reso·

344 5335 447 5396 visum
458 5337 527 5410 erit,
543 5336 695 5397 anteferre
715 5336 850 5411 cateris3
872 5335 981 5396 servile
993 5352 1067 5395 vero
1082 5335 1114 5395 id
1163 5341 1229 5396 mat
1255 5335 1513 5414 intelligentiam,
1542 5343 1574 5398 et
1596 5339 1822 5400 contentiosam
1849 5336 1930 5398 illan

344 5429 459 5505 vocari,
473 5429 728 5509 quodalligatum
741 5428 797 5490 uni
810 5433 1110 5501 etcontractumest,
1163 5427 1353 5508 inanemque
1387 5427 1542 5505 dimittat3
1578 5448 1649 5510 quae
1679 5430 1815 5512 prolecto
1842 5429 1870 5491 si
1893 5426 1930 5489 ad

371 5623 382 5665 l
396 5622 441 5667 cic.
453 5622 480 5668 de
488 5624 574 5672 Semi.
584 5647 611 5659 -
622 5624 637 5669 ‘2
650 5625 659 5669 l
672 5626 721 5673 Gor.
736 5635 776 5676 ru.
787 5623 871 5670 tta-3
886 5622 941 5667 ibid.
951 5622 1023 5667 rard.
