4004 6168
345 420 405 482 trs
891 412 1087 477 areauna(
1107 412 1161 476 AD
1181 412 1329 477 LIBRUM
1350 415 1381 476 11

346 582 482 643 maxime
506 581 600 642 distat
622 597 641 640 a
665 579 780 641 brutis:
809 578 951 640 animum
980 579 1111 655 consilii,
1163 577 1928 659 appetituinnatoetnaturalinonierriinbonum

345 675 535 753 rationisque
555 671 752 753 participem,
782 678 988 751 naturamque
1015 672 1114 751 ipsam
1161 671 1764 753 sibiconveniens;naturamvero,}quae
1773 677 1930 755 cognoscit

346 766 459 844 cripit:
483 772 576 845 atque
601 784 640 826 ex
665 765 793 826 homine
826 764 987 825 hominem
1020 763 1111 824 tollit.
1160 781 1344 842 persensus,
1359 782 1424 824 non
1437 765 1628 845 eaprosequi
1642 766 1781 844 appetitu
1790 767 1928 839 animali,

346 858 433 931 Quod
447 859 581 918 estadeo
595 873 723 931 verum;
740 861 776 916 ut
795 856 879 934 quod
898 861 943 916 est
966 856 1000 916 iu
1022 854 1114 915 sacris
1161 873 1232 934 quaa
1258 855 1399 917 sensibus
1424 856 1499 935 ipsis
1523 863 1701 935 congruunt
1721 863 1753 918 et
1778 859 1928 920 animanti

344 949 465 1025 litteris,
480 949 641 1009 hominem
654 949 769 1009 iactum
789 966 855 1009 esse
882 948 920 1008 ad
944 947 1114 1026 imaginem
1162 952 1304 1022 naturae;
1338 947 1381 1007 sic
1415 947 1510 1008 etiam
1542 948 1728 1026 absurdum,
1756 970 1792 1011 ac
1819 957 1930 1030 praeter

345 1040 412 1117 Dei,
426 1040 511 1119 quod
524 1046 669 1101 naturam
682 1039 790 1101 reterri
803 1040 937 1100 diximus
950 1043 1008 1098 art.
1021 1041 1050 1112 l,
1066 1037 1114 1117 §2
1162 1039 1293 1099 modum
1306 1037 1460 1099 absonum
1474 1040 1528 1115 sit,
1545 1042 1568 1100 si
1584 1046 1705 1117 namra,
1721 1060 1793 1121 quae
1813 1044 1930 1104 ratione

345 1132 378 1192 in
406 1148 442 1192 eo
464 1131 600 1212 positum
627 1131 724 1192 velint
745 1131 865 1210 antiqui
888 1133 1007 1205 Patres,
1030 1129 1114 1208 quod
1163 1130 1261 1190 utitur
1278 1135 1310 1190 et
1328 1137 1433 1192 mente
1456 1136 1550 1211 atque
1573 1132 1778 1212 intelligentia
1804 1135 1930 1214 praedita

345 1224 617 1298 Groecietutotuot,
635 1241 692 1284 nos
707 1221 835 1283 liberam
849 1221 1115 1282 orbr'triumnomi·
1163 1228 1219 1298 est,
1236 1223 1376 1302 appetitu
1390 1224 1535 1284 rationali
1555 1243 1592 1286 eo
1609 1225 1729 1287 moueri
1753 1227 1931 1289 naturaliter

345 1314 957 1377 narecousuevimus.Porrolibertasista
965 1311 1112 1384 hominis,
1162 1319 1312 1394 nequeat,
1337 1314 1457 1377 bonum
1474 1317 1529 1377 ubi
1544 1318 1644 1379 elucet
1656 1324 1780 1380 nattum
1792 1319 1931 1381 rationaii

345 1425 410 1468 non
420 1408 473 1487 jus
487 1413 533 1469 est
545 1413 576 1468 et
587 1413 721 1488 potestas
747 1407 781 1467 id
808 1405 942 1484 eligendi
963 1405 1116 1465 duntaxat
1163 1407 1501 1483 convenientissimum,
1516 1410 1689 1489 cuiusmodi
1707 1417 1753 1473 est
1767 1411 1929 1492 Deusime,

346 1500 430 1578 quod
457 1516 590 1578 pravum
613 1499 673 1560 sit:
699 1516 803 1578 neque
828 1498 912 1559 enim
933 1496 988 1558 Dei
1009 1497 1114 1576 imago
1164 1503 1195 1559 et
1204 1497 1350 1578 justitia?
1364 1500 1416 1561 sed
1430 1500 1512 1575 ride,
1526 1520 1620 1581 qnam
1633 1502 1726 1583 plane
1736 1502 1930 1566 abhorreres

345 1596 428 1652 recte
442 1591 572 1667 dicatur,
589 1591 615 1651 si
628 1590 711 1651 malo
724 1595 849 1651 tantum
874 1607 911 1649 ac
935 1588 1029 1649 rebus
1048 1594 1116 1649 tur-
1163 1592 1323 1652 communi
1337 1591 1502 1653 hominum
1524 1611 1626 1654 sensu.
1646 1595 1804 1656 Naturam
1822 1595 1929 1657 intelli·

346 1682 437 1761 pibus
454 1685 502 1743 vis
515 1684 582 1762 eJ'us
605 1683 708 1744 omnis
728 1680 1114 1758 circumscriptadetermi-
1163 1687 1308 1761 gentem,
1333 1702 1403 1762 quae
1425 1683 1547 1745 honum
1560 1685 1688 1765 quidem
1700 1686 1760 1747 sibi
1774 1693 1929 1749 consenta-

345 1780 480 1854 nataque
493 1775 542 1835 sit.
555 1777 656 1853 Atque
664 1774 695 1835 id
708 1775 811 1854 ipsum
822 1775 968 1836 evincunt
981 1773 1116 1863 reliques
1163 1792 1260 1835 neum
1271 1793 1436 1853 agnoscere
1446 1777 1552 1856 possit,
1563 1795 1668 1840 amare
1678 1784 1798 1857 autem,
1813 1799 1850 1841 ac
1859 1779 1930 1840 velie

346 1867 430 1941 alise,
460 1867 573 1946 quibus
598 1866 674 1927 olim
702 1868 751 1927 usi
778 1873 851 1928 sunt
874 1867 980 1927 Patres
1008 1870 1116 1926 contra
1163 1884 1228 1927 non
1249 1866 1361 1946 possit,
1384 1869 1563 1947 possibilem
1588 1876 1705 1949 negant
1725 1871 1876 1951 theologi,
1898 1890 1930 1932 ac

347 1959 559 2037 Valentinum,
576 1958 794 2027 Manicheum,
813 1977 926 2038 eosque
940 1958 1116 2036 omnesqui
1163 1958 1804 2039 philosophiomnes.l'ucontra,naturam
1811 1964 1931 2025 rationis

346 2050 511 2111 hominum
530 2068 629 2129 genus
645 2069 710 2111 non
735 2050 928 2125 uniusmodi,
944 2051 997 2111 sed
1023 2050 1116 2129 longe
1164 2051 1345 2131 participem
1355 2052 1533 2131 possibilem
1545 2072 1651 2134 negas,
1666 2072 1738 2134 quae
1749 2054 1930 2118 bonumsibi

346 2141 503 2202 dissimilis
512 2148 634 2204 naturae
644 2148 676 2203 et
689 2143 875 2203 conditionis
889 2141 1113 2203 essedicebant:
1164 2149 1462 2220 consentaneum,ut
1471 2151 1572 2225 potest
1582 2165 1779 2226 cognoscere.
1789 2148 1834 2209 sic
1845 2149 1930 2209 etiam

347 2239 377 2293 ct
386 2234 463 2294 alios
475 2252 532 2314 per
542 2251 607 2294 sese
621 2252 656 2294 ac
666 2233 941 2294 substantiabonos
951 2233 1113 2309 etelectos,
1163 2235 1260 2313 possit
1272 2254 1395 2310 amare,
1418 2244 1574 2317 appetere,
1590 2244 1621 2299 et
1635 2240 1782 2319 prosequi
1796 2258 1929 2320 quoquo

346 2324 423 2386 alios
444 2331 553 2386 contra
571 2324 671 2387 malos
685 2331 716 2386 et
736 2325 895 2404 reprobos.
911 2326 992 2398 Quos
1006 2341 1115 2386 omues
1163 2326 1267 2387 modo.
1281 2328 1383 2406 Atque
1397 2328 1440 2389 ita
1461 2329 1597 2390 hominis
1611 2337 1732 2393 naturae
1747 2351 1813 2393 non
1837 2333 1929 2393 solum

345 2416 389 2477 ita
402 2417 595 2492 refellebant,
611 2423 647 2477 ut
661 2418 809 2493 dicerent,
825 2434 898 2478 eum
911 2422 1023 2477 natura
1034 2416 1113 2478 libe·
1164 2416 1314 2486 suismet
1324 2419 1605 2499 exculpisdivinam
1615 2422 1930 2505 imaginem,qumquc

346 2526 416 2570 rum
431 2528 496 2571 esse
509 2511 564 2589 qui
577 2511 604 2569 is
617 2514 664 2570 est
676 2515 802 2582 natura,
825 2514 861 2569 ut
881 2508 1001 2588 legibus
1016 2510 1115 2570 teneri
1163 2509 1298 2588 cujusvis
1324 2518 1446 2573 naturae
1473 2512 1601 2574 rationis
1626 2514 1788 2596 participis
1812 2515 1929 2597 propria

346 2603 452 2680 possit,
469 2601 502 2661 in
517 2620 653 2682 eumque
667 2615 750 2663 recte
769 2602 880 2663 cadant
897 2601 1014 2677 laudes,
1029 2602 1114 2662 vitu·
1163 2607 1248 2677 suut,
1258 2603 1367 2682 eripis;
1382 2604 1436 2665 sed
1445 2622 1515 2665 eam
1524 2623 1632 2666 rerum
1644 2609 1789 2669 omnium
1799 2609 1931 2687 abjectis

346 2694 530 2772 parationes,
546 2694 686 2773 praemia,
702 2692 862 2772 supplicia.
875 2693 952 2766 Nam
966 2692 1112 2772 proiecto,
1163 2692 1292 2766 simam,
1319 2696 1542 2776 turpissimam,
1558 2698 1771 2778 deterrimam,
1798 2701 1928 2762 miserri-

345 2784 424 2846 sicut
436 2785 589 2863 injustum
602 2785 794 2864 stultumque
807 2784 887 2845 foret
899 2784 1019 2845 homini
1028 2785 1117 2864 quid·
1163 2802 1248 2845 mam
1274 2785 1358 2848 facis.
1388 2788 1531 2869 Reliquae
1559 2791 1645 2852 enim
1672 2798 1783 2853 creata
1818 2799 1930 2855 nature

346 2878 619 2958 quamproecipere
631 2896 639 2952 ;
657 2895 817 2956 poenasve,
832 2876 1115 2955 autpraemiacon-
1163 2894 1288 2954 omnes,
1317 2897 1375 2958 pro
1404 2897 1462 2941 suo
1486 2899 1617 2962 qumque
1640 2883 1787 2963 modulo,
1822 2883 1930 2964 aliquid

346 2970 484 3043 stituere,
512 2969 538 3030 si
566 2969 599 3030 in
616 2987 652 3030 eo
675 2969 720 3030 rei
733 2969 826 3048 plane
848 2969 964 3029 nullius
977 2968 1017 3029 sit
1030 2969 1115 3049 optio
1164 2970 1272 3029 conari
1290 2976 1384 3049 atque
1397 2990 1489 3051 agere
1512 2981 1660 3053 possunt,
1676 2976 1765 3055 quod
1784 2983 1841 3039 aut
1853 2977 1928 3057 ipsis,

347 3061 461 3136 libera3
477 3062 520 3121 sic
534 3061 627 3122 etiam
641 3061 813 3139 injustitiae,
825 3078 860 3120 ac
875 3060 1012 3121 stultitiae
1022 3063 1071 3133 sit,
1086 3060 1115 3120 ei
1163 3066 1219 3120 aut
1240 3070 1362 3126 natura
1387 3064 1541 3127 universae
1556 3068 1733 3129 conveniat.
1751 3069 1929 3131 Humorem

347 3153 477 3214 honesta
496 3153 694 3233 prescribere
718 3154 806 3231 cujus
832 3152 940 3213 electio
963 3152 1116 3213 delibera·
1164 3158 1272 3232 suapte
1286 3156 1493 3218 naturanihil
1505 3165 1618 3239 posset,
1635 3159 1929 3241 nisitantum,quod
2000 3204 2001 3221 2

347 3244 451 3324 tioqua
469 3244 586 3324 illigata
612 3245 652 3304 sit
670 3244 765 3318 malo,
781 3249 926 3323 certoque
940 3242 1116 3305 acdefinito
1165 3249 1196 3305 et
1213 3245 1246 3305 in
1259 3246 1356 3325 ipsius
1373 3249 1543 3328 perniciem
1568 3252 1707 3326 cederet,
1729 3260 1929 3332 naturamque

347 3338 467 3417 impetu
478 3340 617 3414 raptatur
630 3336 670 3397 ad
680 3336 852 3398 inhonesta.
868 3336 1117 3410 eraresolutum
1166 3338 1343 3400 universam
1358 3357 1396 3400 ex
1409 3358 1441 3402 se
1460 3340 1600 3404 turbaret
1619 3349 1713 3423 atque
1735 3350 1925 3426 perverteret

347 3433 393 3487 est
406 3428 527 3488 homini
559 3435 672 3489 natura
692 3446 764 3505 sua,
787 3428 872 3508 quod
891 3427 1057 3488 honestum
1072 3433 1119 3488 est
1166 3427 1273 3507 Neque
1287 3430 1373 3491 enim
1394 3432 1507 3493 aliare
1526 3432 1591 3494 ulla
1611 3436 1822 3497 universitatis
1846 3436 1929 3515 hujus

347 3536 454 3579 amare
475 3526 507 3582 et
519 3520 682 3601 amplecti:
698 3538 831 3599 cumque
844 3521 896 3581 lex
908 3519 1068 3595 naturalis,
1083 3519 1117 3579 in
1166 3520 1391 3599 pulchritudini
1404 3524 1593 3605 utilitatique
1607 3526 1756 3601 serviret,
1778 3547 1872 3609 quam
1883 3527 1929 3588 illa
1999 3544 2000 3591 t

349 3628 411 3689 qua
433 3616 515 3671 certe
536 3611 702 3689 injustitia,
718 3618 749 3672 et
768 3612 895 3672 stultitia
909 3630 975 3673 non
991 3617 1047 3684 est,
1064 3611 1119 3671 Dei
1166 3610 1243 3690 ipsa,
1261 3613 1349 3692 cujus
1363 3633 1488 3695 capaces
1501 3635 1568 3677 non
1581 3623 1655 3678 sunt
1670 3624 1795 3680 nauare
1810 3617 1930 3680 rationis

349 3708 380 3765 et
398 3704 527 3783 ‚justitiet
540 3702 870 3764 amoremhomiuibus
884 3703 1068 3780 imperaret,
1084 3703 1118 3763 in
1167 3710 1318 3782 expertes,
1327 3724 1440 3787 nempe
1453 3715 1589 3789 peccato.
1606 3711 1675 3776 Quo
1685 3711 1753 3789 fiat,
1763 3717 1800 3773 ut
1810 3711 1930 3791 relique
1998 3772 1999 3783 ,

348 3801 429 3858 statu
443 3796 538 3858 etiam
554 3814 641 3876 pure
664 3799 797 3868 nature,
813 3794 1066 3875 quandoquidem
1080 3812 1120 3856 ex
1167 3813 1216 3856 res
1230 3814 1338 3858 omnes
1351 3800 1414 3859 Deo
1435 3800 1573 3881 ipsarum
1591 3803 1725 3877 auctori,
1742 3804 1825 3884 quod
1842 3802 1930 3865 cidem
1998 3792 1999 3851 i

348 3889 413 3950 sola
426 3895 550 3965 natura,
565 3889 614 3950 vel
628 3888 654 3949 si
673 3887 752 3948 nihil
765 3886 850 3947 aliud
864 3886 954 3947 nobis
972 3887 1117 3961 donetur,
1168 3883 1251 3945 ualde
1283 3884 1388 3959 tonas,
1425 3887 1656 3968 complaceant:
1696 3890 1833 3953 hominis
1863 3909 1929 3952 tero

349 3978 1119 4058 amandilleumauctorem,servandaequejustitiee
1168 3981 1281 4037 natura
1297 3995 1336 4039 ex
1349 3995 1382 4039 sc
1409 3978 1475 4059 ipsa
1497 3981 1572 4058 Deo,
1598 3988 1629 4043 et
1654 3981 1810 4045 honestati
1831 4000 1932 4045 aversa
1997 4036 1998 4057 ,

349 4074 489 4134 debitum
517 4079 611 4153 atque
636 4072 783 4151 obligatio
810 4072 989 4150 consurgit;
1010 4089 1118 4133 conse·
1166 4067 1369 4131 vehementer
1394 4070 1575 4151 displiceat:
1605 4071 1706 4153 sitque
1733 4075 1880 4150 hominis,
1900 4080 1931 4133 ut
1997 4068 1998 4115 t

348 4183 449 4245 quens
459 4171 506 4227 est
516 4164 549 4225 in
564 4170 670 4225 nostra
684 4168 835 4242 potestate
850 4168 924 4222 tunc
937 4162 1018 4239 fore,
1031 4162 1118 4223 nullo
1167 4158 1263 4221 homo
1274 4168 1413 4239 est,sors,
1426 4168 1457 4224 et
1464 4164 1602 4225 conditio
1611 4166 1757 4227 omnium
1771 4174 1929 4246 postrema,

350 4258 445 4318 etiam
453 4256 649 4336 superaddito
659 4254 903 4334 supernaturalis
910 4254 1117 4334 gratiaedono,
1166 4251 1326 4330 vilissima,
1360 4253 1577 4317 infelicissima.
1608 4257 1727 4318 Verum
1753 4258 1823 4321 hec
1848 4259 1932 4320 latius
1996 4280 1997 4323 r

351 4348 450 4409 Deum
460 4348 676 4426 justitiamque
687 4346 826 4426 diligere.
840 4346 967 4407 Brevius
979 4347 1012 4406 id
1025 4346 1118 4407 etiam
1167 4342 1393 4422 disputabimus
1407 4354 1515 4426 quest.
1529 4365 1593 4427 seq.
1608 4352 1694 4410 arti
1714 4355 1745 4410 et
1757 4350 1779 4409 2
1793 4356 1824 4411 et
1838 4358 1934 4412 aucto·
1996 4326 1997 4377 ¹

351 4440 479 4501 ostendo
491 4457 531 4499 err
543 4439 611 4518 ipsa
624 4438 759 4498 hominis
772 4437 972 4498 delinitione:
989 4437 1020 4497 id
1033 4437 1117 4498 enim
1166 4434 1256 4497 ritate
1271 4438 1444 4500 sanciemus
1463 4458 1535 4501 cum
1554 4441 1686 4501 Petrum
1700 4441 1856 4521 omnium,
1870 4448 1933 4503 tum

350 4529 644 4593 esthamozanimal
652 4529 781 4590 rationis
791 4530 959 4607 particeps:
976 4529 1117 4590 nonideo
1168 4527 1262 4589 etiam
1289 4530 1507 4592 Romanorum
1534 4532 1743 4612 pontificum,
1778 4552 1835 4614 per
1861 4551 1934 4615 quoa
1995 4558 1996 4637 q

350 4628 473 4684 tantum
499 4621 628 4683 rationis
655 4621 810 4702 particeps
835 4622 909 4699 quia
934 4639 1004 4701 quac
1032 4628 1118 4683 recta
1168 4619 1296 4681 confixa
1314 4622 1383 4683 Baii
1403 4623 1505 4685 theses
1524 4640 1645 4701 xxxrr,
1669 4641 1789 4701 narr,
1804 4641 1932 4688 mun

351 4721 424 4778 sunt
439 4720 539 4795 potest
553 4731 737 4792 cognoscere
750 4732 758 4789 ;
783 4713 837 4775 sed
855 4714 925 4774 ideo
938 4714 1032 4774 etiam
1046 4714 1120 4793 quia
1167 4711 1432 4790 quibusamorllei
1438 4714 1587 4777 naturalis
1594 4717 1824 4797 negaturzitem
1833 4733 1931 4780 mu.

348 4812 449 4887 potest
462 4811 617 4886 appetere.
633 4806 791 4884 Numquid
804 4805 888 4865 enim
903 4804 943 4865 ad
963 4804 995 4865 id
1017 4805 1119 4865 solum
1171 4803 1348 4866 «Liberum
1370 4806 1550 4885 arbitrium,
1566 4808 1631 4870 sine
1647 4810 1756 4888 gratiss
1776 4809 1834 4871 bei
1851 4810 1932 4891 adju·
1994 4824 1995 4899 q

348 4898 470 4960 homini
483 4899 522 4959 sit
534 4898 605 4960 data
624 4898 703 4958 ratio
723 4916 742 4957 a
763 4890 888 4972 natura,
915 4900 951 4956 ut
971 4902 1120 4975 agnoscat
1167 4896 1262 4967 torio,
1299 4914 1363 4957 non
1396 4899 1456 4960 nisi
1491 4900 1531 4961 ad
1561 4901 1756 4981 peccandum
1789 4901 1929 4964 valam

349 4987 724 5070 sempersemaleagerei
738 4988 884 5049 Solemus
908 4987 1118 5066 cognitionem
1168 4985 1304 5066 itemque
1315 5006 1437 5067 xxrrrr,
1463 5008 1553 5069 xxrx,
1570 5008 1702 5067 xxxru,
1724 5009 1788 5054 axv
1810 4998 1845 5056 et
1870 4993 1932 5055 alia

349 5083 476 5143 rationis
494 5100 568 5144 suus
582 5080 932 5161 appetitusnataraliter
946 5078 1033 5159 sequi
1052 5098 1119 5140 non
1167 5078 1271 5158 piures
1284 5079 1683 5147 ineamdemsenteutiam:
1698 5102 1758 5165 pro
1772 5103 1849 5166 qua,
1863 5104 1932 5168 quo·

350 5175 471 5254 potest?
484 5171 1117 5254 Authominisvoluntasappetitusratio·
1167 5170 1933 5259 niamtuerationesabadversartisnohisohjoete

350 5266 429 5327 natis
455 5265 525 5327 ideo
552 5272 675 5327 tautum
702 5263 825 5339 dieitur,
850 5265 923 5344 quia
949 5262 1061 5324 rationi
1080 5281 1119 5324 ex
1167 5270 1255 5325 sunt:
1992 5284 1993 5307 r

350 5375 527 5439 sescusque
544 5362 708 5438 repugnat,
724 5357 881 5438 ipsiusque
893 5356 977 5435 leges
989 5374 1025 5418 ac
1038 5374 1119 5436 prae-
1206 5355 1253 5416 Ad
1261 5356 1583 5439 primamrcspoudeo,
1591 5359 1692 5443 primo
1705 5359 1740 5422 in
1754 5367 1840 5424 statu
1854 5378 1931 5444 pura

350 5449 533 5530 scriptiones
546 5448 726 5530 proculcat?
740 5450 838 5526 Sane,
854 5447 1118 5528 quemadmodum
1166 5452 1286 5509 natiue
1298 5467 1386 5529 posse
1399 5450 1564 5514 hominum
1586 5453 1721 5515 actiones
1735 5471 1776 5514 ex
1789 5454 1930 5515 charitate

351 5546 397 5601 est
412 5541 591 5619 absurdum,
607 5548 751 5605 naturam
761 5540 946 5621 cognitionis
959 5545 1118 5621 expertem
1166 5541 1300 5602 naturali
1332 5543 1499 5623 proficisci,
1526 5562 1739 5626 pereamque
1772 5545 1809 5608 in
1839 5548 1929 5608 neum
