4096 6166
282 297 284 301 ¹
332 348 392 408 era
768 345 819 405 ns
838 344 978 407 remo.
1000 343 1050 405 sr
1071 341 1296 405 snmrnma.
1319 343 1482 405 nnuma

329 514 392 586 est,
410 507 501 570 sitam
517 500 787 572 esse'tatebantu'r.
804 511 849 570 Ea
862 528 936 572 vero
951 509 1099 572 divinitus
1151 508 1254 587 operis
1267 509 1380 571 idonea
1392 508 1449 582 sit,
1464 525 1502 570 eo
1525 506 1610 588 qnod
1632 506 1775 587 originali
1794 514 1925 590 peccato

328 601 490 681 inspirata,
519 606 551 661 et
577 618 614 661 eo
639 599 737 677 omni,
759 603 843 681 quod
862 602 1019 681 agendum
1041 607 1097 677 est,
1150 598 1262 676 fracta,
1278 607 1309 662 et
1322 606 1468 663 enervata
1480 600 1612 681 propriis
1625 600 1767 661 subsidiis
1776 601 1927 682 opushs

328 710 385 772 per
398 692 647 754 divinamluoem
659 692 873 771 intelligentia
887 700 1000 755 nostrae
1014 698 1101 773 pata·
1150 690 1238 769 beau
1254 694 1327 754 inde
1340 693 1477 774 profecto
1495 691 1654 772 consequi,
1667 711 1769 772 neque
1781 693 1926 772 Semipe-

326 783 417 857 facto,
438 785 581 864 deinceps
595 785 764 845 voluntatis
776 804 840 848 suas
851 786 984 858 viribus,
1000 804 1036 846 ae
1044 802 1101 865 per
1149 782 1290 862 lagianos
1313 785 1410 846 ullam
1441 784 1601 861 agnovisse
1634 785 1782 863 gratim,
1810 790 1928 865 praeter

328 894 360 937 se
373 894 528 956 quemque
552 876 623 953 niti,
651 881 683 937 et
703 877 858 938 vocationi
885 878 1100 954 obtemperare
1149 874 1385 939 illustrationem
1412 877 1537 949 mentis,
1550 881 1581 937 et
1601 876 1843 955 cogitationem,
1859 882 1929 938 tum

328 968 393 1041 Dei,
406 969 457 1029 vel
470 968 509 1028 ab
520 987 556 1029 ea
569 967 748 1030 desciscere.
763 970 851 1043 Quod
869 971 999 1050 Prosper
1009 967 1099 1029 refel·
1149 967 1259 1043 aliam,
1284 987 1354 1048 quse
1382 968 1575 1029 voluntatem
1601 967 1783 1030 intormaret
1804 968 1925 1048 ipsam,

327 1058 393 1120 lens
408 1061 528 1138 asserit,
551 1061 685 1139 gratiam
705 1079 771 1121 non
791 1062 1049 1137 tantumdocere,
1064 1080 1102 1122 ao
1149 1058 1337 1121 desiderasse
1361 1061 1570 1141 Prosperum,
1586 1060 1702 1140 quique
1719 1061 1928 1140 posteriorem

328 1150 513 1230 significare,
529 1152 605 1231 quid
619 1154 658 1213 sit
673 1153 867 1230 faciendum,
884 1153 1101 1215 verumetiam
1148 1150 1230 1213 hanc
1256 1151 1442 1231 abnegaret,
1457 1153 1539 1214 iuter
1565 1150 1832 1232 Semipelagianos
1857 1171 1927 1214 sen·

327 1248 470 1320 mutare,
499 1263 535 1305 ao
565 1244 733 1306 reformare
756 1246 842 1307 intus
868 1245 1006 1307 hominis
1032 1244 1100 1305 ani·
1149 1243 1247 1304 tentia
1261 1244 1556 1324 illiusadsoriptum.
1571 1244 1751 1320 Nonvideo,
1765 1244 1847 1323 quid
1856 1244 1929 1307 huic

327 1352 428 1412 mum,
441 1340 472 1396 et
485 1335 631 1397 affectum
644 1336 759 1397 amoris
771 1338 945 1398 infundere.
956 1337 1031 1411 Quae
1040 1337 1101 1396 sin·
1149 1336 1410 1414 argumentationi
1424 1336 1521 1416 possit
1542 1336 1670 1416 opponi.
1685 1337 1735 1396 An
1756 1337 1847 1397 enim
1861 1334 1930 1396 infr

327 1426 402 1505 gula
416 1428 559 1508 Prosperi
572 1428 677 1490 verbis
702 1446 741 1488 ex
758 1429 896 1491 carmine
913 1428 949 1490 dc
970 1428 1100 1509 Inprotis
1149 1428 1224 1488 cieri
1243 1429 1354 1508 poterit
1374 1428 1540 1508 quispiam,
1560 1428 1827 1508 Semipelaginnos
1840 1428 1928 1489 illus-
2035 1454 2036 1487 t

327 1518 563 1598 explicabimus.
1149 1520 1315 1581 trationem
1326 1526 1358 1582 et
1370 1519 1607 1601 inspirationem
1631 1520 1717 1580 illam
1739 1520 1928 1600 cognitionis
2035 1594 2036 1597 Ἴ

367 1610 526 1691 Imprimis
541 1610 863 1692 Semipelagianorum
877 1612 984 1690 opinio
997 1611 1047 1673 his
1060 1611 1100 1673 ab
1149 1611 1323 1673 ademisse?
1337 1613 1422 1693 quod
1442 1612 1611 1674 nonnullos
1624 1612 1785 1689 theologos
1803 1612 1927 1693 deipsis

328 1703 935 1785 eoverbisproponitur,quaenossupra
949 1704 1100 1785 capitevn
1148 1722 1335 1767 asseverasse
1362 1710 1494 1767 testatur
1519 1704 1711 1785 Theophilus
1726 1704 1926 1784 Reynaudns

327 1795 501 1856 retulimus.
1149 1797 1250 1876 capite
1263 1802 1373 1877 quarto
1387 1796 1545 1877 proloquii
1557 1795 1599 1857 od
1625 1794 1827 1858 Valeriorum.
1845 1797 1923 1858 Nam

1149 1889 1202 1965 eit,
1227 1890 1378 1969 quosdam
1403 1890 1556 1951 effinxisse
1583 1888 1851 1969 semipelagianis,
1876 1906 1926 1950 eos
2036 1902 2037 1915 ¹

331 1980 483 2054 «Gratia,
513 1996 575 2059 qua
602 1978 713 2041 Christi
737 1979 871 2061 populus
892 1997 1012 2056 sumus,
1039 1979 1099 2040 hoc
1153 1979 1300 2043 tinterna
1322 1983 1431 2062 gratias
1456 1980 1584 2057 auxilia,
1608 1998 1777 2060 veramque
1800 1980 1926 2061 spiritns

926 2071 1100 2150 [cohibetur
1150 2072 1466 2136 subministrationem
1479 2072 1645 2149 ademisse,
1660 2072 1721 2135 hoc
1732 2077 1779 2134 est
1794 2073 1925 2151 gs·atiarn

328 2164 438 2225 Limite
456 2162 634 2241 nobiscum,
646 2169 678 2225 et
689 2163 823 2226 formam
835 2165 916 2226 hane
928 2163 1097 2226 adscribitis
1150 2165 1305 2226 actualem
1335 2166 1491 2228 internam
1512 2163 1713 2238 revelationi,
1739 2170 1773 2226 et
1801 2171 1923 2227 marnas

1028 2255 1095 2333 [illi,
1150 2258 1353 2336 propositioni
1369 2257 1481 2335 obJecti
1494 2256 1824 2318 contradistinctam.s
2037 2286 2038 2301 .

330 2349 370 2409 Ut
384 2353 511 2409 cunctos
524 2353 612 2409 vocet
622 2347 676 2409 illa
694 2348 858 2428 quidemn
876 2353 935 2409 etc.
1189 2349 1244 2410 ΙΙΙ.
1259 2351 1300 2409 At
1322 2350 1381 2411 hoc
1405 2348 1519 2410 talsum
1542 2353 1598 2423 est,
1620 2354 1652 2409 et
1672 2348 1848 2409 absurdum
1858 2367 1867 2423 ;
1881 2347 1923 2409 ita
2037 2340 2038 2357 ³

328 2440 524 2520 Sedproprio
539 2458 696 2520 quemque
710 2438 1096 2521 arbitriopererevocanti,
1149 2440 1234 2502 enim
1261 2440 1340 2502 nihil
1366 2457 1493 2520 prorsus
1517 2459 1538 2501 a
1564 2439 1921 2519 Pelagianisdiilerrent,

328 2532 1026 2612 iudicioquesuo,motaseextendercmente
1149 2533 1215 2594 imo
1242 2533 1414 2613 Pelagianis
1437 2532 1511 2613 ipsis
1541 2532 1640 2594 madio
1665 2530 1922 2594 intolerabiliores

329 2625 377 2686 Ad
391 2624 493 2686 iucem
507 2623 652 2705 oblatam,
669 2648 684 2683 a
699 2631 759 2687 ete.
1149 2624 1786 2707 fuissent3quippelegem,etexternan1
1813 2643 1921 2704 propo

1149 2717 1293 2779 altionem
1314 2717 1446 2797 gratim
1471 2717 1586 2778 Christi
1607 2734 1672 2778 esse
1696 2717 1919 2792 necessariam,

330 2810 435 2887 Vides,
450 2814 486 2871 ut
499 2809 691 2889 adjutorium
717 2806 824 2883 gratie
846 2806 911 2868 sole
932 2806 1000 2869 luce
1024 2807 1100 2869 defi·
1149 2807 1209 2869 mit
1233 2809 1339 2889 opinio
1363 2808 1490 2888 Pelagii,
1509 2815 1546 2870 ut
1568 2826 1662 2888 supra
1684 2809 1919 2871 declaravimus
2038 2806 2039 2815 ’

330 2904 429 2978 uiant,
445 2920 541 2982 quam
563 2900 732 2963 voluntatis
754 2919 819 2961 suas
842 2901 972 2980 quisque
984 2899 1102 2961 viribus
1151 2902 1266 2962 Praeter
1279 2901 1359 2964 hanc
1376 2920 1450 2964 vero
1465 2901 1595 2962 alteram
1608 2918 1674 2963 esse
1692 2901 1802 2962 docuit
1813 2901 1920 2963 utilem

331 2994 546 3074 amplectitur,
582 2994 616 3054 in
651 3011 748 3074 eaque
776 2997 964 3073 perseverat.
999 2993 1102 3073 Pergit
1150 2994 1190 3055 ad
1214 2993 1332 3055 facilius
1355 2993 1560 3074 operandum,
1585 3011 1655 3072 qnae
1684 2998 1731 3053 cst
1757 2992 1920 3054 illnshatio

331 3088 426 3150 enim.
1151 3087 1276 3162 mentis,
1290 3087 1457 3148 etinterna
1478 3085 1643 3160 revelati03
1659 3102 1756 3164 quam
1779 3085 1920 3164 Semipe-

1150 3177 1265 3258 lagiani
1278 3179 1304 3239 si
1317 3178 1526 3255 sustulissent,
1543 3177 1642 3238 multo
1664 3178 1731 3237 istis
1755 3176 1921 3239 deteriores

334 3267 1101 3348 «Esseautemedoctisistamcommuniteroequam
1150 3269 1350 3332 haberentur.
1375 3271 1415 3331 At
1435 3270 1628 3349 Augustinus
1654 3286 1758 3349 capr
1794 3269 1869 3330 libri
1887 3268 1922 3331 de

329 3359 831 3436 Libertatemanimis‚utcu1sum
845 3361 1101 3442 explerebeaturn
1152 3361 1413 3425 Proedestiootione
1432 3361 1609 3425 Sanctorum
1631 3361 1739 3423 laudat
1752 3380 1823 3436 eos,
1839 3362 1921 3442 quod

328 3450 525 3515 Persissendo
539 3456 699 3533 queant»
722 3459 779 3515 etc.
1156 3474 1171 3512 «
1192 3473 1229 3517 eo
1252 3456 1481 3536 pervenissent,
1496 3461 1533 3517 ut
1559 3454 1724 3534 preveniri
1746 3454 1921 3516 voluntates

1150 3547 1315 3608 hominum
1329 3546 1387 3608 Dei
1400 3547 1502 3626 gratia
1523 3546 1710 3620 faterentur,
1724 3552 1822 3627 atque
1833 3553 1871 3607 ut
1882 3547 1921 3608 ad

368 3634 409 3695 Il.
436 3634 477 3696 At
498 3634 565 3711 haee
586 3636 716 3715 Prosper
743 3636 816 3698 inde
844 3636 998 3714 eonbrtat,
1015 3637 1099 3718 quod
1150 3638 1273 3699 nullum
1300 3657 1378 3719 opus
1400 3638 1520 3701 bonum
1545 3638 1596 3699 vel
1620 3638 1850 3718 incipiendum,
1872 3637 1921 3700 vel

325 3725 435 3804 gratiae
448 3732 552 3806 partes
562 3744 627 3787 non
640 3745 685 3788 eae
699 3733 823 3789 tantum
837 3731 917 3805 sint,
932 3730 1053 3807 docere,
1069 3736 1100 3791 et
1149 3731 1373 3811 perficiendum
1395 3731 1455 3791 sibi
1474 3748 1665 3811 quemqnam
1679 3731 1821 3795 sufficere
1835 3749 1921 3813 poue

326 3817 455 3892 horton,
470 3818 520 3880 vel
534 3818 608 3880 dare
632 3818 812 3894 consilium,
827 3820 882 3881 sed
901 3819 996 3881 etism
1021 3839 1099 3900 opus
1150 3824 1411 3899 consentirent3n
1437 3841 1535 3904 eaque
1557 3842 1591 3885 re
1615 3823 1790 3903 plurimum
1818 3825 1921 3886 illeso

324 3907 571 3988 ipsannefflcere.
1149 3913 1690 3997 Pelopionorumoitcsroredisoerui.
1706 3917 1922 3997 Annonpras-

1148 4012 1233 4069 terea
1251 4007 1383 4087 gratiam
1406 4007 1507 4084 illam,
1524 4006 1652 4086 qualem
1679 4006 1922 4088 Semipelsgisni

330 4093 1097 4177 «Nonhocconsiliotentum,hortatuquebenigno
1147 4100 1384 4175 constituebant,
1407 4117 1474 4161 non
1487 4099 1560 4159 sads
1583 4117 1649 4161 esse
1668 4099 1709 4160 ad
1721 4099 1805 4162 hene
1828 4118 1922 4181 ogen-

327 4186 477 4266 Suadens,
493 4192 586 4267 atque
600 4188 733 4265 docens,
749 4187 838 4268 quasi
857 4206 1002 4249 normam
1022 4190 1098 4268 legis
1148 4192 1234 4272 dnm,
1249 4192 1362 4253 diserte
1372 4192 1511 4272 -Prosper
1520 4190 1672 4253 affirmati
1687 4192 1758 4253 Non
1777 4191 1868 4254 illam
1883 4192 1920 4254 ad

958 4281 1098 4358 [haberet
1149 4302 1222 4345 eum
1234 4284 1366 4365 gradum
1392 4290 1529 4349 revocat.
1547 4301 1642 4364 quem
1661 4283 1696 4344 in
1712 4285 1843 4362 negotio
1856 4303 1923 4365 gra

326 4368 449 4445 Gratis3
463 4370 517 4432 sed
530 4375 655 4432 mutans
676 4371 760 4433 intus
772 4375 928 4449 mentem,
943 4379 1097 4453 atqnere·
1148 4376 1217 4454 tite,
1241 4376 1401 4453 doctrina,
1429 4375 1620 4456 predicatio,
1641 4375 1792 4453 hortatio,
1807 4377 1922 4439 suasio

936 4464 1096 4545 [formans
1149 4486 1221 4550 que,
1236 4468 1269 4529 id
1287 4474 1334 4530 est
1345 4468 1515 4548 propositio
1529 4467 1770 4544 credendorum,
1784 4474 1818 4530 et
1830 4487 1922 4550 agen·

325 4554 450 4632 Vasque
482 4570 601 4615 novum
628 4573 667 4617 ex
691 4556 790 4618 fracto
823 4557 963 4636 fingens,
983 4559 1098 4620 virtute
1148 4561 1260 4623 dorum
1277 4559 1417 4622 obtinet?
1434 4561 1546 4621 Nonne
1566 4559 1640 4620 toris
1653 4559 1721 4620 hac
1734 4577 1922 4622 mensum-

928 4650 1094 4727 [creandis
1147 4658 1200 4715 tur
1224 4652 1331 4714 omnia
1347 4652 1411 4729 sic,
1430 4658 1467 4713 ut
1488 4651 1749 4732 nihiloperentur
1770 4652 1806 4713 in
1832 4654 1923 4715 nohis

1147 4745 1246 4820 alind,
1264 4762 1359 4824 mam
1372 4748 1409 4804 ut
1434 4743 1555 4824 ipsum,
1571 4744 1656 4824 quod
1678 4750 1807 4818 vocant,
1823 4743 1922 4828 objec-

324 4836 382 4892 etc.
403 4849 474 4911 qnae
496 4848 591 4910 snpra
612 4830 840 4912 descripsimus.
866 4834 913 4892 nx
928 4833 1041 4913 quihus
1053 4836 1097 4897 ita
1147 4845 1209 4899 tum
1235 4841 1458 4917 representent
1478 4835 1629 4897 voluntati
1647 4843 1773 4912 nostrae,
1797 4854 1873 4916 quta
1889 4856 1922 4899 se

325 4924 502 4984 ratiocinari
523 4923 596 4984 lieet
620 4942 628 4984 ε
655 4925 734 4985 Cum
757 4924 999 5005 semipelagiani
1025 4946 1095 5006 gra-
1146 4929 1258 4990 deinde
1276 4934 1385 5009 suopte
1398 4933 1495 5003 nutu,
1520 4933 1553 4990 et
1574 4927 1713 5002 arbitrio,
1730 4928 1809 4990 citra
1831 4947 1923 5009 peon-

325 5015 401 5076 tiam
414 5032 551 5089 omnem,
565 5014 752 5094 quoeinsola
764 5016 1096 5094 intelligentiaenostrae
1144 5020 1255 5082 liarem
1270 5022 1422 5100 gratiam,
1446 5037 1509 5100 quo
1535 5018 1625 5097 velit,
1650 5018 1811 5081 inflectat?
1825 5022 1923 5083 Velut

325 5106 566 5176 collustratione,
582 5113 614 5168 et
638 5107 812 5187 cognitione
826 5108 884 5170 sita
898 5117 955 5187 est,
971 5128 1096 5190 prorsus
1145 5129 1219 5173 cum
1232 5118 1347 5191 orator,
1371 5118 1425 5174 aut
1447 5113 1637 5193 quicumque
1659 5111 1738 5174 alius
1759 5120 1922 5192 gestarum

325 5216 391 5259 esse
405 5196 609 5259 necessariam
631 5204 850 5278 agnoscerent;
866 5201 999 5282 Prosper
1020 5222 1095 5265 vero
1145 5222 1252 5266 rerum
1274 5205 1442 5285 expositor,
1462 5203 1590 5267 affectus
1617 5204 1653 5265 in
1669 5204 1813 5267 auditore
1833 5224 1920 5268 com·

326 5290 502 5365 contendat,
518 5307 582 5351 non
608 5308 678 5351 eam
694 5290 846 5366 sufficere,
864 5293 948 5371 quod
972 5293 1005 5355 in
1031 5296 1096 5357 sola
1145 5303 1249 5359 movet
1263 5297 1388 5374 amoris,
1403 5296 1568 5379 odii,spei,
1581 5303 1693 5372 metus,
1703 5297 1768 5372 irre,
1782 5297 1918 5377 doloris3

325 5382 476 5458 doctrine,
499 5386 531 5442 et
554 5381 666 5460 agendi
689 5382 800 5443 notitia
819 5390 969 5462 versetur,
984 5405 1042 5448 nec
1059 5407 1096 5450 ea
1145 5389 1184 5452 de
1197 5407 1259 5470 quo
1273 5390 1316 5452 ita
1330 5390 1487 5471 Prosper:

327 5473 456 5552 predita
479 5473 622 5535 voluntas
647 5474 836 5536 hominisad
849 5484 996 5540 conatum
1018 5479 1094 5543 boni
