4004 6168
681 376 799 439 LIBER
819 375 938 452 UNUS,
961 374 1050 437 OAP.
1073 376 1099 436 l.
1624 367 1681 428 OOl

84 540 268 620 ligandum,
294 547 411 605 uicum
435 543 491 605 Oei
503 543 655 624 adiutorio
667 544 734 604 sine
744 546 866 622 paccata
919 559 993 603 vero
1007 541 1122 621 Pelagii
1134 543 1170 603 B.
1191 540 1400 622 Augustinum
1417 535 1576 617 discipulis
1589 532 1685 614 ipsius

85 650 183 710 posse
196 634 436 697 essedioaretur.
452 636 492 697 Se
512 653 587 697 vero
608 635 688 697 nihil
700 635 783 696 aliud
803 651 867 695 res·
921 633 1038 714 Pelagii
1051 634 1261 716 prodentibus,
1277 653 1313 695 ao
1325 631 1500 714 petentibus
1508 625 1686 710 plenissime

85 724 250 801 pondisse,
263 725 869 805 nisiillnd,damnatumhocabepiscopis
920 727 1146 805 respondere.»
1162 728 1199 788 lu
1223 725 1332 787 eadem
1345 723 1385 786 od
1396 722 1537 785 loannem
1558 715 1687 799 epistola

85 815 190 878 fnisse
214 818 345 897 dogma:
367 840 383 877 o
408 821 553 881 latinum
573 838 639 882 esse
664 819 867 882 haereticum:
925 818 1039 897 «petit,
1073 816 1130 879 sibi
1162 816 1330 879 transmitti
1353 813 1562 876 Ecclesiastiea
1589 815 1685 888 gesta,

87 925 153 969 nos
168 909 309 971 latinos:
327 910 470 973 haeresim
485 912 601 973 Latinis
620 913 719 991 magis
732 910 870 989 partibus
921 910 1033 991 quibus
1057 910 1238 991 perhibetur
1261 926 1326 970 esse
1351 913 1528 989 purgatus»
1558 903 1618 964 hoc
1642 905 1698 976 est⁸

87 1001 482 1081 notamlatinisjudicibus
490 1005 870 1066 disserendamaDemnm
923 1002 1139 1082 Diospolitanas
1158 1001 1280 1083 synodi,
1297 1001 1385 1080 cujus
1407 1005 1474 1061 acta
1491 996 1634 1058 nondum
1654 992 1688 1053 in

87 1092 255 1154 loannem
267 1096 439 1178 secundum
456 1096 500 1176 id,
522 1097 607 1176 quod
620 1092 871 1173 deLatinisjudi·
922 1094 1057 1155 Africam
1069 1098 1229 1156 venerant.

88 1183 184 1246 cibus
196 1185 387 1263 postulatum
401 1194 477 1266 erat,
497 1209 513 1248 c
532 1189 733 1250 novissimam
747 1192 871 1249 ιιιιιιιι-
962 1178 1015 1247 ΧΙ.
1051 1187 1204 1248 Caeterum
1238 1191 1311 1247 ante
1337 1182 1583 1264 Diospolitannm
1611 1179 1689 1240 illud

67 1360 71 1365 .
88 1276 173 1337 tiam
198 1278 372 1356 protulisse,
401 1285 437 1340 ut
450 1280 490 1341 ad
505 1280 631 1342 beatum
655 1280 871 1341 Innocentium
918 1278 1071 1356 judicium
1084 1279 1209 1341 Orosius
1222 1279 1257 1340 in
1270 1277 1405 1341 Africam
1414 1273 1690 1350 reversus,litteras

91 1466 220 1537 rentur,
237 1462 409 1541 universos,
426 1465 508 1543 qnod
522 1465 575 1526 ille
585 1464 773 1541 decerneret,
789 1480 873 1524 secu·
923 1463 1007 1541 quod
1020 1463 1143 1525 coricilii
1156 1461 1408 1541 Carthaginensis
1419 1460 1457 1522 ad
1472 1456 1691 1519 Innocentium

91 1557 206 1623 tnr0s3
229 1562 261 1615 ιι
273 1555 401 1617 interim
422 1561 533 1617 uttam
547 1557 698 1637 Pelagius,
710 1574 807 1635 quarn
815 1555 873 1633 ipsi
924 1556 1039 1635 Papam
1064 1557 1193 1635 epistola
1225 1560 1356 1617 testatur
1371 1552 1394 1630 ¹,
1429 1570 1500 1632 quaa
1534 1554 1580 1612 est
1610 1548 1692 1610 inter

92 1646 351 1709 conticescerent.
361 1649 479 1710 Verum
491 1648 634 1727 postelies
644 1651 682 1710 47
693 1646 873 1726 comprimo
924 1645 1164 1725 Augustinianas
1185 1664 1236 1708 xc.
1263 1648 1325 1708 Sed
1352 1650 1384 1706 et
1409 1642 1601 1724 Augustinus
1627 1640 1692 1720 ipse

93 1736 324 1799 Encaeniornm
350 1740 400 1802 die
426 1740 466 1801 ad
487 1742 643 1803 loannem
670 1740 763 1802 officii
783 1758 875 1801 causa
924 1739 1088 1818 significat,
1103 1741 1246 1802 Orosium
1259 1738 1478 1819 Diospolitanae
1492 1735 1611 1816 synodo
1627 1750 1692 1794 non

93 1828 246 1897 venisset,
269 1830 309 1890 ab
330 1849 367 1892 eo
393 1833 610 1910 exprobratam
636 1831 695 1893 sibi
710 1831 872 1893 esseblas·
924 1831 1110 1907 interfuisse,
1121 1833 1154 1893 in
1164 1831 1246 1892 libro
1258 1830 1292 1892 de
1305 1834 1390 1911 pestis
1401 1827 1534 1909 Pelagii,
1548 1844 1615 1905 cap.
1626 1843 1691 1885 xvi.

93 1920 272 1998 phemiam,
286 1924 371 2002 quod
382 1924 518 1999 dixisset,
533 1946 550 1983 ι
562 1942 621 1986 nec
633 1942 706 1986 cum
721 1924 776 1985 Dei
785 1923 873 2003 adju·
926 1923 1026 1997 Quare
1041 1924 1212 1985 discessisse
1227 1923 1348 1985 videtur
1368 1942 1385 1983 e
1405 1920 1569 1983 Palaestina
1589 1917 1692 1987 medio

93 2012 180 2072 torio
205 2031 383 2092 possessae
411 2018 571 2078 hominem
606 2017 671 2077 sine
696 2021 830 2095 peccato.
854 2034 869 2073 a
925 2015 978 2076 illo
992 2022 1144 2097 tempore,
1168 2016 1253 2096 quod
1268 2016 1349 2077 inter
1369 2011 1692 2093 hierosolymitanam,

95 2103 191 2177 Quod
218 2106 337 2167 crimen
370 2109 506 2186 deinceps
534 2108 660 2168 Orosius
693 2107 814 2182 refellit,
844 2112 875 2168 et
926 2113 957 2168 et
987 2108 1227 2188 Diospolitauam
1249 2107 1385 2188 synodos
1410 2103 1594 2166 intercessit.
1623 2103 1694 2162 Post

95 2201 213 2256 contra
244 2198 404 2278 Pelagium
437 2201 536 2262 multa
562 2201 713 2278 disputat;
743 2217 813 2280 quas
836 2217 875 2259 ex
925 2200 984 2261 hoc
1003 2201 1247 2282 Diospolitanum
1260 2199 1420 2279 judicium,
1435 2196 1550 2275 Pelagii
1562 2195 1697 2256 fautores

96 2288 280 2367 Augustini,
297 2298 333 2351 ιιι
342 2290 408 2370 jam
420 2292 496 2369 dixi,
512 2292 599 2353 libris
613 2310 726 2372 magua
738 2310 776 2352 ex
788 2301 875 2370 parte
925 2290 959 2352 in
974 2292 1211 2372 Hieronymum,
1230 2293 1357 2371 ejusque
1377 2289 1565 2351 monasteria
1585 2287 1694 2349 crude·

96 2379 330 2444 describuntur.
925 2382 1039 2445 lissime
1048 2385 1176 2460 grassati
1184 2389 1267 2459 sunt3
1276 2379 1695 2462 quodrefertAugnstinnsin

18 2526 52 2557 ..e
140 2474 187 2534 X.
211 2474 296 2552 Haeo,
315 2476 376 2536 nisi
393 2476 606 2538 commentitia
625 2481 708 2555 sunt,
728 2480 765 2536 ut
795 2493 875 2537 non·
926 2476 1007 2537 calce
1019 2475 1092 2536 libri
1105 2475 1141 2536 de
1156 2475 1246 2555 pestis
1266 2474 1507 2554 Peloprcaorum,
1534 2470 1589 2531 ubi
1610 2471 1694 2531 «Dei

98 2565 322 2628 nullorumest
335 2568 685 2649 suspicio,·gestafuisse
698 2572 876 2629 necesseest
926 2585 1040 2644 servos,
1069 2573 1100 2629 et
1121 2567 1247 2628 ancillas
1269 2565 1307 2626 ad
1335 2582 1442 2626 curam
1465 2563 1562 2624 sancti
1585 2563 1695 2623 Hiero·

59 2643 73 2655 ’
98 2661 177 2719 ante
200 2659 446 2740 Diospolitanam
472 2662 641 2742 synodum,
661 2660 748 2739 cujus
769 2665 877 2720 contra
926 2660 1015 2739 nymi
1048 2659 1220 2739 presbyteri
1251 2657 1439 2737 pertinentes
1460 2654 1695 2717 sceleratissima

98 2767 208 2829 nuper
228 2750 348 2812 editum
367 2753 526 2815 decretum
543 2752 744 2829 celebrandas,
767 2769 824 2813 nec
836 2751 874 2812 ad
926 2752 1009 2812 caede
1023 2750 1147 2813 affectos
1160 2752 1219 2826 ait3
1242 2749 1407 2809 diaconum
1431 2748 1580 2824 occisum,
1596 2745 1693 2806 adifi-

99 2843 284 2904 lnnocentii
298 2845 391 2924 Papae
401 2844 556 2925 judicium
569 2845 762 2906 reservanda
777 2861 876 2905 causa
925 2844 974 2904 cia
984 2843 1245 2904 monasteriorum
1258 2839 1459 2915 ineensa;vix
1473 2840 1575 2919 ipsum
1586 2837 1694 2898 abhoc

98 2933 233 3013 Pelagii,
256 2935 337 2996 ratio
364 2936 552 2997 intervenire
572 2936 624 2997 illa
651 2936 763 3016 potuit,
791 2935 876 3015 quod
925 2935 1055 3015 impetu,
1071 2941 1163 3013 atque
1176 2934 1302 2994 incursu
1316 2932 1526 3012 impiorumin
1538 2928 1695 2991 lleimise-

97 3024 232 3087 interim
245 3028 381 3103 Herotis,
395 3033 427 3088 et
440 3028 545 3089 Lazari
558 3028 711 3090 accusatio
725 3028 765 3088 ad
777 3028 795 3089 J
798 3046 874 3088 oan-
925 3027 1030 3088 cordia
1042 3031 1164 3087 turrem
1170 3024 1373 3085 munitiorem
1386 3040 1451 3084 esse
1462 3027 1613 3096 tutatam3
1629 3043 1645 3080 ι)
1655 3022 1693 3083 de

97 3135 188 3195 nem,
201 3124 234 3179 et
247 3118 491 3199 aliosepiscopos
502 3119 653 3199 pervenit,
669 3137 708 3181 ex
721 3137 783 3198 qua
799 3137 874 3179 con·
924 3137 986 3199 quo
999 3123 1120 3180 exstant
1133 3116 1306 3179 iunocentii
1324 3115 1460 3196 epistola
1477 3115 1517 3175 ad
1540 3115 1694 3176 loannem

96 3210 288 3270 troversiam
306 3211 470 3292 disceptari
483 3211 609 3292 placuit.
625 3213 706 3273 Sane
719 3212 875 3272 Joannem
925 3210 1252 3290 Hierosolymitanum,
1278 3213 1309 3269 et
1331 3208 1369 3268 ad
1395 3208 1633 3286 llieronymum.
1658 3208 1694 3268 ln

97 3302 423 3382 hierosolymitanum
441 3304 564 3383 Pelagio
584 3303 704 3381 favisse,
725 3303 874 3384 quemad·
924 3303 1028 3383 priore
1046 3308 1165 3363 mactas
1179 3301 1316 3379 virgines
1339 3299 1548 3372 Eustochium,
1570 3309 1601 3359 et
1614 3299 1694 3361 Pau·

98 3395 235 3455 modum
247 3400 278 3456 et
287 3395 430 3469 Ruitino,
445 3401 477 3457 et
486 3396 623 3476 Origeni.
641 3396 731 3475 cujus
750 3396 874 3457 haeresis
924 3394 987 3456 lam
999 3395 1037 3455 de
1049 3394 1171 3473 injuriis
1183 3393 1257 3461 illis,
1280 3411 1316 3452 ae
1335 3391 1550 3452 vexationibus
1563 3391 1646 3470 apud
1661 3408 1694 3453 ιι

96 3486 352 3548 ἰιιιίιιιιιιιιιιιιιι
366 3488 568 3569 Hieronymo,
584 3487 708 3549 exactis
729 3487 876 3569 Diospoli·
925 3505 990 3548 esse
1016 3492 1138 3566 questas
1162 3484 1268 3546 scribit
1274 3504 1282 3560 ;
1304 3484 1360 3544 ubi
1378 3482 1506 3544 Paulam
1522 3502 1587 3546 non
1607 3484 1694 3546 illam

97 3580 166 3640 tani
181 3579 308 3641 concilii
320 3580 447 3642 evidens
462 3588 518 3655 est,
534 3599 592 3642 nec
613 3598 678 3641 non
696 3598 736 3642 er
749 3580 876 3661 epistola
924 3579 1077 3641 Eustachii
1111 3583 1244 3639 matrem
1277 3576 1428 3655 intellige,
1468 3594 1538 3656 quas
1571 3577 1695 3657 pridem

99 3676 184 3751 Aug.
202 3688 277 3733 aaut
290 3690 386 3753 quam
401 3673 558 3753 adipsum
573 3672 694 3751 scripsit
707 3673 725 3734 J
728 3688 873 3749 oannem,
925 3672 1054 3747 obierat,
1062 3670 1115 3731 sed
1128 3676 1275 3750 nepotem
1286 3668 1512 3745 illius,Paulam
1524 3669 1692 3748 juniorem,

97 3770 173 3843 post
193 3764 437 3845 Diospolitanam
456 3764 624 3845 synodum,
649 3768 680 3824 et
698 3763 875 3824 absolutum
925 3765 1013 3842 cujus
1025 3763 1103 3824 inin
1117 3762 1247 3844 epistola
1263 3778 1307 3823 vu
1317 3766 1348 3822 et
1360 3777 1452 3821 sxxrx
1465 3761 1607 3821 meminit
1619 3762 1694 3822 llic·

97 3857 134 3917 in
148 3856 372 3933 eaPelagium.
389 3857 428 3918 In
442 3875 503 3937 qua
517 3857 560 3916 sic
576 3855 738 3934 loquitur:
759 3856 875 3916 «Pela
894 3915 900 3927 ,
924 3874 1086 3937 ronymus.
1115 3856 1184 3921 Qua
1202 3855 1294 3915 etiam
1321 3855 1355 3912 in
1375 3853 1544 3931 posteriore
1565 3852 1695 3932 epistola

97 3948 192 4029 glum
217 3966 292 4010 vero
318 3949 446 4011 fratrem
468 3954 623 4025 nostrum,
647 3947 750 4008 filium
771 3953 873 4021 tuum,
926 3947 1168 4027 Diospolitanam
1186 3945 1342 4024 synodum
1356 3942 1564 4004 miserabilem
1580 3950 1692 4019 vocat3

99 4058 201 4123 quem
222 4041 326 4117 audio,
350 4041 435 4121 quod
451 4041 587 4102 multum
604 4039 718 4116 diligis,
743 4039 876 4100 hancei
926 4046 957 4104 ιι
990 4039 1152 4118 Pelagium
1185 4035 1279 4097 relert
1313 4035 1430 4111 omnia,
1466 4053 1536 4115 qua
1570 4036 1604 4094 in
1636 4035 1695 4097 bac

99 4151 239 4212 suggero
264 4132 411 4195 exhibeas
433 4133 640 4208 dilectionem,
664 4136 700 4192 ut
721 4131 874 4207 homiues,
926 4130 1045 4211 synodo
1080 4129 1190 4190 dixisse
1224 4145 1257 4189 se
1289 4128 1506 4206 denegaverat,
1542 4126 1694 4189 confiteri.

99 4226 159 4306 qui
178 4242 254 4287 eum
268 4231 434 4302 noverunt,
459 4230 490 4286 et
512 4224 677 4302 diligenter
697 4223 874 4298 audierunt,
926 4224 1015 4284 Hunc
1041 4227 1148 4282 tamen
1172 4225 1262 4281 vocat
1284 4219 1465 4280 Anniadum
1484 4218 1695 4298 Oeladensem,

99 4337 171 4381 non
183 4317 224 4379 ab
238 4336 275 4379 eo
289 4324 378 4379 tuam
387 4317 582 4379 sanctitatem
595 4316 872 4379 existimentiallia
927 4331 1022 4395 quem
1042 4313 1180 4393 profecto
1204 4310 1365 4390 Pelagium
1390 4316 1512 4391 oportet
1526 4328 1602 4373 esse.
1617 4312 1698 4374 Nam

100 4413 188 4472 'lum
217 4416 345 4485 narrat,
374 4410 433 4471 sibi
459 4409 608 4491 quosdam
648 4427 687 4470 ex
720 4408 878 4488 discipulis
927 4407 1032 4469 nullus
1045 4404 1168 4467 alterin
1189 4403 1400 4484 Diospolitana
1421 4403 1541 4483 synodo
1560 4405 1697 4466 interro·

101 4504 190 4568 illius
212 4504 329 4563 librum
356 4503 453 4583 ipsius
480 4503 609 4577 dedisse,
633 4502 667 4562 in
694 4520 756 4580 quo
784 4519 880 4581 prava
928 4506 1017 4580 gatus
1031 4503 1088 4576 est,
1102 4517 1138 4558 ac
1160 4514 1285 4577 negare,
1296 4495 1379 4576 quod
1404 4496 1546 4576 vulgarat
1571 4498 1696 4578 dogma,

102 4598 255 4674 dogmata
282 4595 542 4671 continebantur3
568 4593 617 4654 cui
637 4611 670 4655 se
687 4593 784 4655 altero
798 4592 878 4653 libro
929 4591 1115 4671 compulsus.

101 4687 302 4768 respondisse
315 4687 401 4761 dicit,
411 4693 442 4748 et
454 4693 622 4766 utrumque
631 4704 663 4747 se
676 4686 715 4746 ad
724 4686 880 4747 loannem
935 4724 939 4731 ‹
970 4685 1038 4745 Xll.
1053 4680 1187 4744 Africani
1199 4699 1273 4743 vero
1288 4680 1434 4762 episcopi,
1446 4684 1575 4763 acceptis
1584 4683 1645 4744 illis
1658 4683 1697 4744 ab

104 4782 243 4843 mittere.
260 4780 313 4839 Est
335 4785 439 4840 autem
457 4778 624 4858 Augustini
643 4777 722 4839 liber
742 4777 805 4854 ille,
825 4777 880 4857 qui
932 4776 1041 4837 Orosio
1063 4774 1195 4850 Herotis,
1225 4779 1255 4834 et
1281 4774 1386 4834 lazari
1412 4773 1531 4851 litteris,
1555 4793 1614 4836 nec
1632 4793 1698 4836 non
1815 4771 1828 4802 ¹

105 4872 142 4935 de
156 4880 269 4935 acturo
284 4878 312 4932 et
333 4871 432 4950 pratia
450 4871 637 4940 inscribitur.
657 4869 696 4931 od
721 4869 880 4932 limcsr'um
931 4868 1038 4929 audito
1065 4866 1266 4947 Diospolitani
1293 4872 1463 4927 conventus
1488 4867 1583 4944 exitu,
1610 4868 1698 4947 cujus

105 4964 294 5026 eadmerum
314 4962 479 5043 discipulos
498 4962 624 5041 Pelagii,
643 4963 690 5022 uti
708 4966 826 5022 constat
844 4979 882 5022 ex
930 4966 996 5022 acta
1012 4960 1153 5021 nondum
1165 4959 1319 5037 viderant,
1333 4960 1533 5040 provincialia
1544 4959 1606 5019 duo
1621 4979 1698 5021 con-

107 5055 228 5137 Pelagii
240 5054 354 5128 verbis,
369 5072 439 5134 quae
453 5056 487 5115 in
501 5055 630 5134 epistola
643 5053 729 5130 citat,
746 5059 881 5133 etrepe-
932 5053 1004 5115 cilia
1025 5052 1220 5113 celebrarunt
1241 5068 1323 5112 anno
1357 5053 1426 5119 dlii,
1450 5057 1486 5112 ιιι
1511 5051 1604 5131 praulo
1631 5056 1701 5132 post

107 5144 879 5226 riunturineapitexxsvnlibrideNoturoetyrctr'o.
931 5144 1104 5206 ostendam.
1130 5144 1270 5205 Alterum
1290 5143 1472 5221 Carthagine
1486 5161 1525 5204 ιιι
1542 5145 1701 5225 provincia
1777 5136 1781 5146 ’

108 5242 213 5320 Atque
227 5240 280 5301 hic
295 5239 376 5299 idem
391 5238 538 5307 liberast,
554 5239 592 5300 de
607 5257 668 5318 quo
686 5238 721 5297 in
741 5235 882 5318 Apoloyrh
932 5236 1177 5316 Carthaginensi,
1203 5236 1252 5297 cui
1275 5235 1420 5316 praesedit
1442 5235 1587 5298 Aurelius
1608 5237 1702 5315 hujus

108 5332 257 5398 meminit
279 5331 414 5410 Orosius,
438 5349 511 5393 cum
522 5331 588 5392 ait:
608 5330 749 5392 «Contra
765 5327 883 5391 librum
930 5329 1016 5390 urbis
1029 5329 1200 5410 episcopus,
1215 5346 1273 5390 nec
1291 5328 1321 5390 ei
1341 5328 1531 5406 Augustinus
1544 5329 1697 5391 interfuit.

136 5541 149 5586 ί
165 5540 233 5586 aaut
244 5536 317 5584 rom!
329 5536 394 5582 Gonc.
