3936 6172
310 307 369 368 392
815 303 1140 367 Tflsomotconurt
1161 302 1383 367 DOGMATUM

307 472 431 548 dicum,
454 472 632 550 definiente,
646 470 959 534 aeairoumscribente
971 487 1077 530 neces·
1126 474 1278 533 testatem.
1294 489 1309 530 u
1327 470 1392 532 Hoc
1405 471 1669 551 quemadmodum
1689 468 1784 529 iaciat
1804 468 1885 544 licus,

306 564 406 628 sitate.
1126 568 1157 623 et
1178 569 1330 643 quatenus
1356 582 1427 625 cum
1450 564 1543 643 hujus
1561 562 1727 624 efficientia
1750 559 1832 620 salua
1855 559 1887 621 sit

351 657 477 736 uaequi
488 676 554 719 non
564 657 657 737 capit,
672 655 787 717 lrustra
799 662 953 735 utcapere
971 653 1076 734 possit,
1125 656 1294 717 voluntatis
1302 656 1449 718 humane
1462 657 1669 732 libertas,uon
1677 659 1728 715 est
1736 651 1887 729 hujuslorr'

308 751 532 828 argumentatis
543 748 698 811 laborabit
711 748 872 809 industris.
886 746 948 808 Sed
967 764 1076 826 perga·
1126 747 1244 823 diaere3
1274 766 1332 810 nec
1362 748 1507 828 praefixos
1536 747 1575 807 ab
1610 747 1689 808 Sede
1722 743 1889 824 Apostolica

310 858 380 901 mus
408 847 525 917 tamen,
550 847 587 902 ut
607 840 809 915 instituimus,
834 846 865 901 et
885 844 1078 918 grassantem
1128 839 1241 900 limites
1262 839 1478 919 disputationis
1495 839 1583 900 istius
1601 834 1887 918 praetergredilieet

309 932 464 1012 opinionis
482 952 573 995 novae
598 933 757 994 baentiam
780 931 856 1011 ejus,
893 947 987 1009 quem
1020 930 1078 991 sibi
1168 932 1220 991 Xl.
1237 932 1327 997 Quod
1350 932 1444 1010 igitur
1466 931 1511 991 las
1533 936 1592 1007 est,
1614 930 1698 991 etad
1724 927 1889 989 iristitutum

308 1024 391 1085 ultro
409 1026 563 1105 legerunt,
588 1024 707 1086 arbitrii
728 1042 815 1096 roae,
838 1031 870 1083 et
896 1023 1078 1083 auctoritate
1127 1023 1221 1085 modo
1235 1023 1359 1100 sufficit,
1373 1023 1404 1083 id
1412 1041 1451 1084 ex
1464 1022 1629 1103 Augustini
1640 1021 1748 1083 verbis
1761 1020 1889 1081 illisoon·

307 1117 531 1195 reprimamus3
547 1122 582 1177 111
595 1117 662 1177 haec
676 1116 738 1176 duo
753 1116 786 1176 in
809 1114 891 1175 illius
908 1121 1078 1193 agnoscant
1126 1115 1272 1190 cluditur,
1288 1133 1357 1176 eam
1371 1133 1438 1176 esse
1458 1115 1548 1176 liberi
1571 1113 1690 1174 arbitrii
1715 1111 1796 1186 vim,
1818 1112 1889 1171 nati-

306 1208 439 1286 scriptis,
455 1215 486 1269 et
499 1226 565 1269 esse
578 1208 612 1267 iu
632 1207 722 1268 nobis
744 1206 877 1267 liberum
898 1207 1074 1283 arbitrium,
1126 1224 1260 1286 rumque
1273 1207 1506 1287 proprietatem,
1516 1212 1661 1284 utagere,
1674 1204 1889 1281 relnonagera

306 1304 337 1358 et
351 1298 390 1358 ad
403 1318 473 1360 eum
490 1298 659 1360 turmulam
680 1297 774 1374 exigi,
799 1315 895 1376 qaam
911 1297 1076 1358 concilium
1126 1298 1160 1359 in
1173 1298 1232 1360 illo
1252 1299 1389 1379 positum
1402 1299 1462 1374 sit;
1478 1304 1571 1378 atque
1590 1298 1675 1359 hamc
1698 1313 1796 1356 usum
1809 1295 1887 1361 illius,

305 1389 789 1471 Tridentinumpraefixit311tita
802 1393 974 1451 consentiat
986 1408 1077 1450 voca-
1125 1395 1156 1451 ct
1171 1391 1319 1469 operandi
1333 1391 1473 1467 modum,
1489 1395 1534 1461 ut,
1553 1389 1686 1469 exempli
1711 1406 1815 1463 causa,
1828 1387 1888 1448 sub

304 1481 392 1556 tioni,
417 1489 448 1543 et
469 1482 667 1560 inspirationi
688 1482 757 1557 Dei,
782 1489 818 1542 ut
837 1488 907 1543 tum
927 1482 1073 1550 maxime,
1125 1481 1178 1541 dat
1191 1500 1223 1543 se
1235 1482 1339 1558 aliem,
1356 1482 1405 1542 vel
1418 1481 1616 1542 nonsubdat.
1631 1480 1698 1540 Hoc
1716 1484 1822 1540 autem
1833 1480 1887 1538 siue

304 1592 377 1634 cum
398 1581 444 1635 est
477 1592 693 1649 consensurus,
728 1574 902 1649 dissentire,
938 1574 964 1633 si
990 1573 1074 1651 velit,
1124 1573 1336 1635 indifferentia
1346 1592 1386 1634 ne
1407 1573 1571 1634 informari
1591 1574 1722 1652 quidem
1740 1571 1887 1649 cogitando

303 1666 409 1745 possit.
1124 1671 1238 1744 potest.
1254 1665 1313 1740 Qui
1327 1666 1411 1726 enim
1425 1666 1515 1727 aliter
1527 1664 1731 1725 involuntate
1749 1662 1886 1723 Israelita·

343 1758 381 1818 X.
396 1759 433 1818 In
446 1758 525 1820 libro
537 1758 572 1820 de
588 1759 784 1841 Correptioue
797 1767 825 1819 et
839 1757 941 1839 pratia
957 1774 1077 1818 memo·
1124 1775 1196 1817 rum
1217 1758 1355 1838 positum
1368 1757 1438 1829 fuit,
1462 1756 1595 1818 subdere
1609 1774 1641 1816 se
1656 1755 1758 1829 Sauli,
1774 1754 1822 1815 rel
1832 1773 1884 1814 nou

303 1849 409 1910 rabilis
431 1856 476 1912 est
489 1851 607 1929 locus¹,
632 1852 686 1931 qui
705 1852 772 1913 hoec
790 1850 880 1911 ambo
900 1849 1074 1929 persuadet.
1124 1849 1266 1926 subdere,
1286 1850 1346 1909 nisi
1369 1850 1465 1928 quod,
1494 1854 1601 1909 utrum
1628 1847 1758 1923 vellent,
1787 1845 1884 1923 eligere

304 1941 383 2002 Nam
416 1943 572 2022 imprimis
608 1945 664 2005 Dei
696 1943 833 2004 vocantis
867 1942 1075 2019 efficientiam,
1123 1941 1291 2020 poterant?
1314 1942 1393 2002 Nam
1407 1941 1535 2020 propria
1558 1939 1649 2000 liberi
1671 1939 1795 1999 arbitrii
1816 1938 1883 1998 actio

303 2038 419 2111 quanta
442 2035 575 2113 intelligi
590 2036 726 2096 maxima
747 2040 859 2115 potest,
880 2034 1076 2095 commendat
1123 2042 1170 2094 est
1183 2033 1307 2108 eleati03
1323 2051 1381 2094 nec
1401 2033 1490 2093 aliter
1509 2049 1634 2094 movere
1654 2049 1699 2100 se,
1724 2048 1819 2110 quam
1838 2030 1883 2089 611-

301 2124 350 2184 his
361 2123 483 2185 verbis:
503 2126 659 2187 «Nonest
671 2127 777 2205 itaque
792 2126 1009 2202 dubitandum,
1022 2144 1075 2186 vo
1125 2126 1239 2203 gendo,
1266 2129 1366 2204 potest
1392 2124 1543 2185 naturalis
1564 2124 1617 2184 illa
1635 2123 1767 2183 facultas
1788 2122 1881 2182 animi.

301 2214 415 2275 luntati
438 2216 507 2292 Dei,
533 2217 588 2296 qui
612 2217 646 2277 in
668 2218 758 2294 arelo,
780 2223 811 2277 et
823 2218 857 2278 in
875 2223 958 2277 terra
971 2218 1077 2279 omnia
1125 2217 1251 2278 Frustra
1270 2222 1376 2278 autem
1389 2214 1423 2277 in
1436 2216 1609 2290 voluntate,
1625 2215 1675 2276 rel
1692 2215 1795 2275 libero
1814 2214 1883 2273 arbi·

306 2325 514 2387 quaecumque
534 2309 645 2381 voluit,
667 2309 750 2383 ferit,
775 2314 807 2369 et
824 2309 880 2387 qui
897 2309 991 2370 etiam
1012 2309 1074 2385 illa,
1122 2309 1183 2369 trio
1197 2309 1333 2388 positum
1348 2309 1460 2369 dicitnr
1474 2326 1564 2387 agere
1575 2308 1635 2367 hoc
1648 2308 1699 2368 vel
1713 2325 1780 2367 non
1792 2324 1881 2385 agere,

302 2416 374 2478 quae
395 2398 503 2461 futura
523 2407 597 2460 sunt
628 2399 708 2476 feeit,
733 2400 887 2462 humanas
902 2400 1076 2461 voluntates
1125 2401 1151 2461 si
1173 2400 1299 2461 nonnisi
1324 2418 1425 2461 unum
1446 2404 1548 2480 potest
1574 2400 1699 2477 eligere.
1729 2398 1814 2473 Quod
1835 2416 1882 2457 nec

302 2508 371 2551 non
398 2509 488 2571 posse
507 2491 662 2568 resistere,
689 2493 858 2571 quominus
882 2492 974 2553 faeiat
999 2493 1075 2572 ipse,
1124 2491 1227 2572 ipsum
1247 2492 1374 2571 quidem
1386 2497 1432 2552 est
1451 2491 1576 2570 eligere,
1598 2491 1681 2551 utin
1698 2489 1803 2570 priore
1814 2488 1880 2548 libro

306 2582 392 2661 quod
405 2583 492 2657 vult3
508 2584 761 2663 quandoquidem
774 2585 918 2646 etiamde
932 2584 1006 2665 ipsis
1018 2585 1075 2645 ho·
1124 2583 1271 2659 diximus,
1303 2584 1452 2663 quoniam
1478 2584 1538 2644 hoa
1564 2583 1672 2643 electio
1699 2588 1812 2642 natura
1834 2599 1880 2640 sua

302 2674 429 2735 minum
448 2674 670 2752 voluntatibus,
696 2676 780 2754 quud
804 2677 881 2753 vult,
907 2695 978 2737 cum
995 2676 1073 2754 vult,
1124 2676 1270 2754 postulat,
1280 2682 1317 2736 ut
1326 2676 1407 2736 inter
1421 2676 1484 2735 duo
1495 2675 1553 2735 sibi
1567 2674 1727 2755 proposita
1737 2673 1878 2748 mediasit,

302 2765 415 2827 facit.»
434 2768 526 2843 Sane,
542 2768 569 2828 si
581 2772 628 2828 est
642 2767 706 2828 ulla
719 2768 767 2829 ris
779 2768 938 2845 orationis,
954 2768 1076 2848 siquod
1122 2773 1153 2828 61
1166 2768 1396 2848 quodammodo
1411 2784 1570 2846 suspensa.

302 2858 551 2936 sententiarum,
584 2859 814 2939 verborumque
850 2861 978 2937 lumen,
1013 2879 1075 2940 quo
1168 2862 1230 2922 Nec
1245 2878 1371 2921 movere
1385 2876 1575 2939 quemquam
1589 2857 1788 2936 debet,quod
1803 2857 1878 2916 scin

303 2950 418 3012 divine
432 2952 611 3027 voluntatis,
628 2970 663 3013 ac
684 2952 810 3032 decreti,
827 2954 953 3033 ejusque
967 2953 1074 3031 31111116
1122 2955 1248 3016 illorum
1268 2952 1427 3013 volumtate
1446 2953 1582 3031 positum
1606 2955 1775 3029 utrumque
1790 2949 1878 3009 suibit

302 3043 521 3103 assumtionis
535 3043 763 3123 insuperabilis,
779 3049 810 3105 et
817 3044 958 3105 absoluta
974 3049 1074 3123 potes·
1124 3045 1328 3125 Augustinus,
1340 3048 1377 3104 ut
1388 3048 1492 3104 tamen
1508 3043 1570 3103 Deo
1583 3060 1649 3103 non
1662 3039 1878 3102 valerentreais

305 3140 353 3194 tas
381 3133 501 3195 ostendi
526 3139 637 3214 potest,
656 3154 693 3196 ea
710 3135 769 3196 hoa
791 3135 824 3196 in
842 3136 910 3197 loco
933 3136 1073 3197 adhibuit
1120 3145 1200 3200 tere.
1216 3137 1273 3196 Cui
1292 3140 1535 3196 consentaneum
1554 3140 1609 3211 est,
1633 3133 1719 3213 qarod
1741 3131 1877 3192 statimde

304 3226 505 3304 Augustinus.
522 3227 707 3305 Quarequid
718 3227 802 3288 aliud
812 3234 962 3308 expectes,
978 3247 1072 3307 quam
1122 3229 1226 3292 Abisei
1241 3227 1362 3305 subjicit
1375 3227 1399 3302 ²,
1424 3227 1477 3306 qui
1490 3227 1553 3287 Deo
1566 3226 1730 3286 instinctus
1743 3223 1841 3285 Daridi
1851 3242 1877 3284 se
1953 3296 1954 3317 Χ

303 3317 380 3378 illud
401 3317 505 3398 ipsum
530 3318 693 3380 arbitrium
718 3319 853 3380 liberum
880 3321 923 3381 sic
944 3321 1069 3397 inflecti,
1123 3340 1195 3383 cum
1208 3318 1445 3399 suisadjuuxit;
1470 3318 1508 3378 de
1532 3337 1595 3397 quo
1617 3318 1660 3378 sia
1679 3317 1875 3396 Augustinus:
1953 3322 1954 3395 1

302 3409 446 3489 ducique,
462 3411 602 3488 quorult
614 3413 705 3487 Deus,
721 3416 752 3472 et
765 3413 947 3489 consentire,
964 3419 995 3474 et
1006 3432 1070 3474 uno
1123 3436 1138 3473 a
1154 3413 1306 3493 Nunquid
1321 3411 1374 3471 1116
1386 3415 1489 3489 posset
1502 3407 1874 3483 adversarii-alunnum
1953 3402 1954 3481 1

302 3501 408 3580 aliquo
418 3502 688 3582 circumscriptum
695 3503 809 3577 sit,nec
816 3504 909 3566 ambo
918 3505 1070 3566 voluntati
1118 3512 1150 3568 et
1172 3525 1237 3568 uon
1260 3504 1364 3585 potius
1380 3503 1447 3581 ejus
1460 3502 1559 3563 fucere
1571 3503 1774 3579 voluntatem,
1792 3499 1874 3580 quiin

300 3592 385 3653 illius
400 3593 645 3673 permittantur?
668 3595 846 3672 Videamus,
868 3597 943 3675 quid
960 3597 1071 3659 deinde
1119 3599 1187 3678 ejus
1206 3599 1299 3659 eorde
1324 3601 1469 3675 operatus
1481 3601 1529 3656 est
1544 3613 1600 3675 per
1613 3595 1765 3674 Spiritum
1778 3609 1872 3666 suum;

302 3683 449 3763 subjicit:
480 3705 496 3742 a
519 3684 584 3745 Nisi
601 3684 691 3762 forte,
713 3686 825 3765 inquit,
849 3694 885 3748 ut
906 3706 945 3749 ex
965 3689 1069 3750 multis
1118 3710 1180 3771 quo
1206 3691 1423 3761 inductuscst,
1450 3686 1874 3764 1111166161161,111661·61,61
1900 3700 1943 3742 ne

300 3776 407 3855 aliqua
431 3793 689 3855 commemorem,
716 3779 840 3857 quando
865 3781 946 3840 Deus
971 3781 1069 3842 voluit
1117 3783 1240 3846 laceret.
1259 3802 1275 3841 u
1293 3781 1427 3855 Etenim,
1448 3779 1473 3838 si
1491 3778 1524 3839 id
1536 3777 1717 3858 simpliciter
1733 3776 1871 3857 accipitur,
1906 3764 1948 3861 φῖ

300 3868 386 3931 Sauli
399 3887 534 3947 reguum
546 3869 631 3937 darc,
643 3870 687 3930 sic
696 3871 805 3931 eratin
818 3876 966 3951 potestate
975 3874 1069 3936 Israc-
1117 3882 1153 3937 ut
1184 3894 1250 3937 nou
1278 3871 1438 3953 potuerint
1476 3872 1624 3933 israelitae
1659 3870 1750 3931 aliter
1778 3869 1873 3941 iacere,
1891 3862 1939 3956 3⁶¹5

300 3961 427 4023 litarum
435 3960 567 4022 subdere
585 3980 618 4023 se
632 3969 804 4025 memorato
820 3964 898 4040 viro,
921 3965 985 4027 sive
1004 3984 1069 4027 non
1117 3986 1212 4048 quam
1235 3972 1270 4028 ut
1282 3983 1314 4027 se
1337 3964 1420 4026 Sauli
1444 3963 1622 4040 subderent,
1642 3963 1703 4023 hoc
1724 3962 1873 4023 6611111111

300 4054 449 4130 subdere;
463 4054 547 4134 qnod
559 4055 666 4134 utique
679 4055 832 4119 incorum
847 4067 913 4119 erat
931 4060 1068 4139 positum
1117 4065 1263 4141 poterant
1290 4076 1355 4118 uon
1382 4074 1414 4117 se
1443 4055 1594 4130 subdere3
1627 4051 1873 4126 salsamenta
1953 4084 1954 4125 t

299 4147 471 4224 voluntate,
490 4154 526 4207 ut
540 4146 635 4208 etiam
647 4149 709 4209 Deo
722 4149 862 4211 valerent
882 4152 1035 4213 resistere.
1048 4173 1063 4210 u
1116 4170 1228 4215 eorum
1244 4150 1404 4211 uoluntate
1435 4148 1573 4228 positum
1592 4147 1686 4208 fuisse
1705 4143 1819 4206 suadae
1837 4160 1870 4217 aa,
1953 4142 1954 4223 i

302 4239 484 4318 Utrumque,
501 4238 560 4300 hoa
573 4245 620 4300 est
632 4239 763 4302 subdere
779 4259 823 4319 se,
843 4243 891 4304 vel
908 4261 973 4303 non
991 4243 1064 4304 sub·
1114 4245 1177 4307 eice
1203 4264 1261 4305 uos
1282 4241 1412 4317 satane,
1428 4241 1578 4319 quoniam
1599 4238 1660 4300 hoc
1673 4237 1871 4299 soluminro·
1953 4278 1954 4321 3

299 4331 372 4391 dere
397 4329 496 4406 Sauli,
512 4331 546 4391 iu
572 4330 732 4393 voluntate
756 4334 892 4413 positum
908 4336 952 4395 ait
971 4335 1065 4397 fuisse
1115 4338 1234 4398 luntate
1248 4333 1384 4415 positum
1400 4338 1446 4393 est
1460 4331 1544 4410 quod
1557 4335 1657 4410 potest
1668 4330 1758 4391 velle.
1770 4329 1870 4402 Quam·
1953 4324 1954 4327 ’

298 4422 517 4483 israelitarum.
544 4424 626 4501 Ergo
652 4424 686 4483 in
711 4425 866 4486 utrumvis
891 4427 1066 4488 voluntates
1113 4430 1222 4490 obrem
1239 4445 1318 4509 posse
1334 4424 1375 4486 ab
1399 4423 1573 4503 Augustino
1597 4441 1663 4483 non
1689 4441 1747 4502 pro
1771 4416 1868 4498 agendi

297 4513 420 4574 flectere
431 4531 503 4574 sues
516 4519 674 4591 poterant3
689 4516 812 4577 tametsi
826 4518 928 4598 reipsa
941 4519 1066 4580 nonnisi
1111 4525 1262 4602 potestate
1275 4517 1419 4590 sumitur,
1427 4515 1479 4576 sed
1489 4533 1546 4594 pro
1556 4514 1688 4591 audone,
1698 4519 1731 4575 et
1743 4531 1788 4584 eo,
1797 4507 1868 4589 quoti

298 4605 479 4668 consensuri
493 4611 593 4680 erant,
608 4608 754 4686 eoquod,
776 4616 923 4672 manente
944 4613 1066 4689 integre
1112 4619 1177 4676 erat
1192 4612 1296 4693 reipsa
1309 4609 1510 4681 futurumne
1523 4607 1731 4683 lacturaerat,
1745 4604 1868 4667 uoluntas
1953 4620 1954 4631 ¹

297 4716 406 4760 eorum
419 4697 570 4773 libertate,
593 4699 684 4773 Deus,
701 4717 764 4777 quo
788 4701 976 4779 decreverat,
992 4705 1064 4765 illo·
1111 4704 1237 4767 illorum
1250 4702 1359 4764 libera.

296 4809 369 4853 rum
383 4790 528 4855 movebat
541 4790 725 4865 voluntates,
742 4798 787 4867 ut,
800 4794 856 4854 etsi
869 4797 1066 4874 possentali-
1150 4798 1218 4858 XII.
1229 4798 1295 4870 Qua
1304 4795 1343 4856 de
1355 4811 1390 4854 re
1402 4791 1671 4872 prestantissimae
1683 4789 1866 4866 cstcbrysos
1888 4814 1954 4927 Ἦ

295 4889 344 4945 tar
356 4882 467 4944 facturi
480 4900 545 4943 non
559 4888 670 4959 essem,
686 4902 781 4962 quam
792 4890 828 4945 ut
841 4904 872 4947 se
886 4888 1064 4950 subderent.
1110 4891 1187 4951 tomi
1195 4890 1293 4963 loeus,
1302 4886 1357 4967 qui
1366 4891 1464 4946 totam
1474 4885 1559 4945 illam
1572 4883 1775 4964 pessimorum
1787 4875 1863 4938 liberi
1889 4878 1954 4971 “tu

297 4976 454 5036 Ideomox
467 4974 551 5035 addit
568 4994 575 5034 :
593 4996 609 5033 a
624 4975 682 5049 Qui
700 4981 806 5037 tamen
824 4977 883 5039 hoa
896 4998 960 5041 non
982 4980 1064 5058 fecit,
1111 4984 1317 5062 interpretum
1353 4977 1476 5038 arbitrii
1511 4977 1670 5036 nationem
1706 4969 1861 5043 conturbat,
1901 4981 1954 5071 ιη

296 5067 357 5128 nisi
376 5085 432 5146 per
448 5067 588 5146 ipsorum
607 5067 772 5129 hominum
792 5071 976 5142 voluntates.
1000 5074 1066 5134 sine
1110 5085 1203 5153 atque
1220 5073 1271 5133 hie
1283 5071 1351 5131 ideo
1371 5068 1590 5130 describendus
1614 5072 1669 5128 est.
1697 5060 1863 5140 Quodenim
1889 5038 1946 5093 ’ΨΜ

295 5159 390 5221 dubio
403 5159 521 5220 habens
529 5158 739 5222 humanorum
753 5163 905 5232 cordium,
922 5185 985 5245 quo
1000 5167 1064 5246 pla-
1110 5168 1148 5228 de
1162 5165 1280 5227 Judseis
1293 5162 1413 5242 scripsit
1425 5162 1562 5221 loannes
1573 5157 1596 5219 ³:
1607 5158 1765 5239 Propterea
1778 5160 1861 5215 auteur
1953 5160 1954 5235 ᾗ

294 5258 387 5330 aeret,
403 5250 653 5313 inclinandorum
665 5255 1000 5335 omnipotentissimum
1011 5278 1066 5340 po·
1111 5279 1167 5323 noa
1200 5264 1337 5340 poterunt
1370 5251 1506 5329 credere,
1541 5250 1613 5333 qaia
1663 5252 1765 5311 iterum
1793 5241 1861 5305 dr'sit

320 5454 331 5498 t
347 5453 504 5510 cipum—2
516 5452 564 5498 trs.
578 5451 596 5505 1,
607 5453 683 5500 Potui.
692 5457 851 5506 xus-tuom.
862 5468 901 5510 ur,
914 5459 948 5504 19.
