3934 6172
257 381 316 444 2⁸2
761 396 1085 466 Tltnonoctcotlttn
1105 400 1323 466 DOGMATUM

109 558 210 621 aramus
300 552 354 614 IV.
370 553 504 618 Destatu
519 557 610 636 illius,
620 566 651 622 et
664 562 858 642 vitagenere
871 566 907 627 in
919 567 1028 648 volup·
1074 569 1202 651 spiritus
1213 586 1280 629 vcra
1293 566 1368 628 civit
1384 571 1506 646 propter
1511 560 1761 645 justificationem·
1776 558 1829 619 Dt-

127 621 146 654 st
153 621 197 656 nott

103 672 221 721 ,iaceam
260 644 361 705 lucrio
375 645 428 707 illo
444 649 610 731 domicilio,
625 653 692 715 boec
710 654 773 718 fere
791 658 904 719 tradita
921 664 1027 720 sunta
1074 662 1196 724 cethoc
1209 661 1294 722 idem
1308 658 1388 720 liber
1403 656 1596 737 Sapientia:
1618 652 1675 732 qui
1695 648 1830 712 manat

87 727 237 818 nauffinna
259 736 1026 826 majoribus.Imprimisperpetuam,sineullometu
1073 762 1197 815 mortem
1218 771 1277 815 noa
1298 750 1411 832 seciae,
1433 767 1485 811 erec
1507 747 1609 810 latori
1627 750 1660 806 ia
1675 740 1830 825 petibilibus

260 828 379 906 mortis,
396 831 424 891 ei
441 832 537 894 vitam
554 835 733 912 affuturam,
759 841 915 903 Catholicae
928 844 1026 905 credit
1073 846 1216 907 orborum.
1244 842 1363 905 (beavit
1390 841 1483 917 caira,
1511 847 1543 899 at
1570 843 1671 913 esent,
1689 832 1785 896 omnia
1806 839 1831 894 tl

260 919 410 998 Ecclesia3
425 923 519 1005 idque
532 935 691 1006 praeeuntc
701 931 836 994 maxime
850 934 1024 1012 Augustino
1071 936 1218 999 sanabiles
1239 935 1313 1017 fecit
1341 933 1472 994 nationes
1495 930 1572 992 orbis
1599 935 1759 1000 terraram,
1778 930 1829 985 cta.

259 1016 368 1071 eontra
392 1014 571 1095 Pelagianos
593 1020 740 1098 decrevit,
763 1024 852 1098 «Qui
869 1026 1023 1103 dicebant,
1072 1027 1169 1109 Impii
1187 1035 1286 1089 actem
1306 1023 1452 1099 manibus,
1475 1030 1505 1084 et
1531 1020 1628 1083 verbis
1649 1017 1831 1081 aesmbrtat

260 1100 415 1164 Adamum
428 1106 472 1167 sic
482 1116 633 1189 creatum,
654 1119 690 1174 ut
707 1116 801 1176 etism
819 1116 887 1178 sine
909 1118 1025 1196 peremi
1073 1117 1182 1182 iliam⁶.
1192 1120 1231 1180 Et
1244 1118 1382 1198 apertius
1395 1115 1495 1195 capite
1510 1108 1682 1194 sequenti⁷t
1699 1108 1830 1184 (imm

259 1194 370 1255 meritc
384 1200 585 1279 moreretur¹,
606 1224 622 1261 r
639 1209 675 1265 nt
692 1206 736 1266 ait
747 1206 953 1286 Augurinum
969 1209 1025 1288 qni
1072 1211 1153 1272 Deus
1165 1211 1275 1273 meavit
1290 1208 1437 1271 domim
1451 1201 1746 1276 inexterminabilem,
1759 1207 1787 1261 et
1797 1198 1832 1261 at

258 1284 383 1347 inlibro
407 1289 442 1350 de
463 1292 549 1371 pestis
572 1293 703 1377 Pelapii,
722 1298 820 1380 capite
840 1316 870 1360 n
895 1300 956 1361 hoe
974 1301 1025 1361 isti
1074 1290 1831 1383 imapiaemsimilitadiaissacafecitilluminabilis

258 1376 414 1455 objectum
436 1402 501 1446 esse
518 1385 613 1448 refert
629 1388 663 1449 ia
678 1390 885 1469 Diospolitana
904 1392 1024 1471 synodo
1072 1403 1169 1457 aatcm
1176 1392 1298 1456 Diaboli
1304 1387 1828 1454 morsiabavitiaorbcmterroraor‘.

258 1486 297 1529 ex
319 1470 463 1551 discipuli
487 1474 554 1554 ejus
586 1479 722 1541 Coelestii
740 1482 878 1563 seriptis:
898 1484 1023 1545 aAdem
1074 1487 1143 1553 Quo
1162 1487 1195 1547 in
1214 1485 1282 1546 loco
1310 1486 1416 1545 Graeca
1438 1499 1563 1544 sensum
1580 1480 1667 1541 hunc
1681 1475 1828 1537 reddunt:

258 1563 421 1626 mortalem
456 1567 584 1647 iactum,
609 1572 665 1651 qui
686 1572 751 1633 sive
770 1579 923 1653 peccaret,
960 1576 1024 1637 sive
1076 1576 1151 1638 Dens
1164 1577 1277 1639 meavit
1289 1566 1438 1637 bominem
1459 1572 1499 1635 ab
1516 1566 1828 1651 incorruptibilitatem,

258 1671 322 1715 non
356 1667 511 1738 peccaret,
547 1663 716 1726 moriturus
746 1672 840 1743 esset,
875 1668 1025 1746 quoniam
1072 1669 1131 1731 hoc
1144 1675 1191 1732 est
1205 1668 1419 1747 alcorrampi‚
1435 1666 1570 1746 mamque
1588 1682 1648 1724 aaa
1660 1667 1761 1742 posci.
1774 1660 1831 1720 Hoc

257 1756 417 1828 peccatum
430 1753 504 1815 Adae
518 1755 620 1835 ipsum
643 1758 746 1818 solum
768 1758 892 1833 laseris,
915 1767 946 1820 et
959 1779 1024 1821 non
1072 1762 1176 1841 ipsum
1186 1762 1282 1822 etiam
1294 1761 1348 1822 illo
1358 1761 1413 1821 Dei
1425 1758 1603 1825 interdicto,
1619 1761 1652 1817 et
1663 1753 1830 1814 intermine

257 1857 355 1920 genus
368 1844 552 1909 humanum.
568 1869 583 1906 n
608 1848 682 1910 Haec
701 1868 794 1929 porro
816 1851 956 1929 ajtrdieio
970 1852 1023 1913 illo
1072 1854 1157 1915 tione
1171 1854 1345 1915 continetur
1356 1872 1364 1913 ε
1379 1851 1416 1913 Ia
1429 1867 1609 1932 quocumque
1624 1847 1674 1908 die
1687 1841 1830 1906 comem

257 1934 470 2011 ecclesiastico,
506 1941 783 2003 anathematizante
816 1941 958 2020 Pelagio,
994 1949 1026 2004 et
1072 1964 1111 2007 ea
1123 1965 1166 2024 eo,
1190 1952 1283 2006 morte
1302 1943 1437 2005 morieris
1454 1941 1482 2017 ³3
1504 1942 1543 2003 de
1563 1958 1627 2020 quo
1646 1937 1739 2019 paulo
1758 1940 1828 2015 post·

257 2026 407 2108 episcopis
419 2029 707 2111 interloquentibus,
724 2037 844 2095 consmt
856 2052 923 2096 esse
935 2036 1023 2096 dam·
1072 2038 1149 2099 Vide
1176 2038 1325 2098 Faustum
1352 2035 1536 2115 Regiensem
1559 2033 1641 2094 libro
1677 2031 1775 2111 primo
1801 2026 1831 2088 be

257 2123 340 2194 nata,
363 2125 430 2181 out
442 2121 525 2183 idem
538 2123 653 2187 scribit.
1074 2128 1561 2207 liberoarbitrio,capiteprimo.

297 2210 407 2273 Postea
424 2231 498 2275 vero
520 2215 659 2294 pleniore
686 2216 719 2277 in
743 2216 884 2294 concilio,
907 2220 958 2279 cui
985 2236 1024 2280 ex
1125 2222 1205 2283 Huic
1237 2221 1310 2283 fidei
1343 2220 1466 2281 decreto
1503 2216 1619 2298 passim
1656 2214 1831 2292 suffragata

258 2303 405 2365 omnibns
430 2304 542 2369 Attica
564 2309 733 2388 provinciis
751 2309 920 2371 interfuere
943 2311 1023 2390 epis·
1072 2312 1458 2401 Aagastinus,praesertim
1471 2310 1505 2371 in
1521 2309 1621 2385 libris,
1642 2325 1723 2388 quos
1735 2310 1830 2367 contra

258 2395 327 2475 copi
360 2397 485 2459 ducenti
518 2405 593 2477 tres,
627 2402 797 2482 proscripta
836 2404 944 2464 eadem
978 2412 1024 2464 est
1072 2404 1252 2484 Pelagianos
1275 2404 1383 2465 edidit.
1405 2403 1444 2463 Et
1460 2402 1494 2463 in
1512 2406 1598 2462 sexto
1622 2399 1661 2462 dc
1683 2397 1783 2463 Geaal
1797 2394 1832 2458 od

257 2486 384 2549 haeresis
410 2508 528 2553 annone
551 2492 633 2553 isto:
666 2496 742 2556 «Ut
763 2496 951 2575 amoenaque
976 2495 1024 2556 di·
1074 2496 1229 2574 litteram;
1251 2500 1372 2557 utcum
1392 2495 1435 2556 ita
1448 2493 1579 2555 scribit:
1600 2490 1828 2571 «Aspanbor,

257 2580 347 2656 xerit,
379 2582 478 2644 Adam
504 2584 642 2663 primum
673 2587 832 2649 hominem
859 2587 1023 2649 mortalem
1071 2588 1175 2668 inquit
1185 2587 1209 2663 ⁹,
1225 2606 1310 2650 mors
1326 2588 1420 2649 etiam
1435 2586 1574 2666 corporis
1593 2585 1631 2646 de
1645 2588 1829 2665 peceatomt.

257 2670 373 2734 fectum
391 2675 445 2752 ita,
471 2680 507 2735 ut
531 2677 595 2738 sire
608 2684 759 2757 peccaret,
783 2681 846 2741 sive
868 2698 933 2740 non
955 2698 1024 2759 pec·
1074 2680 1108 2741 Si
1130 2698 1205 2759 ergo
1227 2698 1292 2740 non
1316 2683 1471 2759 peccasset
1495 2677 1607 2753 Adam,
1632 2692 1693 2737 nec
1714 2690 1830 2755 corpore

257 2770 351 2834 earet,
378 2772 553 2829 moreretur
581 2768 616 2829 in
648 2788 786 2849 corpore,
821 2771 881 2832 hoc
914 2777 960 2833 est
986 2773 1025 2834 de
1072 2777 1256 2849 moreretur,
1290 2771 1421 2850 ideoque
1453 2768 1632 2830 immortale
1654 2767 1780 2829 haberet
1804 2771 1832 2825 et

257 2875 385 2938 corpore
419 2860 526 2936 exiret,
562 2879 628 2923 non
660 2863 777 2942 peccati
810 2865 934 2939 merito,
969 2865 1025 2925 sed
1072 2881 1194 2944 eorpus.
1215 2885 1231 2922 o
1257 2865 1338 2924 Tum
1364 2863 1398 2923 in
1420 2861 1591 2940 sequenti:
1617 2860 1768 2920 «Veram
1792 2864 1832 2917 est

258 2950 437 3013 necessitate
447 2957 578 3027 naturae,
588 2955 754 3016 anathema
761 2955 847 3030 sit²;o
860 2957 914 3037 qui
923 2975 1023 3018 canon
1072 2955 1304 3035 quidem,qned
1324 2958 1571 3016 neumare-retur
1584 2951 1682 3013 etiam
1703 2966 1829 3029 corpore,

258 3042 378 3121 primus
390 3042 523 3106 habetur
536 3044 570 3107 in
582 3045 761 3108 Mileritam
778 3048 913 3109 secunda
930 3066 1023 3128 syno-
1072 3048 1133 3109 nisi
1146 3047 1434 3128 peccassettperte
1448 3045 1564 3125 quippe
1574 3044 1653 3105 dicit
1668 3042 1829 3123 spostolus,

259 3134 309 3211 do,
329 3152 492 3214 perperam
499 3136 700 3216 quidem3est
712 3140 797 3202 enim
806 3141 1026 3220 Carthaginen-
1073 3158 1187 3218 corpus
1207 3145 1368 3200 mortuum
1387 3144 1514 3218 propter
1534 3141 1709 3217 peccatam.
1724 3155 1739 3194 a
1757 3134 1831 3194 Etia

259 3224 312 3297 sis,
332 3227 397 3287 sire
422 3228 581 3297 Africanae,
607 3237 638 3292 et
658 3238 800 3293 censetur
820 3233 854 3292 in
881 3232 1025 3295 Africana
1072 3231 1154 3293 libro
1175 3230 1389 3293 decimotertio
1419 3228 1455 3290 de
1482 3227 1614 3292 Civitate
1645 3227 1715 3304 Dei,
1742 3225 1831 3305 capite

258 3318 437 3380 collectione
454 3322 697 3400 septuagesimus
716 3329 832 3400 sextas,
858 3325 892 3386 in
915 3325 1024 3387 collec-
1074 3324 1193 3386 decimo
1216 3324 1348 3403 quinto:
1368 3322 1487 3383 «Unde
1503 3325 1623 3382 mactat
1645 3320 1728 3381 inter
1740 3316 1831 3379 cams-

257 3409 343 3472 tione
361 3428 435 3472 vero
456 3413 620 3475 Canonum
647 3415 751 3477 Graeca
777 3432 834 3493 arx,
850 3423 943 3496 atque
966 3419 1025 3479 hoc
1073 3417 1174 3478 tianos
1196 3416 1346 3477 veraciter
1363 3413 1553 3476 Catholieam
1577 3417 1720 3473 tenentes
1735 3409 1830 3484 iidem,

259 3519 391 3563 numero
402 3502 545 3565 citatura
562 3506 710 3569 Michacle
730 3507 826 3589 Glyca
844 3509 879 3570 in
896 3509 1025 3572 Annali·
1073 3509 1168 3570 etism
1176 3509 1277 3589 ipsam
1292 3508 1382 3569 nobis
1395 3505 1533 3586 eorporis
1542 3509 1679 3567 mortem
1699 3520 1762 3564 non
1773 3501 1832 3579 leae

260 3592 321 3655 bas.
359 3594 403 3655 Aa
429 3596 596 3658 novissime
622 3598 840 3661 Tridentinum
857 3602 1025 3664 concilium
1073 3606 1205 3677 namara,
1229 3598 1304 3680 quia
1326 3599 1447 3660 nubam
1469 3601 1604 3658 mortem
1621 3595 1742 3658 homini
1761 3595 1833 3654 Doni

259 3687 343 3749 idem
356 3687 458 3748 sanxit
470 3687 505 3749 in
518 3689 620 3769 primo
634 3690 799 3754 canoncie
812 3691 936 3754 Peccata
952 3693 1024 3757 Ori·
1073 3693 1155 3769 iecit,
1170 3693 1224 3754 sed
1243 3691 1355 3753 merito
1374 3690 1523 3751 inflictam
1537 3707 1602 3750 esse
1614 3688 1751 3768 pecmti3
1763 3701 1832 3764 qao·

259 3779 358 3861 piacli
371 3778 392 3840 ³.
1074 3786 1162 3846 niam
1172 3790 1334 3864 peccatum
1346 3782 1507 3843 vindicans
1519 3782 1601 3841 bern
1614 3780 1694 3841 dixit
1710 3775 1830 3849 bomini,

300 3873 338 3933 V.
364 3873 463 3952 Hujus
486 3892 586 3955 porro.
606 3876 761 3956 dogmatis
793 3877 960 3938 auctoritas
988 3897 1027 3940 ex
1075 3878 1185 3956 inquo
1208 3881 1285 3936 tunc
1302 3891 1411 3935 omnes
1430 3890 1566 3947 eramus,
1596 3870 1691 3932 Terra
1711 3887 1749 3945 es,
1767 3874 1793 3928 et
1805 3867 1833 3926 ia

260 3967 355 4025 sacris
367 3965 456 4027 libris
468 3968 629 4047 repetitur,
644 3968 677 4030 in
690 3969 803 4048 quibus
815 3969 926 4030 diserte
935 3970 1024 4043 illud,
1076 3977 1186 4030 terram
1197 3967 1262 4028 ibis.
1274 3965 1476 4044 »Fulgentius
1488 3962 1617 4040 ¹⁰,aNisi
1629 3961 1830 4042 praececisset

261 4074 297 4118 ec
316 4075 398 4137 saepe
419 4059 578 4121 traditur:
608 4066 742 4122 mortem
766 4063 905 4123 hnmano
920 4064 1027 4141 generi
1075 4061 1129 4135 eit,
1144 4062 1178 4121 in
1191 4065 1315 4139 peccato
1341 4074 1426 4118 mors
1441 4057 1567 4129 animae,
1591 4071 1754 4135 nunqnam
1772 4067 1831 4112 cor·

260 4167 362 4229 piene
381 4148 448 4211 loco
462 4150 611 4213 inflictam
630 4170 706 4230 essa,
725 4159 852 4233 propter
867 4162 1026 4233 peccatum
1076 4153 1288 4234 porismorsin
1299 4144 1832 4229 suppliciosequeretur.oEt,aHomo

262 4241 356 4319 primi
370 4241 516 4305 hominis.
532 4243 595 4305 Per
606 4264 698 4305 anam
707 4243 864 4321 bomr'nem,
883 4247 1029 4326 aitApos·
1076 4246 1111 4307 in
1123 4251 1239 4307 terram
1252 4260 1345 4305 carne
1359 4258 1425 4303 non
1445 4242 1514 4309 iret,
1537 4240 1563 4300 si
1585 4243 1670 4299 terra
1689 4232 1832 4317 peccando

264 4332 354 4404 tolus,
368 4340 522 4411 peccatam
536 4335 567 4395 ia
589 4333 667 4397 banc
688 4335 829 4398 mundam
848 4338 983 4413 intravit,
999 4346 1029 4398 et
1076 4355 1142 4399 non
1154 4337 1284 4398 fieret.»
1816 4415 1822 4428 1

259 4441 316 4504 per
333 4431 486 4504 peccatum
507 4444 600 4501 mors3
621 4436 649 4488 et
673 4427 718 4490 ita
740 4429 773 4489 ia
791 4447 886 4490 omnes
899 4428 1029 4490 bmaiacs
1117 4430 1174 4491 VI.
1191 4427 1252 4489 Sed
1266 4426 1328 4487 duo
1342 4424 1642 4486 cavendaeuntnon
1653 4418 1835 4483 minucian-
1874 4430 1923 4526 ὦ

262 4533 341 4575 mors
356 4517 545 4595 pertransiit,
565 4518 597 4579 ia
615 4537 780 4599 qaoomaes
796 4520 1026 4602 peccavernat⁸3
1077 4538 1156 4596 cern,
1185 4537 1280 4599 quam
1298 4519 1333 4579 in
1355 4516 1459 4577 medio
1484 4515 1550 4575 sitm
1572 4512 1644 4574 fidei
1678 4508 1833 4574 Catholics
1852 4499 1939 4597 “m

262 4607 347 4685 quod
359 4607 479 4686 reliquo
494 4608 638 4689 deinceps
658 4613 755 4692 capite
769 4614 891 4692 repetit.
908 4614 946 4673 Et
958 4632 1028 4695 pos·
1077 4612 1234 4674 cornaria
1246 4609 1431 4690 opinionum
1447 4613 1558 4668 errata.
1570 4606 1657 4667 Prior
1670 4610 1832 4671 esteorumt
1854 4590 1940 4691 „iiiii

262 4696 336 4759 tea⁸
352 4718 360 4759 ε
374 4700 490 4781 Corpus
511 4710 661 4764 mortuam
674 4712 846 4788 estprnpter
859 4714 1027 4786 pescatm3
1079 4706 1134 4788 qui
1160 4721 1232 4765 cum
1260 4700 1430 4781 Pelagianis
1457 4699 1659 4774 arbitrantur,
1691 4696 1836 4758 Adimam
1881 4690 1934 4741 ¹⁰⁶²

300 4911 322 4952 a
344 4897 451 4971 Graeoe,
477 4900 516 4954 brt
540 4899 555 4955 b
577 4900 629 4964 θεὸς
659 4901 738 4957 ἔκτισε
765 4903 807 4958 rbr
834 4903 962 4976 ἄνθρωπον
993 4900 1032 4956 ἐπὶ
1081 4900 1210 4974 ἀφθαρσίᾳ.

265 5086 302 5135 tos
314 5082 438 5148 primorum
447 5089 563 5150 paenam
576 5087 600 5137 ta
611 5084 705 5149 badas,
719 5086 758 5152 qai
768 5088 824 5139 sitos
841 5091 890 5139 crat
902 5087 963 5139 iaco
976 5085 1036 5152 quod
1084 5089 1132 5136 tun
1142 5097 1192 5136 esse
1206 5096 1219 5134 a
1232 5080 1321 5145 bestiis,
1339 5081 1370 5133 ita
1383 5085 1409 5132 at
1428 5079 1571 5132 dominorum
1583 5077 1708 5130 armentia
1720 5074 1789 5128 tucn
1798 5080 1838 5154 ott

267 5163 372 5225 poteram
393 5159 423 5211 iis
447 5161 490 5224 uti,
500 5162 528 5213 ad
542 5176 583 5215 sua
597 5165 725 5226 commoda,
739 5178 786 5216 noa
798 5163 903 5215 obstabat
915 5162 1036 5228 quominus
1084 5173 1148 5212 ause
1157 5158 1241 5210 laedat
1266 5158 1354 5209 tructus
1369 5169 1448 5207 eornm
1462 5155 1569 5208 tiridati
1583 5153 1712 5214 eomebmo,
1734 5150 1762 5201 de
1773 5146 1838 5198 lont-

268 5232 346 5286 bestia
360 5235 504 5288 comederent
516 5238 604 5304 piratas
623 5253 651 5291 ac
672 5239 760 5292 frustm
773 5238 888 5301 tiridati,
903 5237 1036 5302 aisiabipe-
1085 5240 1140 5287 natu
1157 5234 1197 5285 iiio
1211 5233 1261 5285 ribo
1274 5246 1324 5298 qna
1338 5236 1404 5283 eaba
1414 5230 1470 5282 dixit
1478 5231 1594 5294 Petarias,
1603 5235 1627 5282 ct
1640 5242 1690 5295 qna
1701 5221 1839 5279 mattea-

270 5315 356 5363 rsatur.
372 5310 422 5364 Noa
440 5317 476 5365 est
487 5313 548 5366 anim
562 5314 685 5382 putandam
699 5313 838 5367 dominatum
858 5314 921 5365 ittam
936 5311 1038 5366 melim-
1086 5324 1127 5365 ass
1143 5310 1244 5365 cledon
1261 5305 1358 5362 anea.
1372 5307 1393 5370 t,
1407 5317 1491 5359 xxva.
1708 5303 1753 5356 'ln
1766 5301 1807 5352 ta

297 5484 306 5528 t
323 5487 381 5542 iae.
392 5486 432 5532 Ltb
453 5487 498 5533 tac
509 5490 593 5534 Pereat.
604 5499 661 5534 mer.
673 5500 722 5545 cap.
733 5500 750 5534 ιι
760 5495 782 5532 ct
793 5488 857 5544 epist.
865 5487 958 5534 cra-t
971 5486 1009 5531 ssst
1020 5496 1042 5530 sa
1051 5484 1118 5542 apud.
1130 5483 1227 5529 berned.
1242 5481 1268 5526 rte
1279 5482 1352 5536 Doara
1362 5492 1411 5536 cap.
1422 5491 1484 5526 rn.-
1494 5480 1508 5524 s
1519 5480 1576 5526 sear.
1593 5479 1638 5524 rt·
1661 5478 1675 5523 t
1686 5479 1744 5524 Rom.
1758 5487 1777 5538 r,
1788 5473 1840 5520 ta-

270 5549 284 5594 b
296 5550 356 5594 nom.
368 5561 417 5596 ran
431 5550 491 5595 aa·
500 5552 514 5596 t
524 5553 576 5605 Sap.
588 5563 604 5607 1,
616 5552 699 5599 ibet
713 5552 765 5605 ttae.
779 5562 804 5607 n,
817 5551 879 5595 as-
889 5550 903 5594 8
913 5552 966 5598 Gerr.
978 5562 1005 5601 n.
1017 5548 1100 5594 tle-⁹
1112 5546 1161 5591 lib.
1174 5545 1228 5590 ille
1238 5545 1291 5589 Gra.
1303 5544 1332 5588 al
1341 5544 1375 5588 ttt.
1387 5542 1600 5598 ama-rorata.
1612 5544 1628 5587 t.
1638 5542 1740 5586 belew.
1752 5550 1770 5585 c.
1781 5547 1816 5581 nr.
