3936 6172
334 360 395 420 erc
836 358 1166 423 erLoctcotttJM
1186 358 1405 422 DOthA‘l'Uld

334 526 387 587 sed
400 525 527 588 elterim
540 530 631 601 num,
646 531 739 605 atquc
758 524 889 606 imperio
912 526 1099 604 continetur,
1151 526 1303 607 speranda
1337 525 1488 586 duntaxat
1494 544 1506 595 ,·
1529 523 1655 604 quando
1685 524 1718 584 in
1742 523 1883 588 libertatem

333 637 426 698 aquo
441 618 597 693 definitur,
613 623 645 679 et
657 618 879 680 determinatur
891 617 974 679 illius
990 618 1103 679 volun·
1150 619 1253 680 vocati
1277 618 1414 679 liliorum
1441 617 1516 694 Dei,
1544 635 1581 679 ac
1608 616 1725 696 peremi
1747 618 1883 697 mortisque

332 715 390 787 tas,
415 715 450 771 ut
477 728 517 770 na
544 710 728 790 promiscue,
753 715 784 772 et
804 709 1017 771 indifferenter
1036 715 1101 771 tarn
1149 710 1316 791 tyrannide
1328 709 1600 791 liberati,utriquc
1608 706 1883 771 insultabimusztlti

332 817 550 878 enumquam
564 799 697 861 alterum
711 800 817 880 possit,
832 799 938 861 sodex
952 799 988 860 iis
1000 799 1102 861 solum
1151 811 1191 864 est
1208 822 1286 864 mom
1304 801 1429 864 ciderio
1449 809 1500 862 tue
1520 800 1535 863 1
1551 800 1607 862 edi
1620 804 1662 860 est
1675 817 1751 859 mors
1773 800 1883 862 stimulus

332 891 420 966 illud,
431 891 515 971 quod
529 891 655 953 domino
665 891 776 970 placet.
1149 892 1255 956 taret?
1826 936 1831 949 ·

371 984 427 1045 III.
451 982 573 1045 Etenim
591 981 771 1046 indifferens
788 982 965 1063 oppositum
980 988 1026 1043 est
1043 1002 1100 1045 nc·
1189 987 1242 1053 IV.
1257 987 1343 1049 Hanc
1372 985 1523 1049 libertatis
1548 983 1707 1047 inimicam
1736 983 1883 1047 mrdtuten

333 1075 474 1137 cessario.
489 1076 704 1137 Necessarium
713 1093 790 1136 voco
804 1073 847 1151 id,
860 1073 1002 1155 qacdnca
1010 1082 1101 1156 petest
1148 1078 1295 1159 graphice
1307 1077 1452 1140 describit
1469 1075 1638 1158 Apostolus
1664 1076 1760 1159 capite
1780 1078 1883 1157 septimo

329 1175 538 1245 accersente
551 1169 763 1231 sanc'lhcma
776 1167 922 1229 definitur
933 1165 955 1243 ¹3
967 1172 999 1229 at
1011 1167 1100 1229 indii·
1148 1170 1286 1250 epistole
1301 1168 1344 1233 cd
1354 1168 1514 1245 Ronmccs,
1530 1174 1600 1231 tum
1612 1168 1883 1247 luculentertlugus

328 1259 442 1337 ferens,
467 1261 550 1340 quod
569 1266 668 1341 potest
694 1279 769 1332 csse,
791 1260 841 1322 vel
861 1278 928 1321 aon
941 1277 1017 1321 esce.
1034 1261 1100 1322 Hoc
1147 1263 1232 1323 tinus
1246 1280 1311 1323 uon
1325 1263 1464 1325 oratione
1485 1265 1625 1332 tantum,
1641 1260 1695 1323 sed
1712 1278 1765 1323 suc
1785 1259 1883 1341 insuper

327 1359 433 1413 autem
458 1358 505 1413 est
532 1352 732 1432 contingens3
764 1348 847 1413 unde
874 1357 905 1413 et
925 1352 1098 1413 necessario
1148 1354 1300 1435 exemplo,
1314 1354 1347 1415 iu
1367 1359 1477 1416 octavo
1491 1352 1570 1415 libro
1586 1350 1882 1432 Confessioaemqmd

328 1445 513 1523 contingens
526 1464 565 1506 ex
575 1445 704 1506 adverso
718 1445 893 1525 respondet.
910 1445 990 1505 Cum
1002 1443 1098 1521 igitur
1146 1451 1290 1527 expertus
1309 1452 1375 1507 erat
1398 1446 1433 1505 in
1453 1462 1486 1507 se
1499 1445 1565 1525 ipse
1584 1444 1882 1506 demonstransinilla

327 1536 461 1597 liberum
472 1538 626 1614 universe,
641 1536 841 1615 absoluteque
852 1540 1012 1615 sumptum
1023 1534 1054 1595 id
1061 1534 1095 1595 in
1146 1537 1256 1618 grandi
1270 1537 1353 1612 rixa,
1371 1536 1579 1616 conflictuque
1601 1535 1703 1597 carnis
1723 1540 1754 1596 et
1773 1535 1879 1615 spiritus¹

326 1646 383 1690 sua
393 1630 524 1697 notione
537 1629 660 1706 habeat,
679 1629 762 1708 quod
775 1646 841 1689 nou
857 1633 902 1688 est
914 1627 1096 1688 adstrictum
1146 1647 1218 1690 cum
1236 1651 1251 1687 r
1265 1628 1479 1691 semisauciam
1491 1629 1551 1691 bec
1566 1632 1660 1709 atque
1680 1624 1879 1701 haererent,

326 1719 381 1782 uni
394 1738 430 1781 ac
452 1726 543 1782 certae
561 1722 617 1793 rei,
638 1738 736 1799 caque
757 1720 931 1795 definitum,
946 1718 1000 1779 sed
1013 1719 1097 1797 quod
1146 1727 1178 1782 et
1186 1721 1318 1800 iactaret
1331 1721 1537 1796 voluntatem,
1553 1737 1626 1780 cum
1643 1719 1702 1779 bac
1713 1723 1793 1798 parte
1804 1735 1880 1777 essu·

325 1813 474 1888 solutum,
490 1818 521 1874 et
531 1813 710 1892 expeditam
723 1809 1098 1883 nexibusomnibushuc
1146 1819 1249 1889 gente,
1279 1831 1351 1875 cum
1377 1813 1540 1891 eliapartc
1563 1811 1693 1873 cadente
1706 1811 1878 1872 lactentem.»

324 1904 375 1965 vel
400 1904 475 1965 illuc
499 1904 620 1965 moveri
643 1909 760 1984 potcst3
789 1922 827 1966 eo
851 1903 918 1983 ipsc
945 1902 1095 1980 sequitur,
1138 1908 1228 1967 -Tum
1255 1905 1289 1967 in
1312 1906 1410 1985 capite
1430 1904 1583 1984 sequenti,
1615 1902 1802 1965 «Undebcc
1812 1919 1881 1963 mon·

328 1995 508 2074 indifferens
529 2014 623 2057 omne
644 1997 677 2057 id
704 2013 785 2071 esse,
809 1996 890 2074 quod
906 1994 1096 2056 estliberum
1149 1997 1384 2076 strum,inquit,
1395 2001 1425 2059 et
1434 2015 1530 2075 quare
1540 1994 1644 2058 istud?
1655 1994 1882 2074 Imperateninu

329 2089 419 2163 adeo,
434 2092 470 2149 ut
482 2107 523 2148 ne
535 2088 701 2167 cogitando
712 2088 838 2167 quidem
847 2086 990 2166 fingialia
1002 2088 1098 2166 possit
1150 2090 1281 2169 corpori,
1309 2095 1341 2151 ct
1361 2094 1488 2168 paretur
1501 2087 1628 2163 statim3
1653 2084 1881 2166 imperataainas

329 2178 483 2240 libertatis
500 2179 592 2257 ratio,
606 2197 699 2259 quam
715 2198 786 2259 qum
806 2178 878 2240 c'um
891 2178 1098 2240 indifferentia
1146 2181 1216 2255 sibi,
1237 2192 1268 2242 et
1290 2180 1452 2243 resistitur.
1481 2180 1620 2260 lmperat
1639 2179 1769 2251 animus,
1790 2182 1880 2237 utnc

324 2271 481 2349 jungitur.
507 2271 609 2345 Quare
634 2271 768 2333 libertati
793 2289 920 2351 prorsus
943 2271 1097 2333 contraria
1145 2277 1255 2334 ventur
1269 2290 1391 2349 manus,
1409 2276 1440 2334 et
1459 2276 1547 2333 tauta
1564 2276 1614 2333 est
1630 2269 1765 2344 facilitas,
1778 2268 1879 2329 utrius

328 2369 373 2426 est
388 2364 564 2439 necessitas,
580 2370 611 2425 et
625 2370 672 2426 est
689 2362 979 2444 edrepugnantiam
992 2363 1098 2442 impli-
1146 2366 1271 2426 servitio
1298 2366 1492 2427 discernatru
1522 2362 1704 2443 imperium.
1732 2363 1765 2422 Et
1785 2360 1880 2421 amnas

328 2462 444 2532 catum,
460 2457 544 2537 quod
557 2462 621 2518 tam
640 2456 822 2518 Calvisiana
840 2454 978 2527 haeresis,
1002 2473 1095 2533 quam
1146 2457 1335 2530 animasset,
1350 2468 1463 2519 manus
1474 2461 1580 2519 autem
1590 2472 1703 2534 corpus
1712 2458 1764 2519 est.
1775 2454 1880 2530 Imperat

329 2548 581 2627 novatheologia
594 2555 769 2610 commenta
781 2553 837 2625 cst,
852 2547 950 2608 solam
964 2546 1098 2609 libertati
1146 2550 1281 2627 animus,
1304 2556 1341 2611 ut
1361 2549 1598 2623 rellitanimus,
1616 2565 1675 2609 nec
1687 2545 1761 2607 altra
1773 2549 1820 2619 cst,
1836 2559 1878 2603 acc

328 2639 503 2719 oppositam
517 2657 583 2701 esse
596 2640 1097 2716 coactionemnoneutemneccs·
1144 2640 1218 2702 facit
1236 2647 1352 2703 tamen.
1378 2641 1467 2705 Unde
1489 2640 1549 2703 hoc
1571 2644 1758 2712 monstrem,
1771 2642 1879 2713 etqnarr

325 2731 451 2792 ritatem
464 2731 647 2812 simplicem.
1145 2732 1248 2795 istud?
1269 2734 1417 2813 imperat,
1443 2733 1584 2812 inquam,
1608 2735 1647 2793 ut
1668 2730 1747 2805 velit,
1769 2726 1816 2806 qui
1831 2743 1877 2786 non

185 2845 268 2889 erasas
365 2822 427 2884 Sed
456 2823 617 2897 libertatis,
643 2823 731 2902 cujus
753 2821 789 2882 in
812 2820 1035 2898 indifferentia,
1066 2828 1097 2885 et
1143 2825 1321 2905 imperaret,
1336 2824 1515 2901 nisivellet,
1530 2829 1562 2885 et
1579 2817 1878 2900 noniit,qnodin1pt·
1946 2872 1947 2885 .

152 2898 299 2996 fflffifff'
322 2915 489 2994 solutione,
515 2916 576 2991 vel,
596 2921 633 2977 ut
650 2916 694 2976 ita
710 2932 821 2976 vocare
840 2915 940 2987 liceat,
959 2914 1095 2995 inellipc-
1144 2923 1202 2980 rat.
1219 2918 1280 2979 Sed
1294 2935 1359 2978 non
1372 2935 1412 2979 cx
1430 2920 1496 2977 toto
1515 2915 1602 2990 vult;
1624 2932 1689 2976 non
1708 2929 1775 2991 crgo
1790 2913 1877 2971 esbb

152 3004 297 3114 ‘tgffig'fl
323 3008 401 3069 acre
420 3011 593 3087 generatim
613 3014 660 3071 est
681 3014 794 3069 natura
817 3012 847 3068 et
869 3005 1000 3083 esseptia
1024 3009 1091 3085 sita,
1143 3009 1290 3088 imperat.
1305 3008 1558 3071 Nemintantum
1571 3007 1716 3086 imperat,
1729 3004 1875 3082 inquantum
1946 3040 1947 3113 ,

264 3091 269 3103 '
321 3100 399 3160 varii
411 3106 484 3162 sunt
497 3102 611 3180 gradus
625 3120 633 3177 ;
648 3107 681 3162 et
699 3106 746 3162 est
767 3100 826 3160 alia
840 3100 1005 3179 perfectior
1020 3100 1092 3178 elia,
1143 3101 1230 3177 vult;
1258 3101 1347 3162 etin
1372 3106 1496 3163 tentum
1523 3117 1588 3163 non
1611 3098 1659 3174 fir,
1674 3095 1754 3177 quod
1764 3095 1874 3173 imperat
1946 3118 1947 3129 ¹

322 3209 379 3269 pro
406 3211 444 3254 eo
458 3212 493 3254 ac
521 3193 571 3255 vel
588 3194 747 3274 pauciora,
770 3193 938 3272 minusque
960 3192 1092 3271 tenacia,
1143 3191 1331 3272 inquantum
1354 3210 1418 3254 non
1446 3192 1556 3266 vult,r
1582 3196 1645 3254 etc.
1670 3191 1764 3263 Quem
1779 3187 1875 3247 demun

320 3285 371 3345 vel
393 3285 479 3346 nulla
505 3303 563 3346 uos
596 3286 725 3346 omnino
758 3284 883 3346 vincula
914 3284 1093 3347 constrictos
1146 3285 1392 3364 raegritudinem
1411 3303 1476 3346 csse
1505 3282 1616 3358 animi,
1645 3281 1725 3350 dicit,
1752 3277 1815 3357 quia
1828 3292 1874 3337 non
1946 3318 1947 3381 ,

321 3381 440 3438 tenent.
472 3376 742 3451 Quemadmodum
775 3394 874 3455 equus
907 3383 962 3439 aut
994 3378 1093 3457 capite
1142 3382 1226 3438 totus
1240 3375 1372 3452 assurgit
1385 3377 1512 3437 ver-ime
1536 3374 1726 3447 sublevatus,
1747 3373 1874 3431 musceta
1946 3386 1947 3449 t

320 3474 430 3542 tenus,
447 3468 564 3529 laxiore
578 3469 770 3548 adpraescpe
784 3469 916 3548 capistro
929 3469 1089 3548 religatur,
1141 3469 1213 3531 dine
1229 3472 1449 3549 pregravatus.
1462 3487 1478 3526 r
1493 3467 1613 3545 ltaque,
1628 3458 1871 3542 rSicaegrolabtm

321 3565 376 3618 aut
396 3560 421 3619 si
440 3565 608 3620 contumax
619 3565 675 3629 est,
691 3560 873 3621 arctioribus
883 3567 949 3623 toto
963 3579 1091 3641 corpore
1140 3559 1215 3637 eit⁹,
1239 3566 1270 3622 et
1292 3559 1499 3633 excruciabar,
1524 3575 1674 3620 accusans
1694 3551 1871 3630 memedpda
1946 3558 1947 3635 t

320 3650 450 3711 nexibus
462 3651 642 3730 impeditur,
657 3656 712 3711 aut
725 3650 857 3730 denique
1140 3652 1231 3714 sclito
1245 3651 1387 3714 acerbius
1398 3652 1504 3728 nimis,
1519 3669 1555 3712 ac
1574 3650 1714 3721 volvens,
1731 3652 1760 3707 et
1777 3656 1872 3705 rannus
1946 3636 1947 3699 l

1139 3761 1191 3806 mc
1214 3745 1248 3805 in
1275 3743 1397 3804 vinculo
1422 3760 1514 3811 meo,
1541 3742 1645 3804 donec
1673 3738 1872 3814 abrumperetur

384 3856 400 3893 e
420 3853 476 3914 per
488 3839 594 3914 aperta
608 3834 732 3907 volans,
749 3852 806 3895 ceu
818 3835 899 3896 liber
912 3836 1054 3912 habenis,
1138 3841 1256 3909 totum,
1271 3853 1334 3915 qao
1351 3835 1417 3914 jam
1428 3833 1540 3913 exiguo
1557 3833 1699 3910 tenebar,
1713 3829 1762 3893 sed
1774 3823 1872 3889 eamr
1946 3856 1947 3919 q

317 3928 475 4009 AEquore,
491 3927 675 3989 vix'summe
689 3926 818 4006 vestigia
837 3928 926 4007 ponit
938 3928 1085 3991 arena¹.n
1138 3933 1286 3990 tamen.»

1178 4021 1217 4081 V.
1238 4021 1309 4081 lam
1334 4017 1496 4097 Pelagieni
1519 4021 1635 4078 statum
1653 4015 1739 4077 illam
1760 4007 1869 4090 captive

323 4111 625 4173 Sicanimusncster
639 4111 905 4192 concupiscentias,
918 4111 969 4172 vel
983 4131 1088 4192 praroe
1137 4128 1305 4190 secumque
1339 4109 1533 4189 confligentis
1560 4108 1870 4203 voluntatis,ncrr01
1946 4114 1947 4209 q

320 4203 553 4265 consuetudinis
570 4209 625 4264 aut
638 4203 783 4265 funiculis
801 4201 953 4282 obligatus
979 4205 1086 4280 haeret,
1137 4202 1279 4283 originali
1293 4202 1673 4278 nemausensem
1685 4196 1869 4278 propagatione
1946 4212 1947 4279 p

319 4299 376 4354 aut
398 4296 485 4375 quari
499 4295 617 4357 vincalo
627 4295 774 4377 plaustri,
790 4301 827 4356 ut
840 4296 884 4356 ait
896 4297 1054 4376 Propheta
1062 4296 1085 4372 ³,
1136 4296 1230 4374 primi
1252 4294 1368 4374 peccati
1389 4299 1494 4355 ortum
1518 4294 1632 4354 ducere
1662 4278 1868 4385 coemerint
1946 4284 1947 4377 l

318 4385 389 4464 plus
402 4387 576 4448 autminus
589 4387 767 4463 innectitur,
790 4394 845 4448 eat
867 4387 1001 4467 denique
1015 4407 1087 4451 cum
1138 4403 1210 4448 cum
1222 4403 1375 4465 quemque
1387 4403 1482 4466 prava
1491 4384 1550 4446 sibi
1558 4375 1867 4445 consuetudinariae.
1946 4384 1947 4453 t

318 4476 413 4537 David
428 4478 510 4538 canit
523 4479 676 4555 exultans,
693 4479 976 4560 Dirapirtivincelc
1001 4500 1085 4558 mec,
1136 4479 1318 4557 eademque,
1346 4496 1409 4557 qua
1426 4483 1602 4539 contractus
1623 4477 1675 4537 hic
1697 4469 1808 4534 morbus
1825 4466 1867 4534 eti,

318 4567 375 4628 tibi
406 4566 576 4649 sacrificabo
599 4569 725 4632 hostiam
739 4569 869 4647 laudir‘,·
896 4577 943 4644 et,
978 4571 1087 4633 Arriae
1135 4571 1305 4647 voluntate,
1325 4570 1404 4631 acri
1418 4569 1516 4631 enimi
1536 4586 1625 4649 posse
1644 4564 1752 4628 sanari
1771 4563 1867 4635 Augur
1946 4568 1947 4659 t

317 4664 423 4722 rostro
441 4659 520 4720 sicut
539 4678 637 4740 passer
650 4667 748 4742 crepta
765 4661 852 4724 estde
865 4662 966 4744 laqueo
981 4683 1086 4725 ccccc-
1134 4664 1220 4724 tinus
1244 4668 1361 4738 contra,
1390 4680 1455 4724 non
1482 4680 1520 4724 ex
1538 4659 1673 4741 propriis
1685 4645 1867 4720 tentumm⁰d⁰
1946 4664 1947 4733 3

316 4748 423 4812 rsumt.
438 4752 539 4831 Atque
552 4752 900 4832 haecperfertalibcrtas
915 4756 978 4826 rix,
992 4774 1029 4817 ac
1046 4775 1087 4818 ne
1135 4754 1264 4832 delictis,
1280 4754 1331 4816 sed
1348 4754 1397 4815 vel
1410 4754 1538 4827 sinaiis,
1552 4751 1777 4815 ueletiamcurn
1788 4743 1867 4812 i'ttffl
1946 4738 1947 4831 l

316 4841 368 4901 vix
382 4843 509 4920 quidem
528 4842 674 4923 cuiquam
695 4844 875 4906 mortalium
899 4846 958 4907 hac
976 4847 1009 4907 in
1023 4849 1086 4910 vita
1134 4852 1255 4908 nstarae
1267 4845 1352 4907 nasci
1364 4846 1595 4924 depravatione,
1615 4849 1647 4905 ct
1667 4837 1798 4903 intestine
1813 4844 1866 4931 ectr

316 4933 505 4996 conceditur.
521 4936 602 4996 Nam
627 4935 746 5013 peccati
769 4953 879 5015 expers
903 4942 949 4998 est
970 4956 1083 5000 nemo:
1135 4937 1332 5018 cupiscentiae
1345 4937 1472 5013 morbo;
1488 4938 1538 4998 cui
1552 4937 1617 4999 sola
1635 4930 1763 4997 curando
1776 4923 1865 4988 Ghtltfl
1946 4932 1947 5005 l

316 5026 508 5087 reatorem
531 5026 804 5104 eutemsecruw,
832 5029 941 5091 saltem
964 5029 1083 5103 levium,
1135 5029 1388 5111 gratiasufficiat.
1811 5104 1816 5118 Ι

315 5116 482 5193 criniculis,
511 5123 547 5178 ut
572 5135 624 5180 eos
647 5124 736 5180 vocat
749 5122 960 5200 Augustinus,
995 5141 1083 5182 anns-
1174 5124 1365 5202 Quapropter
1374 5122 1408 5181 in
1417 5110 1770 5197 Adamonihilejmmodi
1780 5108 1865 5169 fuiss

314 5208 446 5291 quisque,
460 5210 677 5292 ecretrrirpttar.
692 5212 801 5292 Itaque
812 5219 883 5293 post
894 5214 976 5275 hanc
988 5213 1085 5275 vitam
1134 5231 1215 5294 ssepe
1240 5212 1324 5274 idem
1346 5213 1452 5288 docet;
1469 5211 1523 5273 sed
1536 5228 1659 5273 summa
1669 5206 1794 5270 fibertate
1805 5209 1865 5276 lif*

340 5439 352 5481 t
367 5437 391 5479 la
405 5436 414 5480 1
427 5449 448 5492 p.
463 5449 501 5493 qa.
523 5449 600 5488 amu.
616 5451 636 5483 a.
652 5439 725 5484 1-1
738 5440 798 5496 virg.
810 5436 887 5496 deora.
900 5441 1047 5487 rra-tim.
1062 5453 1084 5493 r,
1097 5442 1159 5486 m-
1170 5441 1183 5485 t
1196 5442 1232 5487 Pr.
1243 5452 1290 5492 err,
1302 5441 1359 5486 td·
1374 5440 1435 5485 51²⁸.
1447 5450 1521 5490 crrrrr.
1531 5441 1574 5486 7.-
1592 5438 1672 5493 cing.
1685 5425 1862 5480 inserem-

314 5499 327 5542 't
341 5498 409 5544 chr.
422 5501 507 5545 rra-8
519 5503 577 5555 Aug.
588 5501 637 5545 tllt
650 5502 711 5555 cont.
724 5515 772 5559 cap.
786 5516 863 5549 rua·
873 5503 888 5546 a
900 5503 955 5560 Gap.
966 5516 997 5548 rr.
