4122 6184
323 350 365 409 ⁷⁴
830 363 1154 429 Tunatoulcoauu
1173 365 1391 430 meusium

324 521 474 587 excitatus
482 523 564 591 adse
575 526 818 607 unigenitum
831 548 923 593 suum
937 533 1092 612 privatum
1144 535 1207 593 lieo
1226 533 1364 613 aequalis,
1386 534 1451 594 imo
1468 532 1569 613 major
1583 533 1726 595 existere.
1741 551 1757 589 ιι
1777 533 1913 593 interro

324 610 456 690 honum,
471 619 670 700 presumpsit
693 621 732 685 de
747 622 914 687 altitudine
929 624 1048 701 hahita,
1063 630 1094 686 et
1143 626 1230 703 panti
1243 626 1353 687 ‹leinde
1357 623 1910 706 ,equomoeomejouvelequelists

325 705 457 769 ambivit
477 710 692 777 excellentiam
714 715 884 794 propriam,
907 722 1094 783 nontamen
1144 719 1333 797 respondet.
1351 719 1541 781 «Meliorem
1549 725 1677 789 statum
1688 734 1783 796 quum
1794 732 1823 776 er
1814 717 1915 777 bens

329 796 500 877 obtentam
516 820 552 862 ae
565 820 621 882 par
634 805 923 885 haspraesumeudo
937 810 1048 871 conatu
1048 809 1096 875 uit
1144 808 1286 886 dedisset,
1313 810 1412 871 voluit
1431 812 1493 871 beo
1517 810 1616 871 invito
1634 809 1784 889 arripere
1799 814 1831 870 at
1845 808 1916 868 aliis

326 889 422 951 sesrbr
433 909 593 961 summum
601 894 721 960 bouum
729 898 1091 980 rasarpsoquiesoendou
1145 918 1201 980 per
1222 903 1447 1007 tyrannidem
1438 920 1603 983 imperare.
1629 924 1641 959 ι
1668 902 1824 962 Nimirum
1849 918 1916 962 non

327 979 401 1042 Huc
413 985 497 1049 enim
517 987 571 1051 illa
589 989 645 1051 Dei
665 990 835 1055 similitudo
849 999 906 1070 est,
925 994 1096 1056 secundum
1145 993 1282 1073 proprie
1294 1012 1329 1054 ac
1338 994 1442 1074 reipsa
1454 996 1516 1057 Deo
1530 995 1705 1073 majoresne
1718 998 1913 1066 conatusest,

326 1076 595 1155 qusmhomiaem
612 1081 652 1143 ad
670 1082 751 1143 Dei
742 1085 912 1162 imaginem
934 1085 1070 1149 fectum
1063 1105 1097 1148 ιιι
1146 1086 1627 1192 sedmterpremtionequadam3
1649 1086 1917 1166 quemadmodum

329 1164 489 1246 Scriptura
507 1170 569 1235 dici
585 1173 831 1252 chrysostomus
856 1178 970 1257 aliique
989 1180 1048 1240 Pet
1035 1183 1097 1241 tres
1145 1179 1182 1251 is,
1202 1178 1256 1259 qui
1275 1179 1427 1240 voluntati
1449 1198 1514 1241 suse
1531 1185 1639 1241 contra
1659 1180 1712 1240 bel
1733 1179 1917 1240 mandatum

327 1257 582 1340 interpretantur,
598 1270 634 1324 ut
651 1265 712 1326 elio
730 1266 799 1329 locu
818 1269 999 1345 docuimus3
1015 1271 1097 1350 quod
1147 1269 1350 1350 obtemperat,
1366 1271 1632 1334 Deosaenteferra
1646 1272 1769 1333 dicitur

327 1347 395 1410 ideo
405 1360 583 1433 procreatus
597 1356 645 1433 sit,
662 1363 697 1418 ut
710 1357 913 1424 dominaretur
927 1362 1025 1423 destris
1038 1370 1096 1425 ter-

327 1460 381 1521 me,
407 1462 443 1507 oc
457 1446 590 1526 piscibus
611 1450 715 1526 mures,
741 1452 794 1513 sed
811 1453 855 1515 ita
869 1461 986 1530 tamem
1012 1462 1048 1517 ut
1065 1473 1098 1517 se
1530 1508 1533 1514 .

327 1534 390 1596 Deo
415 1537 671 1617 subiectumesse
692 1561 757 1609 nou
779 1545 965 1625 intelligeret
991 1548 1096 1624 modo,
1364 1534 1571 1616 CAPUT
1612 1535 1690 1613 ΙΙΙ.

326 1645 437 1691 verum
463 1630 557 1695 auam
574 1630 685 1711 libens,
714 1654 749 1697 oc
777 1638 884 1716 volens
916 1644 1095 1718 pateretur;

329 1720 413 1800 quod
426 1723 579 1804 superbus
596 1726 649 1787 ille
668 1735 807 1808 apostata
823 1731 992 1793 detrectare
1006 1750 1099 1795 ausus

328 1819 385 1890 Ost,
400 1832 436 1875 &⁰
456 1834 627 1897 summum,
651 1824 683 1882 et
702 1823 848 1895 αὐτοκρατὲς
868 1824 903 1887 in
922 1843 972 1886 res
990 1842 1099 1887 omnes
1149 1828 1195 1892 De
1212 1825 1367 1889 rebellium
1401 1823 1582 1904 Ampelorum
1611 1822 1753 1905 principe
1785 1822 1918 1886 diabolo.

328 1906 495 1987 imperium
508 1911 557 1972 vel
575 1918 648 1975 voto
664 1918 765 1991 mnus,
789 1920 821 1976 et
839 1916 926 1977 inani
947 1916 1098 1979 desiderio
1192 1919 1273 1982 Unde
1289 1918 1340 1979 doe
1355 1916 1409 1979 iiii
1420 1934 1533 1978 uomem
1558 1916 1666 1979 Utrum
1684 1933 1838 1997 supremae
1849 1916 1920 1977 Au-

328 1999 501 2079 oonoipere.
526 2003 591 2067 Hoc
608 2004 693 2067 euim
706 2007 824 2086 peccati
840 2026 954 2087 genere
966 2009 1030 2072 labi
1043 2027 1100 2089 po-
1187 2013 1320 2094 yelorum
1334 2009 1463 2070 munium
1477 2009 1582 2089 suerit.
1602 2008 1702 2071 Varie
1715 2008 1750 2069 de
1760 2028 1792 2069 eo
1805 2019 1921 2070 seuseu-

327 2091 423 2155 tuisse
431 2092 596 2173 Angelum,
610 2115 704 2159 nemo
715 2098 874 2163 diffitetur.
890 2102 957 2176 Quo
971 2101 1098 2181 quidem
1189 2113 1252 2165 tter.
1274 2101 1467 2164 ProduiiIius
1488 2118 1701 2163 essesummum
1726 2100 1813 2161 ilium
1836 2101 1923 2161 iuter

326 2184 435 2249 referri
446 2192 547 2266 potest
559 2189 629 2257 hoa,
645 2192 729 2271 quod
740 2192 896 2254 Honorius
905 2194 1100 2274 Augustodu-
1188 2194 1317 2275 Ampelos
1339 2193 1440 2274 suum.
1460 2191 1575 2267 Esaiae,
1589 2201 1617 2253 et
1631 2191 1793 2254 Ezechielis
1809 2191 1873 2251 ioca
1887 2189 1924 2252 de
2030 2202 2031 2223 ¹

327 2277 431 2339 nensis
452 2278 485 2339 in
504 2280 584 2343 libro
605 2281 641 2347 de
665 2283 940 2359 Prudestiuotioue,
961 2294 988 2348 et
1008 2287 1099 2349 libero
1183 2288 1323 2368 Luetsero
1333 2304 1347 2364 ‚⁴
1365 2295 1393 2347 st
1413 2292 1560 2367 quotenus
1581 2285 1634 2347 des
1657 2284 1712 2345 ilii
1733 2302 1835 2344 mmeu
1854 2302 1924 2344 eou-

327 2368 455 2437 arbitrio
465 2374 602 2455 prodidit
617 2374 640 2437 ¹.
660 2377 829 2441 uSimilem
848 2379 1006 2441 Altisslmo
1028 2379 1098 2441 ilie·
1190 2380 1286 2459 presit.
1313 2379 1381 2440 Post
1402 2377 1514 2459 lapsum
1531 2377 1667 2437 memisse
1690 2376 1724 2438 iu
1744 2374 1925 2437 demonibus

326 2460 436 2524 bolum
447 2464 560 2529 eofieri
573 2467 720 2545 voluisse,
730 2471 816 2549 quod
829 2472 911 2532 neus
919 2471 979 2535 diei
988 2472 1097 2541 voluit,
1190 2469 1336 2552 produum
1349 2468 1518 2531 disem'meu.
1542 2467 1605 2531 Cur
1623 2476 1714 2549 ceput
1726 2468 1923 2547 reproborum

328 2559 358 2614 et
370 2560 406 2615 ut
421 2557 502 2621 Deus
515 2557 554 2621 ab
573 2559 700 2641 Angelis
716 2563 850 2627 adorari.
871 2585 883 2620 ι
915 2561 1099 2641 Hujusmodi
1191 2563 1308 2625 dicotur
1332 2561 1472 2624 Diodotus
1482 2582 1496 2639 ;
1514 2570 1544 2623 et
1563 2561 1702 2643 quomodo
1720 2561 1753 2621 iu
1763 2566 1923 2641 peccatum

328 2645 448 2709 Diaboli
460 2656 622 2728 peccatum
637 2658 721 2714 recto
740 2655 933 2733 Augustinus
948 2655 988 2719 od
1006 2657 1098 2718 Psoi·
1191 2656 1270 2717 ulios
1295 2655 1435 2717 traxerit.
1469 2654 1577 2717 Utrum
1608 2659 1733 2729 statim,
1765 2661 1924 2734 postquam

326 2758 408 2801 mum
435 2758 491 2805 ιιι
529 2743 708 2825 descripsit:
739 2767 754 2804 ι
786 2748 893 2823 Porro,
921 2748 1050 2828 inquit,
1074 2750 1099 2810 si
1191 2749 1283 2809 creati
1302 2753 1382 2815 suut,
1407 2747 1673 2824 peccaverimus
1686 2745 1807 2806 subinde
1831 2745 1922 2807 ets'mrr

325 2849 468 2911 perverse
479 2836 612 2901 voluterit
625 2837 740 2903 imitari
752 2839 861 2909 Deum.
873 2846 918 2915 ut,
935 2859 1051 2920 quomo
1060 2842 1100 2903 do
1189 2848 1254 2921 port
1277 2839 1392 2920 lapsum
1414 2836 1520 2920 dejecti
1541 2836 1667 2919 fisemiu.
1692 2836 1821 2900 .Vemesii
1843 2835 1925 2897 locus

328 2925 409 2991 usus
422 2946 487 2989 uon
501 2928 596 2993 habet
608 2948 628 2993 a
641 2948 704 3008 quo
717 2932 878 3001 formetur,
892 2950 955 2997 noa
975 2932 1101 2995 habeta
1192 2931 1364 2993 illustratus.
1384 2930 1454 2992 Nou
1474 2928 1572 2991 uideri
1589 2933 1690 2990 statim
1712 2927 1865 3005 excidisse,
1887 2946 1927 2989 ea

327 3026 537 3098 quoregatur,
553 3022 596 3083 sic
613 3022 679 3102 ipse
699 3023 774 3085 velit
791 3043 848 3089 sua
870 3029 1019 3104 potestate
1041 3026 1100 3100 uti,
1192 3024 1383 3105 suiipsorum
1412 3023 1564 3089 sententio,
1603 3021 1758 3083 Cassianus
1789 3026 1924 3081 notatur.

327 3115 374 3183 ut,
397 3114 553 3190 quomodo
581 3116 673 3188 Deus,
702 3117 790 3179 nullo
818 3117 984 3191 formante,
1014 3117 1102 3183 nullo
1194 3114 1302 3180 Utrum
1314 3133 1381 3191 uuo,
1406 3132 1446 3175 ιιιι
1457 3113 1598 3195 pluribus
1612 3114 1739 3194 peccatis
1760 3112 1839 3194 tapsi
1850 3114 1924 3189 siut,

328 3210 455 3285 regante
479 3207 578 3281 vivan
608 3208 684 3286 quid
711 3214 816 3286 restat,
840 3209 960 3286 iratres,
989 3209 1049 3273 uisi
1067 3215 1103 3271 ut
1194 3207 1270 3277 Cur,
1279 3212 1439 3289 postquam
1453 3205 1542 3268 mmet
1551 3213 1724 3287 peccorum,
1741 3213 1846 3286 ueyuto
1859 3203 1927 3266 illis

328 3298 475 3363 recedens
488 3299 527 3359 ub
539 3299 607 3378 eius
621 3299 723 3362 calore
734 3306 900 3378 torpescat,
920 3302 1068 3365 recedens
1084 3320 1103 3367 s
1192 3310 1232 3361 est
1243 3300 1335 3361 osum

329 3391 458 3455 veritate
470 3395 625 3464 vanescat,
639 3392 786 3454 recedens
800 3394 888 3455 abeo
892 3395 999 3473 ,quod
1012 3412 1101 3459 sum

329 3502 391 3547 ms
417 3488 509 3565 atque
528 3484 811 3564 incomparabiliter
834 3492 891 3562 eat,
913 3486 946 3546 in
966 3486 1102 3553 deterius
1192 3487 1216 3547 l.
1245 3487 1455 3560 Desertorum,
1491 3502 1526 3545 au
1558 3483 1723 3544 rebellium
1756 3483 1924 3563 spirituum
1992 3536 2031 3588 Qu.

331 3575 625 3639 mutatusdeficiatl
638 3578 704 3638 Hoc
719 3576 866 3641 Diabolus
879 3578 970 3653 fecit,
987 3579 1102 3643 imitari
1151 3578 1295 3657 princeps
1317 3576 1415 3650 funs
1407 3594 1445 3652 ss,
1471 3577 1524 3655 qui
1547 3576 1701 3656 exemplo,
1726 3576 1777 3635 vel
1794 3575 1923 3636 hortatu
1960 3590 2031 3701 reisue

332 3670 432 3731 Deum
456 3668 565 3741 voluit,
595 3669 649 3731 aed
670 3686 832 3749 perverse3
856 3686 921 3731 non
948 3686 1013 3731 esse
1043 3669 1102 3731 sub
1151 3669 1391 3730 suocaterosia
1405 3668 1532 3729 ruinam
1545 3668 1752 3748 praecipitasse
1766 3658 1971 3742 creditur3⁸
1916 3652 2031 3755 „¹'„·„'„

332 3759 415 3821 illius
441 3765 600 3841 potestate.
638 3762 691 3823 sed
723 3760 837 3825 habere
872 3766 980 3823 contra
1012 3762 1102 3829 illum
1152 3762 1206 3841 qni
1225 3768 1256 3822 et
1273 3761 1428 3832 Diabolus,
1450 3765 1481 3821 et
1498 3761 1638 3832 Satanas,
1659 3765 1690 3821 et
1706 3759 1802 3838 uulgo
1830 3760 1927 3823 etiam

331 3857 527 3932 potestatem.
546 3875 558 3913 ι
1152 3852 1276 3915 Lucifer
1292 3852 1484 3913 nominatur
1491 3851 1926 3931 Namdiabolumareliquis,
1991 3912 2031 3960 uu

372 3945 499 4011 XXVII.
523 3949 563 4009 At
586 3943 719 4025 cyrillus
735 3942 815 4005 libro
833 3945 901 4005 V
887 3964 920 4005 m
946 3944 1099 4021 Jouuuem,
1151 3964 1231 4026 quos
1253 3946 1421 4020 daemones,
1447 3949 1477 4005 et
1498 3943 1631 4022 Angelos
1658 3943 1739 4004 illius
1765 3943 1926 4022 Scriptura
1951 3967 2025 4013 ιιιιιι

332 4038 498 4099 naturum
489 4054 589 4118 rpsam
603 4036 774 4099 divinitatis
788 4036 943 4099 affectasse
955 4039 1102 4099 Semuam
1151 4037 1265 4100 vocet·
1270 4044 1351 4114 ,tam
1364 4037 1432 4097 berc
1445 4042 1576 4116 separat,
1593 4052 1688 4115 quam
1701 4038 1928 4097 Patmmveta-
1956 4028 2031 4135 „2²2ss

332 4135 441 4211 putat:
471 4130 609 4205 uFulsa,
638 4129 751 4210 inquit,
779 4130 925 4210 opinione
951 4130 1103 4209 persuasit
1151 4148 1223 4192 rum
1240 4130 1391 4210 plerique
1412 4130 1650 4208 chrysostomus
1664 4129 1747 4208 apud
1774 4128 1926 4189 Photium
1965 4126 2031 4224 ‘affl

333 4221 401 4293 sibi,
417 4239 505 4300 posse
520 4222 1103 4285 creaturamednaturamsuicreatoris
1152 4225 1207 4295 ait,
1238 4222 1379 4302 «saepius
1398 4223 1431 4280 in
1453 4221 1611 4301 Scriptura
1632 4221 1797 4282 draconem
1818 4221 1927 4281 vocari
1971 4193 2011 4278 Γιι
2014 4240 2031 4274 ιι

333 4313 509 4387 escendere,
525 4315 577 4375 et'
569 4333 602 4377 m
615 4314 850 4377 eodemthrono
863 4332 1016 4381 sessuram
1030 4332 1102 4374 cum
1151 4315 1323 4387 diabolum,
1344 4319 1376 4375 et
1400 4320 1576 4393 serpentem
1587 4312 1793 4374 flexuosuml.
1810 4314 1937 4373 »tum

290 4467 297 4481 ,
335 4407 472 4468 universi
495 4411 613 4469 restore
641 4407 734 4466 Deoa
740 4428 787 4467 ‚a
817 4406 935 4467 Verum
961 4414 1031 4486 φῦσιι
1059 4404 1103 4465 11ιί
1151 4407 1212 4468 hoc
1229 4405 1273 4467 illi
1291 4423 1408 4467 nomeu
1422 4406 1464 4467 ait
1491 4426 1507 4461 ι
1526 4405 1634 4482 tribui,
1651 4424 1715 4466 non
1736 4405 1927 4484 quodradix

335 4499 422 4573 dixit,
439 4498 559 4578 opinor,
577 4515 634 4577 pro
646 4497 792 4574 naturali,
808 4504 839 4559 et
851 4498 975 4578 propria
990 4497 1102 4559 divini·
1152 4500 1192 4560 sit
1203 4498 1340 4574 malitim,
1362 4504 1398 4558 ut
1416 4503 1558 4558 asserunt
1577 4498 1749 4569 Manicbaei,
1765 4496 1819 4557 sed
1839 4496 1925 4601 quod

334 4591 407 4651 tatis
425 4590 536 4669 gloria.
552 4590 717 4653 Anselmus
734 4608 808 4652 vero
825 4592 860 4651 in
880 4588 1101 4664 Elueidotorio,
1153 4593 1285 4673 imperet
1305 4589 1509 4665 daemonibus,
1532 4595 1562 4650 et
1580 4594 1688 4650 auctor
1702 4590 1925 4653 eorumeuinae

336 4700 402 4745 nou
430 4682 583 4761 equdem
603 4683 698 4744 modo
722 4683 797 4757 lieo,
821 4682 875 4743 sed
898 4699 1048 4761 msyorem
1071 4699 1104 4743 se
1151 4682 1280 4744 buerit.
1298 4682 1530 4743 »biedcanncs
1543 4689 1558 4742 t
1571 4689 1703 4759 ιηστειτις
1716 4680 1849 4742 iutomo
1862 4682 1990 4780 Vllm

335 4793 401 4837 asse
414 4775 547 4835 voluisse
561 4773 666 4834 scribit
679 4772 859 4837 mimium:
873 4774 1105 4837 uCumvideret
1154 4792 1285 4854 operum
1315 4773 1547 4853 Chrysostomi,
1582 4772 1759 4848 diabolum,
1795 4729 1991 4853 ejusque&

335 4886 377 4940 se,
394 4866 506 4946 inquit,
522 4884 630 4928 omnes
647 4866 835 4945 Angelomm
854 4867 977 4927 ordines
991 4866 1102 4945 gloria,
1154 4867 1310 4927 daemones
1323 4865 1481 4926 discernit.

335 4964 367 5021 et
379 4960 490 5020 decore
502 4959 690 5038 praecellere,
705 4958 815 5038 spretis
833 4958 989 5032 omnibus,
1006 4957 1104 5019 voluit
1196 4959 1242 5018 lta
1253 4957 1460 5019 Tertullianus
1472 4956 1553 5017 libro
1560 4956 1669 5035 quinto
1677 4964 1779 5016 eontra
1793 4955 1925 5017 Mor-eio-

372 5202 394 5242 a
412 5186 478 5241 Clu.
495 5184 574 5241 Vtra
593 5187 679 5241 Joou.
707 5183 865 5256 Ἔφαντάαθιι
878 5184 926 5257 γὰρ
947 5184 1063 5239 δύνασθαι
1076 5184 1106 5238 ab
1192 5180 1293 5268 qud.
1313 5199 1445 5238 ccxxxvii.
1465 5179 1523 5235 Ὅτι
1543 5182 1665 5255 δράκοντα
1684 5182 1830 5251 mummii
1813 5182 1925 5259 ἡγραφὴ

336 5268 434 5338 ποιηθὲν
457 5267 490 5330 εἷς
509 5268 554 5336 τὴν
574 5271 618 5321 τοῦ
633 5267 780 5335 ποιήσαντος
805 5267 923 5335 mutuum
953 5269 1042 5339 ydola,
1065 5269 1107 5320 καὶ
1155 5268 1229 5321 καλεῖ
1239 5249 1281 5319 rb
1293 5265 1419 5330 διάὸαλοι,
1429 5264 1471 5317 aet
1485 5264 1540 5336 ὅφιν
1553 5265 1662 5320 molitu.

338 5355 467 5425 αυιθρόνιιι
482 5351 578 5407 ἔσεσθαι
591 5358 628 5425 τῷ
641 5351 739 5405 πάντων
705 5350 835 5423 ωιέχαιτι
848 5351 877 5405 τὸ
888 5352 977 5423 κράτος
990 5351 1047 5424 θεῷ.
1192 5349 1313 5405 ulliox:
1331 5347 1429 5420 θιίχΗ
1415 5368 1450 5409 ως
1471 5348 1525 5419 ῥίζα
1544 5348 1647 5412 κακίας,
1671 5348 1706 5409 ὥς
1720 5367 1792 5419 φασιν
1807 5349 1831 5402 ol
1843 5350 1926 5403 Μανι

1156 5434 1236 5505 ysici
1263 5430 1319 5484 ἀλλ’
1342 5431 1505 5505 ὡςκατάρχω
1484 5450 1518 5484 ων
1541 5437 1592 5485 τῶν
1606 5432 1739 5502 δαιμόνων,
1754 5432 1796 5485 sul
1818 5432 1928 5505 ἀρχηγὸς

368 5536 376 5579 t
389 5535 451 5579 'lom
465 5535 491 5578 lx
501 5536 556 5579 Bttl.
569 5536 657 5579 eura·
666 5533 681 5577 2
691 5533 766 5578 ιιαιιιι.
780 5543 829 5581 ιιι,
842 5532 874 5574 ιι.
1159 5513 1239 5575 αὐτοῖς
1252 5519 1295 5581 τῆς
1309 5511 1451 5576 ἐκπτώσεως
1459 5515 1567 5585 γεγονώς
