3932 6172
419 328 659 400 uuortmclo
680 333 754 399 eux
774 331 941 415 utuuuu,
967 341 1039 404 uu.
1062 344 1115 406 ιιι.
1138 343 1222 406 aar.
1246 302 1293 403 us
1350 312 1357 321 “
1586 343 1643 404 sol

84 504 283 582 Hieronymus,
297 502 587 578 mmatarbitrium
611 507 648 566 ut
664 501 830 569 inutrnm·
879 506 929 567 oui
943 508 1051 569 mure
1073 508 1264 591 potissimum
1292 505 1429 583 nune,
1450 512 1554 568 utrum
1576 505 1648 581 diis,

85 613 136 676 que
154 599 278 674 partam,
299 613 364 658 non
387 614 426 657 ex
441 594 622 677 praejudicio
642 594 710 671 Del,
726 594 779 655 sed
793 611 832 655 ax
881 598 988 680 quitto
1013 601 1177 664 saos’eruat
1193 607 1297 682 patras
1318 598 1409 671 uentri
1428 598 1459 661 ia
1481 598 1649 680 Mesopota-

85 686 186 751 meritis
196 686 401 766 singulorum,
416 688 466 751 val
478 706 582 768 poenn,
596 687 647 750 vel
666 686 833 767 prmmium
881 696 984 766 tunm,
1000 711 1039 754 no
1051 692 1110 755 otiis
1122 691 1375 772 emesenorum,
1386 691 1418 752 oio
1431 708 1555 772 qaorum
1570 695 1651 751 tutu

85 781 155 843 situ
176 780 235 841 Nes
252 797 318 840 nou
338 779 468 841 Basilius
487 780 529 843 ad
552 779 697 841 eumdem
714 778 831 851 locum,
883 782 1031 847 dubitetis.
1049 785 1117 867 Epo
1131 791 1246 859 sutem,
1262 789 1291 846 ot
1303 782 1404 849 domus
1418 802 1481 851 meo
1494 783 1653 846 scrutemur

88 873 169 935 11101
180 870 314 933 maxime
334 871 415 950 loco,
438 871 550 951 lnquit,
571 871 658 933 velut
674 871 714 933 ob
728 869 834 931 0611101
885 875 1038 939 Domino&
1062 877 1261 947 Reclamante
1267 895 1341 939 vero
1354 875 1482 957 populo,
1497 882 1529 937 et
1545 894 1577 937 se
1590 876 1652 936 Do.-

85 963 379 1026 exiuibetlibertutem
402 964 521 1025 arbitrii
544 970 664 1026 naturas
686 965 833 1026 humana
882 970 1005 1031 minum
1019 972 1119 1032 Deum
1132 969 1285 1032 anteferre
1297 969 1417 1033 caeoeris
1430 968 1651 1054 vellediceuto,

84 1057 190 1119 inuiam
198 1066 223 1117 ⁶.
238 1077 254 1116 o
271 1056 366 1136 Atqui
378 1056 558 1118 mortalium
571 1057 715 1118 amulum
728 1055 833 1117 detsr-
882 1061 975 1122 mnae
987 1080 1113 1124 rursum
1126 1062 1231 1139 Josuo,
1244 1067 1276 1124 at
1288 1066 1324 1122 ut
1336 1060 1461 1123 illorum
1472 1060 1571 1140 magis
1578 1060 1654 1122 luci-

84 1151 164 1212 amos
181 1148 349 1228 alloquitur
370 1148 415 1209 ibi
438 1148 599 1221 Dominus,
625 1154 668 1226 at,
687 1155 722 1209 ut
734 1147 833 1211 libero
882 1155 1083 1232 taretstudia,
1098 1154 1281 1216 deterrentis
1295 1152 1406 1233 specie,
1422 1150 1490 1214 Non
1500 1152 1651 1234 poteritis,

84 1242 127 1304 ullo
149 1240 273 1303 arbitrio
294 1240 475 1317 aurelini,
495 1240 782 1319 udpmnitautium,
804 1244 835 1301 ot
881 1244 995 1325 inquit,
1021 1250 1132 1323 moire
1158 1245 1296 1308 Domino.
1325 1244 1404 1307 Deus
1424 1244 1501 1306 enim
1524 1252 1650 1323 sanctus,

84 1335 195 1399 aluum
207 1352 262 1395 eos
273 1333 428 1395 humatur.
444 1333 527 1394 Inest
539 1332 633 1412 igitur
647 1332 681 1392 iu
694 1332 835 1412 possimis
883 1342 911 1399 et
924 1338 1017 1419 sortis
1032 1339 1191 1403 oemelutor
1210 1347 1266 1413 θείς
1286 1356 1337 1399 oea
1357 1338 1486 1419 ipooseet
1499 1336 1653 1399 natarum

84 1426 160 1488 otum
181 1425 363 1489 hominibufl
389 1425 539 1487 naturalis
561 1424 688 1489 facultas
715 1424 835 1486 arbitrii
883 1420 994 1505 cestria
1011 1437 1070 1494 eto.
1082 1433 1148 1494 Hoc
1160 1431 1314 1493 veroloco
1328 1430 1419 1491 liberi
1432 1428 1564 1506 arbitrii,
1580 1428 1655 1490 liba·

84 1518 166 1595 nni,
180 1537 242 1599 quo
255 1517 557 1593 assandunam
570 1523 719 1598 possuntt
732 1535 835 1597 necue
883 1542 989 1604 neque
1002 1521 1653 1604 musumuommstnmvimnnnemu·

85 1616 127 1672 sut
137 1611 310 1673 amenitate
323 1615 464 1691 peceant,
479 1615 533 1673 aut
547 1628 612 1671 non
632 1609 673 1671 ad
687 1609 835 1673 virtutem
882 1621 958 1689 tem,
972 1620 1040 1677 tum
1054 1615 1167 1695 agendi
1184 1615 1314 1676 modurn
1328 1615 1474 1694 graphica
1493 1614 1654 1693 Scriptura

85 1704 166 1765 redire
185 1708 326 1783 possum,
356 1702 383 1767 si
411 1703 551 1765 vocantis
576 1720 609 1763 se
636 1701 691 1764 Dei
714 1702 833 1782 gratim,
884 1708 1061 1787 descripsit3
1081 1708 1165 1787 quod
1186 1724 1281 1768 nemo
1300 1713 1405 1786 neget,
1423 1704 1483 1771 uisi
1494 1706 1547 1787 qui
1562 1706 1654 1769 meri«

86 1812 320 1876 nunnunquam
341 1795 438 1865 detti,
460 1794 634 1859 uusctnltnoa
655 1794 762 1855 velint.
778 1795 834 1855 His
885 1799 935 1861 dia
956 1800 1060 1863 lucore
1076 1818 1141 1861 non
1162 1805 1260 1880 putot.
1287 1799 1328 1860 tt
1346 1799 1463 1861 ibidem
1483 1797 1606 1859 nullum
1620 1797 1654 1856 ln

85 1888 171 1949 affinis
192 1888 330 1968 (tyrillus
358 1887 587 1949 Alexandrinus
622 1886 662 1947 ad
688 1886 834 1949 eumdem
885 1891 1214 1972 exprimendopopuli
1228 1909 1390 1967 consensu,
1405 1890 1573 1952 noumodo
1587 1888 1653 1951 vio-

87 1981 251 2062 Propbetnm
264 1979 443 2056 adnotarit3
465 1981 519 2042 scd
539 1980 616 2041 meo
629 1979 836 2041 luculentiora
885 1984 1001 2058 lentim,
1026 1985 1079 2046 sed
1093 2001 1194 2063 nequa
1214 1984 1405 2045 necessitatis
1417 1982 1569 2044 maiatum
1588 1999 1653 2042 oer-

87 2073 315 2153 etespressiora
342 2073 469 2147 asteris,
499 2077 536 2134 ut
561 2071 711 2152 pleniori,
739 2090 835 2152 mam
885 2076 982 2138 uitur.
999 2075 1093 2138 Plena
1106 2074 1253 2137 utriusvis
1266 2073 1473 2155 (quocumque
1486 2074 1519 2135 id
1528 2072 1655 2136 taudem

87 2165 432 2247 ubiudcfflgrediamur,
443 2165 643 2246 disputationi
649 2165 836 2227 reservanda
885 2169 990 2233 auimo
1007 2168 1115 2230 facerit
1128 2169 1241 2243 iosue;
1258 2168 1297 2229 da
1311 2186 1373 2247 quo
1388 2167 1481 2228 modo
1503 2185 1569 2228 non
1591 2166 1656 2245 agl·

87 2257 143 2321 siut
884 2258 946 2343 tur)
962 2261 1100 2341 optandi,
1112 2259 1450 2340 eligendiquepotestas
1459 2257 1652 2333 ostenditur;

117 2351 174 2413 iil.
188 2352 326 2428 legatur
334 2368 409 2417 sone
417 2355 520 2412 totum
528 2348 607 2412 illud
614 2349 716 2415 Esaiae
730 2356 833 2433 eaputr
885 2358 921 2414 ut
932 2353 1020 2433 quasi
1036 2370 1196 2432 suspensa,
1217 2357 1249 2414 et
1262 2352 1296 2412 in
1310 2351 1412 2413 medio
1430 2350 1531 2431 posits
1547 2350 1658 2411 uolun-

87 2442 138 2504 imo
154 2444 333 2524 prophetica
356 2442 462 2507 omnia
484 2442 609 2523 scripta,
639 2448 731 2523 atque
758 2443 836 2505 odeo
885 2449 931 2506 tas
950 2445 1096 2521 alterurn,
1121 2444 1205 2524 quod
1221 2442 1316 2522 volet,
1337 2461 1355 2504 a
1374 2442 1497 2504 duobus
1519 2441 1654 2504 asciscat.

89 2534 225 2617 Scriptura
242 2536 391 2597 universa
412 2540 581 2615 repetatur,
608 2553 678 2615 quae
699 2535 837 2596 cohorta-
885 2538 926 2597 Et
946 2536 1015 2597 luaec
1040 2536 1138 2616 igitur
1156 2553 1240 2613 vara,
1268 2539 1362 2609 certa,
1379 2534 1487 2612 solida,
1515 2540 1547 2595 et
1565 2532 1658 2595 unica

89 2627 211 2706 tionibus,
226 2627 400 2704 blanditiis,
425 2626 712 2707 pollicitationibus,
729 2627 834 2706 minis,
887 2628 1039 2689 libertatis
1054 2627 1235 2707 arbitriique
1248 2626 1340 2691 liberi
1353 2631 1384 2689 et
1396 2625 1554 2689 electionis
1565 2626 1656 2700 ratio,

89 2721 234 2783 turturibus
248 2721 282 2782 id
297 2720 362 2799 agit
383 2736 494 2791 unum,
510 2725 546 2780 ut
557 2719 700 2782 homines
718 2720 768 2782 vel
781 2720 837 2783 im·
888 2737 983 2800 quam
993 2725 1023 2781 et
1037 2719 1194 2782 electionis
1207 2736 1269 2781 vox
1282 2719 1350 2800 ipsu
1363 2718 1509 2797 declarat,
1526 2718 1574 2780 uti
1586 2718 1658 2799 plu-

89 2810 182 2890 probos
195 2813 308 2877 avitiis
321 2829 358 2873 no
368 2811 535 2875 malefactis
548 2812 587 2874 ad
601 2811 738 2873 olilcium
751 2831 837 2875 revo-
887 2811 975 2874 ribus
988 2818 1096 2892 postea
1105 2813 1236 2877 dicetur.

90 2910 135 2981 oet,
147 2905 191 2967 vei
212 2905 315 2969 bonos
334 2904 369 2965 iu
392 2909 532 2983 suscepta
552 2903 666 2965 virtute
687 2907 836 2980 retusum
928 2906 1011 2967 Vlll.
1036 2906 1091 2981 Ao,
1115 2922 1156 2965 ne
1178 2902 1358 2983 singillatim
1379 2903 1598 2967 enumerandis
1609 2918 1660 2961 ex.

90 2997 346 3077 quodutrumque,
360 3001 488 3077 proptor
501 2995 723 3058 arbitriiliberi
736 3002 838 3078 potes·
887 2997 1119 3078 pendeudlsqua
1148 2997 1316 3076 Scripturas
1350 2995 1512 3057 sententiis
1536 3003 1660 3076 tempus

91 3094 177 3167 utem,
212 3091 374 3169 integrum
405 3088 466 3149 iliis
493 3088 568 3167 ipsis
595 3106 662 3151 asso
686 3095 837 3166 testatur3
889 3095 1058 3166 conteram,
1078 3088 1290 3168 augustinum
1311 3087 1402 3165 dabo,
1418 3088 1473 3167 qui
1486 3088 1661 3169 complures

91 3181 167 3259 quod,
186 3186 220 3245 ut
242 3182 309 3243 dixi
328 3198 422 3261 smpe,
446 3198 511 3245 nou
525 3186 614 3257 esset,
629 3181 655 3241 st
668 3200 733 3243 nou
747 3181 839 3243 ambo
890 3181 1057 3244 acervatim
1075 3183 1109 3242 iu
1122 3192 1223 3243 unum
1242 3180 1347 3241 lucum
1361 3180 1501 3258 contulit,
1516 3183 1658 3258 utidem,

90 3278 194 3351 possent
211 3274 251 3335 ab
278 3274 317 3335 iis
340 3272 425 3353 eligi,
449 3272 503 3335 sed
520 3272 558 3333 ad
578 3290 679 3334 uuum
704 3274 840 3339 adstricti
890 3274 974 3354 quod
994 3273 1046 3334 hio
1066 3273 1267 3349 institudmus,
1290 3272 1445 3351 probaret,
1473 3292 1538 3335 esse
1556 3274 1590 3335 in
1607 3275 1662 3335 luo·
1756 3310 1758 3314 2

91 3371 182 3438 tacut,
196 3373 226 3427 et
237 3365 336 3427 alfini.
890 3368 975 3428 mine
984 3366 1118 3428 ubemm
1131 3365 1306 3427 arbitrium.
1324 3366 1359 3424 ln
1371 3364 1451 3426 libro
1463 3364 1499 3426 de
1515 3364 1621 3428 Gratia
1635 3374 1662 3427 et

122 3457 177 3518 Etsi
185 3462 290 3519 sutem
302 3458 342 3518 dn
352 3454 518 3537 Scripturis
527 3464 712 3538 argumenta
722 3463 838 3538 petere,
892 3458 984 3520 libero
1000 3457 1140 3541 arbitrio,
1158 3457 1258 3537 eapite
1276 3456 1422 3535 seeundo,
1447 3458 1585 3538 primum
1598 3457 1661 3519 Eo-

92 3549 186 3626 quibus
196 3550 287 3613 libari
297 3548 640 3630 arbitriiodutrumqua
654 3551 717 3612 suis
727 3550 840 3636 librata
892 3550 1045 3614 statumini
1060 3550 1155 3612 verba
1168 3549 1220 3611 illu
1234 3549 1361 3633 profert,
1371 3567 1442 3629 quae
1451 3569 1544 3632 supra
1554 3551 1660 3632 posui:
1759 3620 1763 3626 ,
1784 3568 1788 3577 “

93 3643 247 3717 momentis,
265 3648 297 3704 et
317 3640 498 3702 indifferens
519 3642 646 3703 incultus
660 3641 840 3722 adstruitur,
895 3643 928 3707 St
949 3643 1088 3709 columis.
1120 3642 1305 3705 consonatis
1336 3641 1485 3721 mundata,
1517 3652 1546 3705 et
1574 3643 1663 3726 fidem

93 3731 169 3794 ulmis
186 3734 318 3815 longum
338 3738 370 3795 et
395 3738 521 3814 propter
543 3734 730 3796 infinitatem
749 3735 842 3797 stium
894 3734 1473 3818 1111111ρὶαοί11.Αρροηεείῑὸίιῃηεηι,
1489 3741 1517 3797 et
1531 3755 1661 3818 oqocm;

93 3821 263 3887 mausum
285 3824 346 3901 sit3
383 3843 447 3886 uon
470 3844 597 3905 possum
623 3832 740 3903 tamem
765 3828 842 3907 quin
893 3828 933 3890 ud
944 3828 1148 3911 quodcumque
1157 3826 1295 3902 uolueris,
1304 3826 1424 3889 emenda
1432 3846 1553 3890 monem
1568 3838 1660 3890 tuom

93 3916 598 3980 unumadbuolncumreieramin
618 3937 680 3998 quo
699 3937 843 3981 nonveo
894 3921 930 3984 Io
952 3929 1103 4003 commotu
1132 3918 1261 3981 dominis
1287 3919 1361 3996 cito,
1383 3926 1410 3979 et
1425 3939 1513 3996 murs,
1528 3927 1554 3980 et
1575 3918 1665 4002 quod·

94 4004 131 4068 his
150 4009 244 4072 solum
271 4010 437 4085 declarata,
467 4011 521 4072 sed
548 4010 689 4091 exemplo
717 4031 841 4093 quoque
892 4033 1014 4095 eumpse
1026 4011 1186 4095 plauserit,
1210 4011 1333 4072 dubitur
1350 4010 1388 4072 ei.
1408 4012 1524 4085 Quibus
1539 4012 1665 4092 epipha

95 4099 212 4179 aljana
224 4103 324 4165 oculis
337 4101 412 4183 ipsis
429 4103 512 4164 lueat
523 4104 582 4164 ista
595 4103 746 4166 llbertatis
766 4107 843 4167 eleo·
893 4124 987 4169 noma
999 4105 1077 4167 lllud
1090 4104 1231 4184 subjicit:
1256 4124 1272 4162 c
1289 4104 1365 4165 ane
1378 4103 1569 4183 apertissime
1582 4104 1664 4166 vide·

95 4190 137 4253 tio.
161 4195 193 4257 in
211 4195 293 4257 libro
312 4194 409 4271 lusce,
435 4195 546 4257 ultimo
570 4195 681 4276 cupite,
704 4198 768 4258 dux
790 4198 843 4262 illo
894 4218 965 4261 mus
978 4214 1157 4279 expressum
1175 4193 1309 4256 liberum
1333 4196 1479 4256 humanae
1499 4195 1664 4257 voluntatis

94 4286 195 4363 nnpnu,
209 4305 274 4348 nou
283 4286 521 4367 minuspiatste,
537 4305 632 4367 quam
645 4288 844 4368 imperatoria
894 4291 1068 4355 arbitrium.
1083 4310 1100 4347 n
1113 4287 1232 4361 (iuribus
1244 4292 1350 4349 sutem
1362 4286 1665 4367 verbisapertissimu

94 4371 266 4456 brtitudine,
282 4397 319 4440 ac
331 4379 423 4441 laude
435 4386 596 4460 praestans,
612 4381 844 4460 ingravescente
893 4383 953 4444 hoe
965 4381 1039 4443 dicit
1051 4378 1254 4461 expressum?
1273 4378 1391 4460 Opinon
1404 4378 1481 4457 istis,
1500 4379 1534 4440 in
1550 4380 1664 4460 quibus

92 4462 385 4547 immiste,iudaici
398 4472 492 4533 tatium
506 4472 642 4534 nominis
655 4481 845 4538 conventum
894 4477 957 4538 duo
983 4473 1128 4555 quaedam
1154 4472 1294 4554 opposita
1316 4472 1460 4551 invicem,
1483 4473 1605 4534 bomini
1621 4473 1665 4536 sic

38 4610 43 4623 .
95 4555 196 4641 lubuit,
208 4563 257 4624 uti
267 4569 397 4644 pactum
410 4582 483 4626 oum
499 4566 562 4633 Deo
574 4564 674 4627 foedus
685 4568 843 4630 sanctiori-
895 4585 960 4630 esse
973 4564 1141 4647 proposito,
1160 4570 1191 4625 et
1211 4564 1244 4625 iu
1258 4571 1426 4646 conspectu
1440 4565 1497 4626 sita
1512 4566 1589 4627 dixit
1606 4566 1661 4626 Ec·

96 4646 142 4712 bus
155 4655 346 4734 ceremoniis,
367 4674 404 4717 ao
425 4657 514 4718 novis
528 4657 659 4720 acubus
674 4660 844 4741 adstringe·
894 4658 1090 4735 nleslasticus,
1101 4663 1138 4718 ut
1153 4657 1370 4738 quodwmque
1382 4658 1542 4738 placuerit,
1557 4658 1662 4740 eligat.

97 4748 142 4804 ret.
155 4744 198 4807 lbi
210 4748 298 4827 quasi
311 4748 351 4809 de
371 4749 491 4829 integro
505 4749 675 4812 deliberare
692 4753 845 4833 populum
894 4753 1011 4814 Neutro
1022 4750 1116 4827 igitur
1129 4749 1324 4828 alligatam
1331 4751 1476 4812 adstricta
1484 4753 1665 4814 necessitate

95 4831 169 4908 iubet
185 4839 290 4918 iosus,
317 4839 418 4901 utrius
442 4841 561 4909 cultum
579 4843 724 4923 amplecti
743 4846 843 4924 malit,
895 4845 959 4907 ulla
984 4841 1222 4919 determinante,
1257 4842 1433 4904 stulterum
1466 4844 1666 4906 subtrahente

100 4924 143 4987 tet
155 4929 276 4993 Puteum
289 4948 432 5010 suorum,
440 4952 481 4995 nu
490 4934 637 5010 Deorum,
647 4953 725 5015 qum
738 4943 846 5016 gentes
897 4955 962 5000 esse
975 4935 1082 5010 debet;
1094 4933 1210 5014 alioqui
1221 4938 1290 4994 tum
1303 4934 1390 5011 falso,
1401 4935 1664 5016 tomjoeulariter‚

98 5021 319 5099 sanabantur,
349 5025 437 5099 Quod
464 5025 514 5087 his
539 5026 642 5088 uerbis
668 5030 845 5111 proponit:
897 5029 935 5091 ad
959 5028 1176 5111 quodcumque
1210 5027 1313 5104 vellet,
1347 5045 1478 5089 manum
1501 5030 1667 5090 extundere

99 5104 262 5188 01111111
282 5113 395 5194 dutum
422 5115 522 5198 stipite
531 5115 627 5196 hodie,
649 5118 726 5200 quod
734 5120 846 5200 piacet,
894 5121 1078 5201 juberetur3
1095 5137 1152 5180 uec
1169 5120 1275 5181 minus
1288 5118 1364 5181 falso
1383 5120 1511 5203 diceret,
1528 5120 1667 5187 nandum

129 5312 147 5352 a
162 5298 245 5358 Blsll..
265 5306 295 5359 itt
310 5308 385 5362 an.
399 5304 715 5368 tharentasiensis
726 5315 849 5383 παριστῶν
900 5311 1008 5384 μάλιστα
1021 5314 1064 5379 τῆς
1077 5315 1126 5364 τῶν
1141 5308 1273 5383 ἀνθρώπων
1286 5308 1387 5381 φύσεως.

123 5472 133 5517 l
145 5475 185 5528 lor,
195 5487 253 5531 mr,
264 5479 296 5527 ts.
