3932 6172
398 334 449 395 DE
467 331 631 395 oriolum
652 330 727 393 SEX
747 326 910 404 DIERUM,
931 328 1006 391 mn.
1029 328 1078 406 lll,
1100 331 1184 419 CAP.
1199 333 1266 394 Vll.
1455 400 1458 405 ,
1565 332 1624 393 319

62 496 183 559 minister
204 495 302 557 hebet
316 497 492 577 praemium,
512 502 635 559 conotus
653 496 810 575 dispensat
858 493 939 554 dico.
968 495 1066 562 Hodie
1093 514 1229 577 namque
1251 499 1284 558 in
1306 496 1418 558 nostris
1438 496 1622 571 notionibus,

62 589 239 668 obsequium,
262 589 341 650 sicut
361 589 507 669 Apostolo
524 590 646 651 dicente
664 586 808 667 cognovi·
859 590 1026 664 antequam
1049 590 1270 651 musuetudine
1292 590 1396 669 alique
1415 589 1622 670 implicemur,

62 698 128 741 mus.
139 680 270 761 Scripsit
282 682 388 742 enim:
410 680 460 743 Vos
472 681 548 743 ensin
562 680 639 741 mibi
651 687 701 756 est,
716 678 810 738 nnec
856 675 991 738 liberum
1002 678 1153 740 hebemus
1166 680 1329 741 arbitrium
1349 681 1477 742 feriendi
1495 682 1621 760 aliquid,

62 771 287 854 capescere-0.
304 773 343 835 Si
355 773 433 834 enim
448 772 544 834 notem
557 772 686 852 toroge,
700 787 809 831 merce
857 767 907 828 vel
928 788 994 830 non
1016 770 1158 832 faciendi.
1183 773 1261 833 Cum
1284 781 1388 835 autem
1409 773 1467 834 ista
1483 773 1625 836 libertate

61 864 390 927 censentanea
411 864 530 941 tinnitus,
544 863 722 944 dispensatio
735 860 813 921 miti
857 858 1021 922 fecerimus
1051 862 1178 941 aliquid,
1207 870 1238 925 et
1261 865 1334 927 fecti
1361 866 1457 945 ipsius
1489 866 1625 928 tenuerit

62 956 152 1019 euno
160 965 211 1020 eu.
228 978 245 1016 a
262 958 362 1031 Quem
379 957 517 1036 Apostoli
531 957 637 1017 locum
657 954 809 1032 expendi·
858 952 1000 1013 animum
1032 955 1201 1033 perniciose
1229 957 1369 1027 dulcedo,
1406 964 1437 1020 et
1469 960 1622 1040 voluptas,

62 1067 119 1112 mus
127 1036 321 1111 antecedenti
331 1049 642 1130 capitel’roetereein
655 1063 811 1108 commen·
859 1044 968 1106 cadem
989 1044 1057 1125 ipsc
1081 1049 1303 1109 consuetudine
1324 1049 1367 1110 sic
1386 1050 1574 1130 implicatur,
1590 1058 1625 1113 ut

63 1142 175 1204 terihad
183 1141 403 1204 nonumLuroe
415 1148 507 1220 caput
519 1138 699 1201 Ambrosius
708 1139 808 1199 idem:
858 1140 965 1215 postes
987 1136 1111 1198 vincere
1137 1155 1202 1199 non
1225 1141 1335 1219 possit,
1364 1142 1447 1221 quod
1475 1142 1533 1203 sibi
1560 1144 1626 1222 ipsa

66 1235 150 1295 rlton
173 1238 273 1312 potes,
290 1233 403 1313 inquit,
424 1232 537 1309 dicere,
555 1231 629 1310 quia
646 1229 757 1302 uoluit,
777 1235 810 1289 te
859 1228 1015 1305 peccando
1036 1226 1184 1290 fabricata
1208 1237 1263 1292 est.
1289 1253 1304 1290 n
1331 1233 1397 1294 Hoc
1409 1234 1478 1295 loco
1490 1234 1626 1295 libertati

63 1327 160 1387 bouum
179 1325 294 1401 fucere,
315 1329 386 1386 ante
404 1342 499 1404 quem
520 1325 624 1404 posuit
646 1322 766 1383 bonum
779 1326 810 1382 et
858 1317 924 1379 sive
932 1318 1031 1379 libem
1042 1319 1169 1380 arbitrio
1184 1324 1369 1384 connamam
1381 1326 1510 1404 opponit
1519 1343 1624 1387 neces-

63 1419 171 1494 mulum,
184 1423 222 1478 ut
239 1436 306 1478 non
325 1436 364 1479 ex
380 1417 560 1478 necessitate
578 1416 697 1476 bonum
718 1419 810 1474 tuum
858 1408 1000 1485 nitatem
1016 1429 1053 1471 eu
1066 1430 1160 1491 porro
1173 1431 1237 1474 non
1255 1414 1314 1475 ulia
1325 1417 1452 1495 ponitur
1462 1416 1502 1477 eb
1516 1418 1624 1479 adver-

64 1516 134 1586 eoet,
146 1510 200 1571 sed
212 1509 436 1571 voluntarium.
457 1507 591 1570 Multum
607 1506 692 1567 enim
718 1505 811 1566 refert
858 1500 957 1570 sonis.
971 1520 1066 1580 quam
1077 1503 1225 1566 violentie
1246 1506 1298 1567 vel
1312 1509 1438 1568 coactio.
1455 1509 1527 1570 Haec
1541 1510 1625 1571 enim

63 1601 127 1663 inter
138 1620 220 1678 eum,
235 1602 293 1681 qui
315 1620 354 1662 ex
364 1600 544 1661 necessitate
561 1598 678 1659 invitus
693 1596 811 1676 aliquid
858 1591 1086 1654 sclavoluntnti
1098 1601 1145 1655 est
1158 1596 1296 1658 adverse.
1316 1600 1408 1678 Atqui
1421 1600 1512 1661 istam
1525 1600 1625 1680 ipsam

64 1694 115 1775 agit
134 1700 163 1755 et
184 1694 268 1754 inter
291 1711 375 1770 eum,
399 1691 453 1770 qui
476 1709 515 1752 er
537 1689 707 1758 voluntate,
727 1686 811 1768 quod
858 1683 1040 1746 violentiam
1048 1704 1112 1746 nou
1119 1688 1451 1753 excluderevnluntutis
1460 1695 1623 1771 actionem,

64 1785 160 1846 bonum
180 1792 236 1861 est,
251 1784 348 1863 eligit.
365 1783 399 1845 Si
421 1782 505 1843 enim
522 1781 641 1842 invitus
661 1780 722 1841 hoc
739 1797 808 1859 ego,
859 1774 923 1835 imo
945 1793 1010 1837 esse
1023 1778 1243 1854 voluntariam,
1265 1787 1296 1842 ct
1311 1782 1453 1857 liberem,
1467 1786 1576 1847 eudem
1587 1806 1626 1848 ex

64 1877 228 1958 dhpeumtio
242 1877 322 1937 mihi
335 1874 452 1937 credite
466 1880 528 1949 est;
551 1872 709 1947 sivolens‚
733 1889 813 1933 mer-
860 1884 941 1928 nova
964 1868 1106 1931 doctrina
1133 1872 1343 1950 concluditur,
1372 1876 1446 1955 quia
1471 1896 1536 1938 non
1559 1877 1627 1939 sinc

65 1971 154 2031 eedem
166 1968 313 2031 habeo.»
344 1968 403 2028 Hic
424 1966 579 2026 Ambrosii
600 1965 687 2025 locus
705 1969 812 2025 eontra
859 1957 1019 2020 uoluntate
1032 1961 1097 2037 agit
1109 1963 1260 2043 quidquid
1272 1966 1354 2041 agit3
1369 1967 1529 2031 voluntate
1543 1971 1627 2031 enim

3 2048 4 2059 ³
65 2080 155 2123 rmens
168 2065 378 2122 commentum
386 2056 587 2137 multiplicem
598 2056 809 2117 hebetusum.
859 2048 989 2111 terimur
1011 2051 1046 2112 in
1074 2055 1279 2132 perniciosam
1310 2057 1554 2123 delectationem.
1584 2061 1628 2123 Ac

67 2153 188 2213 Pn'runm
211 2169 250 2213 ex
271 2168 310 2211 eo
334 2151 466 2217 constet,
494 2147 706 2208 voluntarium
733 2146 811 2207 illud
861 2141 1021 2203 Nemeeius
1035 2144 1134 2223 capite
1147 2162 1203 2208 xxx
1223 2154 1349 2224 etxsml,
1369 2169 1440 2229 quae
1455 2170 1493 2213 ex
1506 2160 1630 2232 pertur-

64 2245 220 2325 essequod
232 2262 300 2304 non
313 2248 359 2303 est
369 2259 434 2302 uno
448 2240 554 2319 aliquo
566 2238 741 2312 definitum,
757 2238 811 2299 sed
861 2232 1039 2295 butionibns
1062 2236 1122 2296 illis
1141 2239 1249 2312 animi,
1268 2258 1304 2301 ec
1321 2242 1437 2303 morbis
1450 2243 1541 2320 fiunt,
1557 2265 1628 2325 que

64 2337 131 2415 guod
143 2324 177 2396 in'
188 2339 405 2413 utrumuispro
416 2332 544 2393 arbitrio
558 2330 809 2410 snoferripotest.
860 2334 935 2402 utiq,
957 2327 1051 2405 vulgo
1069 2330 1218 2408 passiones
1236 2333 1449 2410 nominentur,
1469 2328 1628 2401 voluntete

64 2428 127 2488 Nam
138 2427 248 2488 idcirco
257 2426 377 2487 bonum
391 2430 422 2485 et
435 2424 636 2483 malumente
647 2422 812 2482 hominem
860 2416 929 2477 fleri
952 2418 1052 2496 docet,
1077 2427 1108 2481 et
1131 2439 1195 2481 esse
1216 2441 1280 2483 non
1305 2431 1418 2504 estere,
1446 2428 1498 2488 sed
1519 2436 1625 2504 ἑκούσια,

63 2519 176 2599 pcdtum
188 2536 257 2579 esse
270 2517 354 2592 dicit,
369 2522 405 2577 ut
425 2513 636 2575 voluntarium
648 2512 678 2573 ei
690 2512 811 2574 honum
860 2508 954 2587 idque
968 2510 1080 2589 probet
1093 2529 1141 2588 eo,
1158 2514 1251 2592 quod,
1268 2532 1340 2575 cum
1353 2516 1391 2577 iis
1405 2518 1629 2601 obtemperavit

63 2608 195 2684 essethoc
208 2611 268 2682 est,
279 2605 452 2666 utliberem
464 2602 642 2663 alterutrius
653 2601 812 2681 optionem
861 2600 994 2674 enimus,
1029 2601 1231 2682 vituperatur,
1267 2606 1312 2667 lta
1346 2613 1377 2668 et
1410 2609 1443 2670 S.
1472 2612 1627 2675 Thomas¹

63 2698 184 2773 beberet3
214 2698 301 2777 quod
331 2714 396 2756 non
423 2694 560 2770 esset,si
590 2692 670 2754 nihil
698 2700 812 2771 preter
867 2693 1178 2772 cconcupiscentiam
1201 2696 1329 2758 sitnon
1349 2718 1474 2764 causare
1487 2705 1630 2767 involun-

63 2791 235 2869 pmpositum
242 2789 303 2850 sibi
310 2788 430 2849 bonum
441 2786 571 2847 videret.
580 2784 695 2845 [teinde
704 2783 813 2844 volun·
860 2784 992 2860 tarium3
1019 2786 1092 2865 quia
1111 2804 1168 2865 per
1185 2789 1465 2869 concupiscentiam
1486 2797 1629 2860 voluntas

63 2882 294 2964 unctamquum
307 2879 499 2941 contrarium
509 2876 615 2955 objicit
627 2881 770 2937 coactum
782 2882 813 2936 ct
860 2875 1027 2938 inclinatur
1040 2877 1080 2937 ed
1093 2878 1272 2954 volendum,
1293 2884 1377 2960 quod
1397 2889 1593 2967 concupiscit.
1611 2915 1624 2949 r

63 2973 236 3048 dolentum3
253 2973 339 3052 quod
356 2972 461 3051 ipsum
485 2974 589 3031 tumen
619 2968 812 3030 voluntatem
863 2967 1089 3045 Quamobrem,
1118 2987 1190 3030 cum
1215 2973 1318 3032 omnis
1350 2974 1517 3047 voluntatis
1549 2984 1628 3044 ectio

64 3083 116 3125 non
126 3066 246 3132 event.
261 3065 314 3125 sed
329 3063 433 3124 elficit.
861 3060 1022 3136 liberauit,
1037 3067 1074 3121 ut
1086 3061 1253 3122 adversarii
1265 3064 1475 3146 arbitrantnr3
1494 3071 1629 3137 liberum

94 3158 277 3237 Augustinus
289 3156 324 3216 in
337 3153 449 3215 Protin.
466 3167 551 3213 nrunx
565 3169 630 3212 non
647 3151 752 3212 minus
765 3150 812 3212 di·
862 3153 956 3213 ctiem
970 3159 1016 3214 est
1029 3152 1178 3231 quidquid
1192 3160 1294 3214 concta
1308 3156 1450 3220 voluntas
1462 3163 1535 3241 agit,
1551 3166 1628 3229 irre-

65 3256 129 3311 serte
140 3249 321 3310 uiolentiam
344 3246 437 3306 talem
456 3243 613 3324 exprimit,
630 3243 669 3304 de
683 3243 813 3303 Diebolo
862 3244 975 3318 tientc,
994 3262 1030 3305 ac
1048 3244 1113 3303 vim
1140 3244 1287 3307 efferente
1314 3252 1571 3335 concupiscentia,
1600 3265 1631 3321 et

65 3340 184 3420 loquens,
198 3347 232 3402 et
245 3341 314 3419 ejus
326 3336 556 3418 persecutione:
580 3355 597 3392 c
615 3335 683 3410 Illo,
699 3335 811 3413 inquit,
863 3335 1085 3397 cousuetudine
1098 3337 1222 3416 peceati.
1240 3337 1383 3418 Proinde,
1405 3348 1489 3422 quod
1502 3350 1630 3412 unicum

66 3440 182 3514 ternpore
203 3431 338 3511 cogebat
363 3427 553 3489 Christianos
576 3444 691 3505 negare
705 3426 813 3486 Chris·
863 3427 997 3488 libertati
1019 3428 1197 3507 oppositum
1221 3446 1285 3490 esse
1304 3438 1424 3510 putant,
1447 3436 1506 3499 hoc
1524 3441 1552 3500 ei
1565 3461 1631 3503 non

66 3529 135 3600 tum3
146 3526 201 3586 isto
215 3530 326 3585 erstem
341 3527 492 3601 tempore,
517 3519 607 3580 docet
626 3518 816 3578 Christianos
863 3524 1026 3597 repugnat,
1041 3536 1081 3579 en
1090 3518 1255 3598 Augustini
1269 3529 1372 3585 mente
1380 3544 1389 3601 ;
1405 3526 1443 3587 de
1455 3540 1632 3612 quoposten

66 3633 160 3694 negare
172 3617 342 3678 Christum.
359 3615 448 3673 Tunc
465 3610 603 3690 cogebat,
618 3627 703 3671 nunc
714 3608 813 3670 decet.
864 3610 1019 3690 precipue
1041 3610 1275 3690 disputabimus.
1298 3615 1342 3674 Ex
1359 3618 1469 3680 eodem
1482 3631 1631 3701 preterea

66 3708 135 3770 Tunc
141 3728 211 3788 ergo
222 3706 387 3786 ingerebat
397 3703 568 3771 violentias,
580 3719 665 3762 nunc
675 3701 813 3761 iusidias.
866 3702 1030 3780 Augustini
1042 3701 1110 3763 loco
1119 3702 1152 3762 id
1160 3702 1306 3766 efficitur:
1322 3705 1455 3771 liberum
1467 3714 1631 3779 arbitrium

65 3799 217 3861 Videbatur
240 3805 320 3860 tssnc
341 3796 488 3863 tremens,
511 3786 651 3855 lubricus
671 3810 768 3867 nunc,
785 3796 817 3853 ct
864 3797 929 3853 tam
951 3792 984 3852 in
1004 3793 1105 3872 primo
1117 3801 1244 3872 perante
1259 3801 1331 3858 ente
1344 3799 1477 3880 lapsum,
1492 3824 1586 3884 quam
1597 3811 1629 3870 in

65 3889 193 3953 obem
215 3888 342 3953 difficile
362 3887 495 3949 uidetur.
523 3885 686 3951 Quomodo
710 3891 816 3945 nutem
865 3883 965 3960 nobis,
986 3885 1151 3946 consistere
1172 3886 1206 3946 in
1231 3905 1279 3960 eo,
1299 3894 1336 3948 ut
1362 3892 1473 3969 faeere,
1496 3898 1547 3958 vel
1566 3918 1631 3962 non

66 3986 126 4043 ttrnc
145 3983 275 4062 cogebat
301 3979 488 4040 Chmtianos
517 3994 632 4055 negare
647 3976 814 4044 Christum,
864 3975 966 4037 facere
988 3976 1162 4055 possimus;
1183 3977 1222 4037 de
1243 3996 1305 4057 quo
1318 3980 1424 4042 itidem
1442 3987 1535 4063 paulo
1549 3997 1628 4068 post.

3 4058 10 4075 '
66 4080 189 4152 apertum
210 4078 271 4136 est.
295 4070 538 4133 Attrehebantur
557 4068 652 4141 enim,
672 4072 816 4146 utnega-
904 4067 955 4128 lV.
972 4068 1281 4147 Nonnunquomvim
1298 4070 1384 4131 illam
1397 4079 1428 4135 et
1441 4079 1631 4145 coactionem

65 4172 121 4225 rent
132 4166 306 4239 Christum
319 4168 351 4225 et
365 4161 545 4223 confitentes
558 4159 713 4219 Christum
725 4175 816 4219 roro-
865 4158 1001 4221 libertati
1020 4160 1128 4220 Patres
1145 4168 1317 4238 opponunt,
1340 4181 1434 4242 quam
1447 4167 1536 4230 affert
1548 4190 1628 4251 prae-

66 4255 212 4318 uabantur.
227 4278 245 4314 o
433 4322 437 4329 ,
866 4250 947 4329 cepti
972 4250 1130 4328 obligatio,
1154 4252 1358 4332 quaedamque
1370 4256 1467 4319 veluti
1478 4263 1627 4342 servitus;

96 4348 145 4407 lll.
159 4349 207 4409 Ad
228 4348 300 4408 hsec
318 4345 402 4405 idem
421 4341 612 4422 Augustinus
626 4341 660 4400 in
673 4339 813 4420 disputa·
865 4341 919 4400 ubi
939 4342 1100 4421 perspicua
1119 4346 1166 4401 est
1183 4341 1351 4405 voluntatis
1374 4353 1517 4425 potestas,
1539 4360 1570 4415 et
1578 4355 1631 4434 jus

67 4434 595 4501 ticuesecundacootrchrtcoctom
606 4431 812 4504 Manicheum,
866 4431 1002 4511 eligendi
1028 4432 1181 4507 liberum3
1210 4435 1259 4493 cui
1291 4438 1415 4498 nonnisi
1447 4442 1631 4509 voluntarie

69 4530 247 4603 «liberm,
271 4527 384 4607 inquit,
405 4524 572 4586 voluntatis
598 4523 762 4585 arbitrium
784 4523 817 4583 in
867 4523 1029 4601 compedes
1053 4522 1175 4601 isrjectae
1205 4531 1279 4585 sunt
1302 4530 1434 4609 suseepti
1466 4539 1632 4598 asservati

67 4617 243 4683 dlohomine
257 4619 349 4681 bdsse
369 4617 448 4695 dieo,
471 4617 525 4695 qni
536 4615 656 4695 primus
663 4615 820 4676 formatus
866 4619 976 4692 sponte
989 4613 1138 4674 mandeti.
1163 4614 1323 4693 Ejusmodi
1342 4626 1388 4680 est
1399 4622 1521 4700 vieille,
1538 4646 1633 4707 quam

67 4718 110 4771 cst
121 4713 227 4774 lllesic
239 4712 338 4772 iactus
349 4714 406 4784 est,
421 4713 457 4769 ut
475 4708 554 4768 nibil
568 4706 695 4767 omnino
707 4706 818 4767 volun·
867 4705 984 4783 uliquot
995 4723 1036 4764 es
1054 4704 1200 4784 Apostolo
1214 4707 1404 4791 depromptis
1416 4714 1492 4777 locis
1505 4725 1633 4799 exposui

68 4802 110 4863 inti
132 4804 197 4884 dus
220 4802 394 4877 resisteret,
421 4800 447 4860 si
473 4799 566 4859 uellet
589 4797 647 4858 Dei
665 4802 819 4877 precepta
867 4794 1061 4856 antecedenti
1078 4797 1189 4876 capite,
1214 4816 1286 4859 cum
1307 4800 1448 4866 libertate
1469 4807 1633 4872 abeodem

67 4908 178 4956 enare.
195 4896 366 4973 Postquam
386 4896 491 4952 autem
511 4889 610 4951 libero
630 4888 817 4968 ipsevolun-
866 4886 952 4949 velut
972 4903 1011 4947 ex
1031 4886 1160 4948 adverso
1180 4892 1366 4971 composita3
1396 4912 1467 4956 cum
1490 4898 1578 4961 aliter
1597 4920 1633 4962 ae

66 4985 336 5067 htepeccuvit,nos
356 4983 389 5044 in
411 4980 624 5043 necessitatem
637 4979 818 5059 precipitati
866 4977 990 5038 libitum
1003 4983 1093 5053 esset,
1119 4979 1188 5058 cogi
1207 4979 1351 5044 dicuntur
1363 4983 1522 5049 interdum
1533 4990 1634 5054 facere

66 5090 167 5156 snmus,
182 5082 239 5157 qut
253 5076 293 5137 ab
315 5074 382 5155 ejus
403 5073 501 5154 stirpe
520 5071 743 5133 descendimus.
757 5070 818 5131 Po·
867 5069 926 5131 riri
941 5067 1016 5131 boni
1028 5086 1065 5129 ec
1079 5069 1188 5146 sancti,
1210 5070 1313 5150 officii,
1336 5074 1386 5136 vel
1405 5075 1482 5156 legis
1502 5086 1565 5142 tem
1578 5101 1634 5161 pu-

67 5169 114 5229 tet
131 5175 238 5230 numm
273 5164 487 5244 unnsquisqm
507 5168 650 5227 nostrum
672 5160 819 5223 mediocri
867 5159 968 5238 blicae,
995 5178 1090 5239 quam
1112 5160 1239 5240 private
1266 5165 1446 5231 renectere
1467 5173 1631 5250 compulsi.

65 5260 296 5320 mudderatione
321 5256 462 5318 invenire
488 5270 599 5316 uerum
631 5270 708 5327 esse,
735 5252 819 5332 quod
869 5251 921 5318 ste
929 5251 1632 5331 Evangeliiproedicandiutibristosibimunus

88 5442 440 5501 inimicumne.
484 5408 487 5411 Ι

1661 2480 1791 2523 mortecto

1683 2533 1721 2575 sto
1730 2532 1767 2575 sed

1661 2591 1790 2639 moneo.
