3932 6172
397 384 1075 473 praemonstratensem.
1100 395 1243 458 6166.
1299 476 1308 493 .
1557 389 1626 460 ’616

85 560 163 620 Vlll.
184 559 245 620 Sed
268 560 333 620 vim
357 563 513 641 66666611,
534 567 566 621 61
592 561 802 624 conditionem
854 559 950 621 finem
963 561 1100 638 vivendi,
1114 561 1295 640 exitumque
1308 574 1507 641 progressus,
1526 576 1625 641 quan-

56 654 157 715 tdamo
178 651 325 712 dirimtns
348 653 444 715 latam
466 653 596 733 pulchre
624 650 804 735 Fulgentius
853 656 980 712 tumeat
1001 653 1035 712 16
1059 652 1235 713 conditione
1260 654 1328 731 ipse
1354 652 1502 733 corporis,
1529 670 1623 713 usum

55 745 171 808 delun
186 745 219 804 in
242 742 324 804 libro
347 742 620 823 116166661611666,
649 754 677 807 61
702 747 803 826 pretio
853 743 1055 805 hahetalium
1069 744 1154 804 haud
1168 762 1242 806 sane
1257 745 1531 807 contemnendum.
1551 746 1623 808 Ver-

56 836 181 912 clane
197 836 289 914 cujus
304 836 402 899 verba
419 843 492 898 sunt
505 839 564 899 ista
581 859 588 899 ε
609 860 625 897 6
639 839 771 899 Proinde
785 858 804 900 a
853 842 939 897 satur
952 837 1037 897 enim
1051 836 1133 898 inter
1146 837 1251 899 doctos
1275 837 1448 917 theologos,
1463 855 1498 898 66
1516 838 1622 919 Scrip-

54 930 128 1002 iono,
148 929 294 1008 justoque
315 935 453 991 creatore
474 930 520 990 1111
542 930 672 1006 homim,
687 930 800 1011 inquit,
851 934 994 990 turarum
1004 929 1189 1006 interpretes
1202 946 1265 990 non
1279 930 1356 990 levis
1369 931 1624 1008 questiqutrum

54 1038 128 1101 66661
147 1021 182 1081 in
209 1039 339 1100 corpore
361 1022 490 1082 animali
512 1023 673 1083 conditum
694 1023 804 1083 ditavit
852 1039 961 1082 omnes
974 1022 1085 1083 Adami
1099 1022 1213 1101 posteri
1236 1021 1381 1082 morituri
1395 1022 1467 1095 sint,
1490 1022 1623 1083 666661-

53 1112 803 1193 6611666616,66]6661166666,]6666616166-
851 1114 956 1191 piendi
984 1114 1046 1175 6161
1072 1115 1169 1194 aliqui
1190 1114 1349 1175 communi
1360 1114 1399 1174 ab
1421 1113 1474 1175 illa
1494 1113 1573 1193 lege,
1587 1134 1623 1176 66

54 1222 100 1285 qne
116 1209 227 1265 statute
248 1205 398 1277 conditio,
421 1205 598 1280 utscilioet,
614 1206 801 1267 6161661166-
851 1207 1032 1268 necessitate
1057 1208 1233 1283 moriendi;
1269 1207 1427 1286 utrimque
1453 1212 1557 1267 entem
1592 1213 1622 1267 61

53 1299 337 1377 6666661166
360 1298 460 1361 virtus
485 1304 540 1372 est,
565 1299 802 1373 custodiretur
851 1300 1083 1378 Scripturarum
1105 1300 1301 1372 testimoniis,
1328 1305 1360 1360 et
1381 1298 1622 1379 sumngatorum

54 1390 166 1463 66161611,
183 1390 219 1450 in
231 1407 295 1469 qua
314 1395 436 1451 creatus
452 1396 529 1465 erat,
550 1391 688 1471 corporis
700 1391 800 1472 quali-
851 1409 1006 1465 numero,
1037 1410 1073 1452 ac
1094 1391 1246 1471 dignitate
1259 1396 1407 1454 certatur.
1423 1392 1529 1470 Neque
1544 1409 1619 1452 vero

53 1482 376 1562 tataadspiritnalem,
390 1482 660 1564 immortalemque
672 1489 798 1557 statum,
849 1484 1043 1564 propositum
1069 1484 1121 1545 hic
1146 1483 1246 1545 habeo
1268 1484 1307 1544 de
1332 1484 1619 1545 haccontrouersia

54 1576 102 1635 sine
112 1575 242 1654 corporis
257 1579 360 1636 morte
376 1573 462 1656 [quia
478 1575 545 1637 6166
558 1576 672 1637 animae
686 1576 800 1656 iniqui-
849 1576 1004 1656 disputare
1017 1577 1175 1656 pluribus;
1192 1576 1275 1655 quod
1296 1575 1349 1636 alii
1367 1582 1439 1637 ante
1457 1594 1514 1636 nos
1528 1594 1618 1637 accu-

54 1666 108 1746 16161
117 1666 275 1738 66661661,
290 1668 515 1747 accepissetque
535 1668 639 1730 611νί66
654 1687 796 1744 munere,
848 1674 915 1729 rate
928 1670 1154 1749 praestiterunt3
1185 1667 1340 1745 imprimis
1367 1673 1473 1729 eutem
1494 1668 1618 1729 Gutllel-

54 1760 220 1839 siprecepta
233 1766 395 1833 servasset,
418 1778 482 1820 666
499 1761 601 1821 solum
618 1761 796 1841 perfectam,
847 1779 918 1821 mus
944 1762 1068 1822 Esthius
1093 1762 1127 1820 in
1155 1760 1385 1822 commentariis
1414 1761 1453 1820 ad
1475 1761 1619 1841 epistolas

53 1858 123 1931 atque
133 1851 367 1913 inamissibilem
375 1853 514 1932 corporis
520 1853 796 1930 immortalitatem,
847 1851 960 1927 Pauli⁸,
977 1858 1007 1914 et
1022 1853 1201 1914 Franciscus
1218 1851 1365 1929 Suarez‘,
1379 1859 1416 1913 ut
1429 1859 1617 1914 6661666666-

53 1945 231 2006 rerametiam
247 1945 279 2005 in
297 1945 404 2006 anima
421 1945 515 2007 talem
531 1947 663 2025 gratiam
679 1953 794 2020 666616,
846 1950 996 2006 cautiores
1022 1946 1130 2006 missos
1153 1945 1273 2006 taciem.
1289 1944 1337 2005 lla
1364 1945 1499 2024 antiquis
1512 1951 1618 2006 autem

50 2038 312 2119 judaquevivendi,
323 2043 360 2098 ut
373 2056 500 2117 peccare
511 2039 655 2119 deinceps
668 2040 796 2101 omnino
846 2036 1058 2118 Hieronymus
1084 2037 1261 2117 plenissime
1295 2036 1381 2097 illam
1415 2038 1557 2116 exposuit
1582 2039 1616 2098 16

54 2149 102 2191 666
113 2136 218 2211 posset.
242 2129 270 2191 61
293 2148 359 2191 666
381 2136 531 2210 peccaret,
556 2132 653 2193 donec
670 2150 796 2212 peecare
847 2128 1054 2209 6616161666.
1070 2130 1146 2191 Mihi
1159 2129 1232 2190 66116
1245 2129 1304 2191 hoe
1317 2128 1384 2189 loco
1402 2128 1496 2190 fuerit
1510 2129 1617 2191 adme

53 2224 183 2302 6616116661.
198 2224 412 2302 Creatusergo
426 2224 545 2303 primus
558 2224 653 2285 homo
665 2225 796 2287 deterre
845 2238 931 2301 nere,
956 2221 981 2283 si
1002 2240 1039 2283 66
1053 2222 1158 2298 modo,
1176 2238 1271 2301 quem
1284 2222 1486 2301 Augustinus,
1501 2221 1616 2303 aliique

53 2322 176 2391 1666666,
201 2315 320 2396 accepit
338 2316 464 2395 quidem
487 2316 708 2398 gratiamque
730 2336 795 2379 non
846 2315 1117 2393 veterestradunt,
1143 2314 1221 2375 illud
1235 2312 1402 2393 accipiatur
1414 2314 1536 2375 Adamo
1550 2314 1614 2375 dic·

53 2414 130 2485 pomi
148 2425 287 2489 6666666,
304 2408 330 2467 61
345 2426 470 2489 peccare
489 2408 624 2486 velleve
653 2410 795 2471 nondum
844 2413 924 2482 tum,
940 2416 1035 2468 morte
1049 2407 1207 2484 morieris,
1233 2423 1345 2467 verum
1357 2406 1417 2467 hoc
1437 2406 1536 2467 nihilo
1550 2407 1615 2468 iore

52 2502 133 2560 16666
151 2505 272 2561 tantm
297 2505 458 2580 acceperat
481 2501 624 2580 gratiam,
653 2518 715 2582 qua
738 2520 795 2563 nec
844 2499 1315 2577 minus‚tametsl,suboceasum
1328 2498 1476 2559 ultimum
1490 2500 1613 2574 mundi,

52 2592 254 2670 mceresellet
266 2593 407 2666 omnino,
423 2610 482 2655 nac
495 2599 610 2674 posset,
626 2599 661 2654 61
681 2594 795 2657 scilieet
844 2592 1019 2672 complures
1032 2592 1099 2652 sine
1112 2592 1213 2652 morte
1233 2590 1418 2651 transituros
1432 2590 1471 2653 ad
1485 2590 1613 2652 immor-

52 2683 150 2759 abono,
161 2685 309 2765 justoque
320 2684 452 2745 Domino
462 2690 532 2766 post
545 2692 623 2747 esset
636 2685 713 2747 illud
727 2706 795 2749 mu·
842 2684 992 2746 talitatem
1019 2702 1083 2746 esse
1107 2683 1254 2745 dicamus.
1271 2683 1351 2744 Nam
1363 2688 1394 2744 ct
1407 2683 1465 2763 ipsi
1479 2684 1518 2744 ad
1528 2702 1612 2745 cam·

51 2794 109 2837 nere
118 2776 321 2856 largiendum,
343 2777 368 2836 si
386 2776 561 2838 voluntarie
578 2777 686 2839 1616661
704 2779 793 2840 hocs
844 2776 916 2838 dem
930 2776 1041 2839 Adami
1051 2777 1283 2838 damnationem
1296 2777 1463 2855 pertinent,
1478 2795 1515 2837 eo
1527 2777 1612 2855 quod

53 2869 246 2949 senopriusin
256 2885 350 2949 opere
360 2869 653 2945 custoditum.Quod
662 2870 686 2931 si
695 2870 790 2950 bono,
842 2868 975 2949 aprimo
989 2868 1157 2931 6611616116
1177 2874 1247 2929 ortu
1268 2868 1307 2929 ad
1326 2875 1501 2929 extremum
1515 2886 1613 2947 usque

50 2961 165 3042 1666666
181 2960 368 3041 neglexisset
387 2961 513 3023 obedire
541 2963 699 3039 mandato,
723 2966 793 3044 post
842 2962 981 3023 mortalis
994 2962 1064 3022 vitae
1089 2967 1223 3041 tempus,
1238 2978 1295 3041 per
1320 2965 1448 3021 66161666
1462 2959 1613 3021 vicissitu-

53 3054 293 3131 nortemanimae,
309 3070 405 3133 qnam
422 3052 631 3134 delinquendo
648 3055 714 3135 ipse
734 3056 793 3116 sihi
841 3052 940 3127 dines,
956 3058 987 3115 et
1001 3054 1189 3115 mutationes
1204 3069 1370 3132 corporum
1383 3051 1526 3113 trahendi
1540 3056 1613 3113 sunt

52 3145 137 3206 nonus
148 3146 311 3220 intulisset,
329 3147 422 3207 etiam
435 3165 491 3226 per
510 3147 645 3227 corporis
658 3156 793 3209 mortem
841 3146 880 3207 ad
894 3151 1044 3223 mortem3
1071 3147 1156 3225 quod
1183 3145 1288 3224 ipsum
1300 3144 1360 3204 erit
1373 3143 1440 3205 sine
1455 3144 1611 3205 intermis-

52 3237 106 3299 616
121 3239 275 3319 presentis
297 3243 472 3299 mutaretur
493 3238 709 3317 incommod03
735 3260 793 3302 nec
841 3238 929 3299 sione
942 3238 1047 3311 mori,
1076 3237 1147 3299 11661
1174 3254 1211 3297 ex
1237 3236 1403 3313 accidenti,
1417 3254 1483 3296 non
1503 3236 1611 3298 eadem

52 3328 467 3410 tencresinereturjugiterin
480 3333 695 3411 carnepeccati
708 3334 793 3394 dam-
842 3337 935 3411 atque
955 3331 989 3390 in
1020 3328 1148 3409 reliquis
1170 3328 1306 3389 clausula
1333 3327 1549 3388 terminandus
1573 3329 1612 3388 sit

53 3421 161 3484 mhilem
172 3426 281 3493 vitam,
298 3423 353 3503 qui
364 3421 513 3484 noluisset
519 3423 554 3483 in
569 3424 662 3485 corde
672 3442 793 3486 servare
843 3423 990 3484 decursus
1001 3421 1053 3483 ille
1067 3420 1233 3482 moriendi.

50 3511 190 3591 justitiam
206 3520 348 3595 essetque
370 3514 532 3594 paenaliter
556 3516 651 3576 etiam
665 3534 793 3596 corpore
882 3514 919 3576 X.
937 3515 1095 3576 Postremo
1107 3530 1171 3574 non
1185 3511 1252 3573 6166
1263 3508 1351 3591 grata
1364 3510 1479 3572 divinae
1492 3511 1612 3572 1666116-
1678 3556 1741 3602 rana

54 3607 137 3666 nortis
149 3609 292 3689 deinceps
312 3608 494 3669 necessitate
517 3609 711 3681 constrictus,
740 3608 794 3689 qui
842 3608 927 3667 tisin
940 3606 1100 3678 hominen,
1116 3604 1379 3684 indulgentiaque
1393 3604 1611 3684 predicatione
1641 3611 1780 3710 ,ffiffl
1810 3608 1812 3613 '

53 3702 247 3761 6666661161·
270 3699 407 3761 salubria
435 3701 521 3779 jussa
554 3701 792 3779 transgrediens,
842 3698 1116 3760 transmittendum
1130 3697 1209 3758 illud
1219 3702 1274 3773 est,
1289 3696 1372 3776 quod
1382 3696 1517 3757 multum
1526 3714 1610 3757 com·
1681 3732 1744 3763 sam

54 3788 175 3865 661116611
187 3793 283 3854 morti
297 3797 406 3872 sponte
419 3792 526 3853 fuisset
540 3792 706 3853 obnoxius.
730 3791 793 3853 Nisi
844 3792 1041 3853 mandatura
1055 3789 1214 3868 Patribus,
1230 3807 1356 3869 poenam
1375 3788 1476 3868 ipsam
1490 3782 1610 3866 mortis,
1649 3772 1770 3818 'elsim'

54 3880 117 3943 nin
132 3886 331 3964 praecessisset
351 3886 386 3945 in
412 3889 535 3965 peccato
563 3903 647 3945 mors
669 3886 792 3960 animae,
844 3885 985 3964 inquam
1010 3884 1148 3943 Adamas
1161 3901 1233 3943 oum
1248 3881 1378 3962 posteris
1393 3881 1456 3940 suis
1469 3880 1609 3957 incurrit,

54 3989 189 4054 tunquam
203 3977 342 4057 corporis
355 3994 442 4037 mors
459 3976 493 4037 in
513 3977 663 4057 supplicio
690 3995 797 4055 seque-
844 3993 994 4052 magnum
1018 3977 1051 4036 16
1077 3975 1203 4035 illorum
1233 3972 1432 4034 commodum
1460 3972 1610 4048 vertisse3

53 4073 128 4127 retur.
143 4070 208 4131 Hoc.
228 4067 405 4151 Apostolica
423 4069 512 4129 docet
525 4068 702 4141 auctoritas,
725 4084 796 4148 quas
845 4074 938 4148 atque
951 4068 1062 4128 idcirco
1078 4068 1176 4128 Deum
1193 4112 1200 4143 ,
1230 4083 1302 4125 cum
1323 4064 1427 4125 labem
1453 4062 1612 4124 111616166-

53 4145 93 4227 ait,
117 4178 214 4242 corpas
238 4160 358 4243 puidem
381 4168 533 4222 mortuum
550 4164 674 4241 propter
696 4178 796 4239 pecco·
845 4162 932 4221 mani
961 4159 1084 4239 generis
1106 4157 1278 4233 resarcire,
1307 4161 1338 4217 et
1357 4174 1427 4236 quae
1439 4156 1614 4235 primorum

55 4255 101 4308 tam
111 4250 130 4314 ¹.
144 4253 215 4314 Ideo
229 4259 301 4333 post
310 4259 473 4333 peccatum
486 4252 663 4313 voluntaria
676 4270 794 4331 praeva·
844 4258 1009 4331 parentum
1022 4251 1098 4311 vitio
1113 4255 1202 4311 erent
1215 4249 1341 4323 amissa,
1355 4252 1538 4327 recuperare
1551 4247 1614 4308 vel·

55 4342 174 4405 11611666
181 4345 390 4421 commissum,
403 4345 587 4407 mittentium
599 4344 796 4423 661666166-
843 4344 896 4416 161,
912 4343 989 4423 legis
1002 4340 1095 4414 iilius,
1115 4359 1158 4401 ac
1171 4340 1281 4400 mortis
1302 4341 1436 4418 gratiam
1448 4339 1547 4400 iecere
1559 4358 1615 4400 no-

55 4430 157 4496 lishoc
181 4438 288 4498 audire
318 4437 433 4498 meruit
458 4454 600 4498 sermone
628 4441 793 4516 peccator:
844 4434 948 4496 luisse.
973 4434 1059 4507 Quod
1083 4430 1380 4511 Gregorii‘Nysseni
1396 4430 1499 4491 verbis
1510 4431 1613 4509 malo,

58 4521 129 4586 Terre
140 4547 177 4601 es,
198 4536 225 4590 et
248 4529 280 4589 16
304 4536 414 4590 ternam
437 4528 502 4590 ibis.
534 4530 632 4589 Homo
648 4527 743 4607 igitur
762 4528 795 4589 in
844 4546 939 4607 quam
950 4524 1045 4599 mels,
1075 4523 1246 4604 explicare3
1263 4528 1336 4583 sunt
1349 4523 1435 4584 enim
1449 4523 1612 4603 elegantis·

56 4618 246 4683 1616666666
256 4640 323 4682 666
334 4622 404 4700 iret,
426 4620 454 4682 si
466 4627 550 4682 terra
562 4621 717 4701 peccando
730 4638 795 4681 non
844 4621 932 4680 sima.
963 4638 978 4675 6
1004 4616 1088 4677 Nihil
1112 4614 1220 4691 aliud,
1249 4614 1373 4696 inquit,
1399 4633 1483 4676 mors
1511 4621 1556 4676 661
1580 4617 1614 4677 16

57 4704 160 4775 ieet.»
844 4709 1035 4786 hominibuS,
1051 4726 1146 4789 quam
1170 4708 1344 4769 vitiositatis
1366 4709 1514 4788 expiatio.
1542 4709 1613 4770 Ete-

12 4829 17 4839 ·
86 4800 126 4862 tt.
145 4804 244 4884 Atque
257 4805 320 4878 illa,
333 4823 429 4885 quem
455 4805 589 4866 maxime
614 4806 793 4885 probamus,
845 4805 923 4876 nim,
939 4819 1010 4863 cum
1023 4801 1114 4863 initio
1131 4805 1243 4863 natura
1270 4806 1376 4861 nostra
1399 4806 1549 4881 tanquam
1562 4818 1616 4863 ves

11 4886 32 4929 ’·
56 4888 130 4955 divini
138 4896 260 4973 11666611,
274 4915 309 4959 66
327 4897 388 4959 1661
407 4898 558 4959 Geneseos
569 4896 734 4973 enarratio,
749 4897 796 4957 uti
846 4894 1003 4975 quoddam
1027 4893 1183 4954 bonorum
1216 4910 1312 4972 capax
1339 4893 1440 4954 alteo
1474 4893 1616 4953 omnium

55 4988 260 5051 6661666611
278 5006 314 5051 66
326 4988 514 5066 mortalitas,
530 4995 561 5050 61
573 4995 743 5069 perpetuus
756 4989 796 5049 ad
846 4986 1004 5048 conditore
1017 4991 1179 5066 procreata
1199 4985 1316 5063 1616661,
1332 4991 1365 5046 61
1389 4984 1486 5046 hostis
1498 4984 1614 5046 anima·

53 5142 208 5219 ῶψηθῆναι,
220 5147 273 5205 εἶτα
288 5151 321 5214 εἰς
334 5152 364 5205 τὸ
378 5154 545 5224 δεσμωτήριον
564 5151 683 5225 tpttpp,
696 5154 740 5204 κᾶν
756 5149 795 5205 tat
843 5167 915 5222 φασιν
927 5147 1038 5211 titianae
1058 5152 1102 5216 τῆς
1115 5148 1272 5217 dannomine,
1296 5146 1318 5200 sl
1337 5145 1379 5199 eal
1390 5147 1467 5200 πολὺν
1488 5148 1614 5219 διήρκεσαν

52 5225 115 5279 atta
132 5232 221 5301 χρόνον
242 5233 353 5305 διαμένῃ,
374 5230 442 5284 aaa
463 5230 562 5303 ἄμεινον
574 5238 624 5285 τῶν
638 5237 740 5303 νεκρῶν,
754 5232 795 5283 καὶ
843 5234 943 5305 χρόνον,
960 5229 1193 5304 ἀλλὰτῇἀποφάσει
1203 5231 1341 5298 τεθνήκασι.

53 5308 458 5387 π1νῃὸτοινδιάξει,τῇὰποφασει
476 5312 794 5382 τεθνηκώςτὸναΰτὸνδὴ
880 5331 899 5370 a
918 5317 1022 5371 Forte:
1034 5317 1094 5383 Qua
1112 5321 1205 5386 posset
1238 5329 1295 5369 non
1309 5328 1436 5384 peccare,
1451 5311 1472 5368 si
1499 5323 1613 5381 peecare

52 5392 174 5458 τρόπονκαὶ
186 5391 254 5450 63161
274 5396 297 5459 ἐξ
309 5397 402 5466 ἐκείνης
420 5401 463 5465 τῆς
476 5397 578 5469 ἡμέρας,
593 5396 617 5459 ἐξ
630 5393 659 5464 ἧς
676 5396 720 5477 τὴν
735 5396 795 5450 ἀπό·
844 5411 900 5452 non
910 5396 1001 5453 161161.

3 5598 4 5601 ¹
73 5545 81 5587 1
94 5546 139 5603 Cap.
151 5549 309 5595 ιιι-111666.
321 5562 398 5596 161.-
409 5549 457 5595 1116
470 5550 518 5595 lad
529 5553 578 5595 Gor.
591 5562 640 5606 cap.
652 5562 685 5593 xv.
696 5550 758 5597 tc·
768 5546 854 5594 11666.
866 5548 928 5600 11,16
942 5542 978 5600 111,
991 5561 1037 5604 por.
1051 5558 1089 5603 qn.
1101 5546 1124 5598 L,
1138 5546 1195 5602 disp.
1208 5554 1227 5596 t,
1240 5549 1293 5588 sset
1306 5545 1327 5589 1.
