<?xml version="1.0" encoding="UTF-8"?>
<!DOCTYPE html PUBLIC "-//W3C//DTD XHTML 1.0 Transitional//EN"
    "http://www.w3.org/TR/xhtml1/DTD/xhtml1-transitional.dtd">
<html xmlns="http://www.w3.org/1999/xhtml" xml:lang="en" lang="en">
 <head>
  <title>
</title>
<meta http-equiv="Content-Type" content="text/html;charset=utf-8" />
  <meta name='ocr-system' content='tesseract 3.04.00' />
  <meta name='ocr-capabilities' content='ocr_page ocr_carea ocr_par ocr_line ocrx_word'/>
</head>
<body>
  <div class='ocr_page' id='page_1' title='image "./dogmatatheologi00goog_0155.png"; bbox 0 0 3984 6176; ppageno 0'>
   <div class='ocr_carea' id='block_1_1' title="bbox 320 369 1506 436">
    <p class='ocr_par' dir='ltr' id='par_1_1' title="bbox 320 369 1506 436">
     <span class='ocr_line' id='line_1_1' title="bbox 320 369 1506 436; baseline 0.006 -7"><span class='ocrx_word' id='word_1_1' title='bbox 320 370 379 431; x_wconf 70' lang='lat' dir='ltr'>tid</span> <span class='ocrx_word' id='word_1_2' title='bbox 718 369 922 433; x_wconf 82' lang='lat' dir='ltr'>ADVERSUS</span> <span class='ocrx_word' id='word_1_3' title='bbox 947 370 1303 434; x_wconf 83' lang='lat' dir='ltr'>PRAEADAMiTARUM</span> <span class='ocrx_word' id='word_1_4' title='bbox 1328 371 1506 436; x_wconf 86' lang='lat' dir='ltr'>SYSTEMA</span> 
     </span>
    </p>
   </div>
   <div class='ocr_carea' id='block_1_2' title="bbox 321 535 1969 1080">
    <p class='ocr_par' dir='ltr' id='par_1_2' title="bbox 321 535 1969 1080">
     <span class='ocr_line' id='line_1_2' title="bbox 321 535 1969 621; baseline 0.002 -24"><span class='ocrx_word' id='word_1_5' title='bbox 321 536 586 621; x_wconf 86' lang='lat' dir='ltr'>quemadmodum</span> <span class='ocrx_word' id='word_1_6' title='bbox 605 536 786 598; x_wconf 78' lang='lat' dir='ltr'><strong>Perizonius</strong></span> <span class='ocrx_word' id='word_1_7' title='bbox 812 536 905 598; x_wconf 89' lang='lat' dir='ltr'>sensit</span> <span class='ocrx_word' id='word_1_8' title='bbox 917 537 952 597; x_wconf 91' lang='lat' dir='ltr'>in</span> <span class='ocrx_word' id='word_1_9' title='bbox 965 535 1082 617; x_wconf 75' lang='lat' dir='ltr'>Om&#39;qia.</span> <span class='ocrx_word' id='word_1_10' title='bbox 1137 537 1296 617; x_wconf 80' lang='lat' dir='ltr'>orIginum</span> <span class='ocrx_word' id='word_1_11' title='bbox 1308 544 1512 600; x_wconf 86' lang='lat' dir='ltr'>monumenta</span> <span class='ocrx_word' id='word_1_12' title='bbox 1523 535 1757 600; x_wconf 77' lang='lat' dir='ltr'>hahemus⁸.lie</span> <span class='ocrx_word' id='word_1_13' title='bbox 1770 537 1889 601; x_wconf 87' lang='lat' dir='ltr'>Nemrod</span> <span class='ocrx_word' id='word_1_14' title='bbox 1968 586 1969 609; x_wconf 50' lang='lat'><em>2</em></span> 
     </span>
     <span class='ocr_line' id='line_1_3' title="bbox 322 628 1969 713; baseline 0 -22"><span class='ocrx_word' id='word_1_15' title='bbox 322 628 506 710; x_wconf 78' lang='lat' dir='ltr'>AEqpptioc.</span> <span class='ocrx_word' id='word_1_16' title='bbox 536 637 564 691; x_wconf 87' lang='lat' dir='ltr'>et</span> <span class='ocrx_word' id='word_1_17' title='bbox 589 636 680 709; x_wconf 82' lang='lat' dir='ltr'>temp.</span> <span class='ocrx_word' id='word_1_18' title='bbox 703 628 974 710; x_wconf 80' lang='lat' dir='ltr'>antiquissimorum</span> <span class='ocrx_word' id='word_1_19' title='bbox 999 630 1088 690; x_wconf 87' lang='lat' dir='ltr'>inoes·</span> <span class='ocrx_word' id='word_1_20' title='bbox 1137 630 1222 691; x_wconf 92' lang='lat' dir='ltr'>enim</span> <span class='ocrx_word' id='word_1_21' title='bbox 1235 630 1299 692; x_wconf 74' lang='lat' dir='ltr'>haec</span> <span class='ocrx_word' id='word_1_22' title='bbox 1311 631 1415 712; x_wconf 84' lang='lat' dir='ltr'><strong>prodit</strong></span> <span class='ocrx_word' id='word_1_23' title='bbox 1433 632 1533 694; x_wconf 89' lang='lat' dir='ltr'>Moses</span> <span class='ocrx_word' id='word_1_24' title='bbox 1554 651 1563 691; x_wconf 72' lang='grc' dir='ltr'><strong>ε</strong></span> <span class='ocrx_word' id='word_1_25' title='bbox 1582 629 1661 691; x_wconf 84' lang='lat' dir='ltr'>Fuit</span> <span class='ocrx_word' id='word_1_26' title='bbox 1676 636 1772 691; x_wconf 84' lang='lat' dir='ltr'>uatem</span> <span class='ocrx_word' id='word_1_27' title='bbox 1786 629 1890 711; x_wconf 63' lang='lat' dir='ltr'>punci-</span> <span class='ocrx_word' id='word_1_28' title='bbox 1968 640 1969 713; x_wconf 47' lang='grc' dir='ltr'>ᾗ</span> 
     </span>
     <span class='ocr_line' id='line_1_4' title="bbox 323 720 1969 805; baseline 0.001 -23"><span class='ocrx_word' id='word_1_29' title='bbox 323 721 485 802; x_wconf 78' lang='lat' dir='ltr'>tiqatione‘?</span> <span class='ocrx_word' id='word_1_30' title='bbox 504 722 633 801; x_wconf 76' lang='lat' dir='ltr'>questio</span> <span class='ocrx_word' id='word_1_31' title='bbox 655 727 701 783; x_wconf 89' lang='lat' dir='ltr'>est</span> <span class='ocrx_word' id='word_1_32' title='bbox 719 720 847 782; x_wconf 73' lang='lat' dir='ltr'>diarius</span> <span class='ocrx_word' id='word_1_33' title='bbox 859 720 1004 783; x_wconf 78' lang='lat' dir='ltr'>msumu.</span> <span class='ocrx_word' id='word_1_34' title='bbox 1021 722 1088 782; x_wconf 87' lang='lat' dir='ltr'>Hoc</span> <span class='ocrx_word' id='word_1_35' title='bbox 1134 722 1219 802; x_wconf 83' lang='lat' dir='ltr'>piam</span> <span class='ocrx_word' id='word_1_36' title='bbox 1235 723 1332 805; x_wconf 79' lang='lat' dir='ltr'>Requi</span> <span class='ocrx_word' id='word_1_37' title='bbox 1342 724 1405 805; x_wconf 83' lang='lat' dir='ltr'>ejas</span> <span class='ocrx_word' id='word_1_38' title='bbox 1418 722 1563 805; x_wconf 81' lang='lat' dir='ltr'><strong><em>Babylon,</em></strong></span> <span class='ocrx_word' id='word_1_39' title='bbox 1578 730 1608 785; x_wconf 85' lang='lat' dir='ltr'>et</span> <span class='ocrx_word' id='word_1_40' title='bbox 1621 721 1731 800; x_wconf 78' lang='lat' dir='ltr'>Araris,</span> <span class='ocrx_word' id='word_1_41' title='bbox 1747 728 1777 783; x_wconf 84' lang='lat' dir='ltr'>st</span> <span class='ocrx_word' id='word_1_42' title='bbox 1790 722 1889 792; x_wconf 73' lang='lat' dir='ltr'>Acbari,</span> <span class='ocrx_word' id='word_1_43' title='bbox 1968 742 1969 799; x_wconf 81' lang='lat' dir='ltr'>j</span> 
     </span>
     <span class='ocr_line' id='line_1_5' title="bbox 321 812 1969 894; baseline -0.002 -20"><span class='ocrx_word' id='word_1_44' title='bbox 321 818 441 874; x_wconf 87' lang='lat' dir='ltr'>eertum</span> <span class='ocrx_word' id='word_1_45' title='bbox 453 820 510 891; x_wconf 87' lang='lat' dir='ltr'>est,</span> <span class='ocrx_word' id='word_1_46' title='bbox 523 813 934 894; x_wconf 71' lang='lat' dir='ltr'>MenamAEgyptiaoumque</span> <span class='ocrx_word' id='word_1_47' title='bbox 946 815 1089 893; x_wconf 82' lang='lat' dir='ltr'><strong>Regnum</strong></span> <span class='ocrx_word' id='word_1_48' title='bbox 1138 823 1166 876; x_wconf 82' lang='lat' dir='ltr'>at</span> <span class='ocrx_word' id='word_1_49' title='bbox 1181 814 1332 878; x_wconf 75' lang='lat' dir='ltr'>Chalcaea</span> <span class='ocrx_word' id='word_1_50' title='bbox 1346 820 1378 877; x_wconf 81' lang='lat' dir='ltr'>in</span> <span class='ocrx_word' id='word_1_51' title='bbox 1398 825 1480 877; x_wconf 73' lang='lat' dir='ltr'>terra</span> <span class='ocrx_word' id='word_1_52' title='bbox 1498 812 1665 878; x_wconf 61' lang='lat' dir='ltr'>Senecas</span> <span class='ocrx_word' id='word_1_53' title='bbox 1676 814 1776 894; x_wconf 78' lang='lat' dir='ltr'>Igitur</span> <span class='ocrx_word' id='word_1_54' title='bbox 1787 815 1893 876; x_wconf 88' lang='lat' dir='ltr'>aNam·</span> <span class='ocrx_word' id='word_1_55' title='bbox 1968 860 1969 871; x_wconf 47' lang='lat'>2</span> 
     </span>
     <span class='ocr_line' id='line_1_6' title="bbox 321 905 1893 988; baseline 0.002 -23"><span class='ocrx_word' id='word_1_56' title='bbox 321 910 390 985; x_wconf 89' lang='lat' dir='ltr'>post</span> <span class='ocrx_word' id='word_1_57' title='bbox 417 905 580 967; x_wconf 90' lang='lat' dir='ltr'>Noeticum</span> <span class='ocrx_word' id='word_1_58' title='bbox 608 906 762 967; x_wconf 88' lang='lat' dir='ltr'>diluvium</span> <span class='ocrx_word' id='word_1_59' title='bbox 782 905 944 982; x_wconf 79' lang='lat' dir='ltr'>floruisse3</span> <span class='ocrx_word' id='word_1_60' title='bbox 975 906 1039 967; x_wconf 91' lang='lat' dir='ltr'>imo</span> <span class='ocrx_word' id='word_1_61' title='bbox 1059 910 1091 966; x_wconf 92' lang='lat' dir='ltr'>et</span> <span class='ocrx_word' id='word_1_62' title='bbox 1137 908 1197 969; x_wconf 90' lang='lat' dir='ltr'>rod</span> <span class='ocrx_word' id='word_1_63' title='bbox 1210 909 1273 970; x_wconf 91' lang='lat' dir='ltr'>sive</span> <span class='ocrx_word' id='word_1_64' title='bbox 1287 908 1313 969; x_wconf 88' lang='lat' dir='ltr'>is</span> <span class='ocrx_word' id='word_1_65' title='bbox 1327 909 1418 970; x_wconf 89' lang='lat' dir='ltr'>Belus</span> <span class='ocrx_word' id='word_1_66' title='bbox 1427 910 1476 981; x_wconf 73' lang='lat' dir='ltr'>ab,</span> <span class='ocrx_word' id='word_1_67' title='bbox 1489 908 1573 988; x_wconf 90' lang='lat' dir='ltr'>quod</span> <span class='ocrx_word' id='word_1_68' title='bbox 1586 907 1616 969; x_wconf 89' lang='lat' dir='ltr'>le</span> <span class='ocrx_word' id='word_1_69' title='bbox 1625 907 1784 982; x_wconf 83' lang='lat' dir='ltr'>Quienius,</span> <span class='ocrx_word' id='word_1_70' title='bbox 1792 907 1893 986; x_wconf 89' lang='lat' dir='ltr'>aliique</span> 
     </span>
     <span class='ocr_line' id='line_1_7' title="bbox 321 996 1969 1080; baseline 0.002 -21"><span class='ocrx_word' id='word_1_71' title='bbox 321 996 479 1059; x_wconf 84' lang='lat' dir='ltr'>Mestraim</span> <span class='ocrx_word' id='word_1_72' title='bbox 514 998 668 1059; x_wconf 88' lang='lat' dir='ltr'>sccundus</span> <span class='ocrx_word' id='word_1_73' title='bbox 711 997 819 1059; x_wconf 84' lang='lat' dir='ltr'>Chami</span> <span class='ocrx_word' id='word_1_74' title='bbox 851 998 946 1073; x_wconf 88' lang='lat' dir='ltr'>filius,</span> <span class='ocrx_word' id='word_1_75' title='bbox 996 1015 1090 1078; x_wconf 61' lang='lat' dir='ltr'>mem</span> <span class='ocrx_word' id='word_1_76' title='bbox 1139 999 1245 1080; x_wconf 85' lang='lat' dir='ltr'>plures</span> <span class='ocrx_word' id='word_1_77' title='bbox 1258 1000 1514 1080; x_wconf 84' lang='lat' dir='ltr'>opinantur,sive</span> <span class='ocrx_word' id='word_1_78' title='bbox 1527 998 1820 1062; x_wconf 76' lang='lat' dir='ltr'>ahmareaentiore</span> <span class='ocrx_word' id='word_1_79' title='bbox 1830 1000 1892 1062; x_wconf 87' lang='lat' dir='ltr'>Belo</span> <span class='ocrx_word' id='word_1_80' title='bbox 1968 996 1969 1019; x_wconf 65' lang='lat'>¹</span> 
     </span>
    </p>
   </div>
   <div class='ocr_carea' id='block_1_3' title="bbox 305 1090 1969 5232">
    <p class='ocr_par' dir='ltr' id='par_1_3' title="bbox 316 1090 1969 2837">
     <span class='ocr_line' id='line_1_8' title="bbox 320 1090 1969 1172; baseline 0.002 -22"><span class='ocrx_word' id='word_1_81' title='bbox 320 1090 492 1169; x_wconf 79' lang='lat' dir='ltr'>AEgyptnm</span> <span class='ocrx_word' id='word_1_82' title='bbox 518 1090 656 1170; x_wconf 90' lang='lat' dir='ltr'>primum</span> <span class='ocrx_word' id='word_1_83' title='bbox 682 1090 834 1151; x_wconf 75' lang='lat' dir='ltr'>habitasse</span> <span class='ocrx_word' id='word_1_84' title='bbox 860 1090 1011 1171; x_wconf 86' lang='lat' dir='ltr'>lesephus</span> <span class='ocrx_word' id='word_1_85' title='bbox 1043 1108 1091 1151; x_wconf 88' lang='lat' dir='ltr'>re·</span> <span class='ocrx_word' id='word_1_86' title='bbox 1139 1091 1186 1151; x_wconf 91' lang='lat' dir='ltr'>uti</span> <span class='ocrx_word' id='word_1_87' title='bbox 1201 1092 1368 1154; x_wconf 88' lang='lat' dir='ltr'>Pezronius</span> <span class='ocrx_word' id='word_1_88' title='bbox 1390 1093 1556 1169; x_wconf 83' lang='lat' dir='ltr'>existimat,</span> <span class='ocrx_word' id='word_1_89' title='bbox 1580 1091 1756 1172; x_wconf 71' lang='lat' dir='ltr'>repetendae</span> <span class='ocrx_word' id='word_1_90' title='bbox 1769 1093 1894 1153; x_wconf 90' lang='lat' dir='ltr'>suntBa·</span> <span class='ocrx_word' id='word_1_91' title='bbox 1968 1092 1969 1129; x_wconf 58' lang='lat' dir='ltr'>l</span> 
     </span>
     <span class='ocr_line' id='line_1_9' title="bbox 319 1172 1969 1264; baseline 0.005 -23"><span class='ocrx_word' id='word_1_92' title='bbox 319 1179 409 1255; x_wconf 86' lang='lat' dir='ltr'>Iert¹,</span> <span class='ocrx_word' id='word_1_93' title='bbox 436 1188 467 1243; x_wconf 88' lang='lat' dir='ltr'>et</span> <span class='ocrx_word' id='word_1_94' title='bbox 489 1200 528 1244; x_wconf 85' lang='lat' dir='ltr'>ex</span> <span class='ocrx_word' id='word_1_95' title='bbox 549 1182 768 1263; x_wconf 85' lang='lat' dir='ltr'>coappellatus</span> <span class='ocrx_word' id='word_1_96' title='bbox 781 1182 957 1255; x_wconf 79' lang='lat' dir='ltr'>Pezionius,</span> <span class='ocrx_word' id='word_1_97' title='bbox 982 1180 1090 1264; x_wconf 72' lang='lat' dir='ltr'>(Tour-</span> <span class='ocrx_word' id='word_1_98' title='bbox 1138 1182 1338 1262; x_wconf 85' lang='lat' dir='ltr'>hyloniorum</span> <span class='ocrx_word' id='word_1_99' title='bbox 1363 1185 1509 1264; x_wconf 75' lang='lat' dir='ltr'>origines.</span> <span class='ocrx_word' id='word_1_100' title='bbox 1539 1184 1675 1245; x_wconf 91' lang='lat' dir='ltr'>Nemrod</span> <span class='ocrx_word' id='word_1_101' title='bbox 1697 1187 1803 1245; x_wconf 90' lang='lat' dir='ltr'>autem</span> <span class='ocrx_word' id='word_1_102' title='bbox 1822 1183 1893 1244; x_wconf 85' lang='lat' dir='ltr'>filim</span> <span class='ocrx_word' id='word_1_103' title='bbox 1968 1172 1969 1249; x_wconf 54' lang='lat' dir='ltr'>s</span> 
     </span>
     <span class='ocr_line' id='line_1_10' title="bbox 320 1273 1894 1357; baseline 0.001 -22"><span class='ocrx_word' id='word_1_104' title='bbox 320 1273 477 1335; x_wconf 87' lang='lat' dir='ltr'>neminius</span> <span class='ocrx_word' id='word_1_105' title='bbox 490 1282 595 1336; x_wconf 90' lang='lat' dir='ltr'>tamen</span> <span class='ocrx_word' id='word_1_106' title='bbox 607 1292 673 1335; x_wconf 92' lang='lat' dir='ltr'>non</span> <span class='ocrx_word' id='word_1_107' title='bbox 685 1273 821 1335; x_wconf 90' lang='lat' dir='ltr'>hominis</span> <span class='ocrx_word' id='word_1_108' title='bbox 835 1274 867 1336; x_wconf 90' lang='lat' dir='ltr'>id</span> <span class='ocrx_word' id='word_1_109' title='bbox 886 1292 1088 1351; x_wconf 89' lang='lat' dir='ltr'>nomenesse,</span> <span class='ocrx_word' id='word_1_110' title='bbox 1137 1274 1197 1336; x_wconf 84' lang='lat' dir='ltr'>luit</span> <span class='ocrx_word' id='word_1_111' title='bbox 1210 1277 1305 1354; x_wconf 85' lang='lat' dir='ltr'>Ghus,</span> <span class='ocrx_word' id='word_1_112' title='bbox 1324 1282 1356 1339; x_wconf 91' lang='lat' dir='ltr'>et</span> <span class='ocrx_word' id='word_1_113' title='bbox 1364 1278 1475 1339; x_wconf 76' lang='lat' dir='ltr'>chami</span> <span class='ocrx_word' id='word_1_114' title='bbox 1489 1294 1593 1357; x_wconf 88' lang='lat' dir='ltr'>nepos.</span> <span class='ocrx_word' id='word_1_115' title='bbox 1621 1276 1702 1344; x_wconf 86' lang='lat' dir='ltr'>Quid</span> <span class='ocrx_word' id='word_1_116' title='bbox 1721 1294 1796 1355; x_wconf 81' lang='lat' dir='ltr'>ergo</span> <span class='ocrx_word' id='word_1_117' title='bbox 1809 1277 1894 1355; x_wconf 80' lang='lat' dir='ltr'>garrit</span> 
     </span>
     <span class='ocr_line' id='line_1_11' title="bbox 320 1365 1922 1450; baseline 0.002 -24"><span class='ocrx_word' id='word_1_118' title='bbox 320 1365 374 1426; x_wconf 90' lang='lat' dir='ltr'>sad</span> <span class='ocrx_word' id='word_1_119' title='bbox 385 1367 494 1446; x_wconf 90' lang='lat' dir='ltr'>populi</span> <span class='ocrx_word' id='word_1_120' title='bbox 511 1365 682 1448; x_wconf 78' lang='lat' dir='ltr'>contendit)</span> <span class='ocrx_word' id='word_1_121' title='bbox 706 1368 745 1428; x_wconf 90' lang='lat' dir='ltr'>ad</span> <span class='ocrx_word' id='word_1_122' title='bbox 761 1367 990 1447; x_wconf 87' lang='lat' dir='ltr'>postdiluviana</span> <span class='ocrx_word' id='word_1_123' title='bbox 1007 1372 1088 1428; x_wconf 77' lang='lat' dir='ltr'>tem</span> <span class='ocrx_word' id='word_1_124' title='bbox 1139 1367 1328 1448; x_wconf 81' lang='lat' dir='ltr'>Payrerius?</span> <span class='ocrx_word' id='word_1_125' title='bbox 1348 1370 1425 1450; x_wconf 91' lang='lat' dir='ltr'>quid</span> <span class='ocrx_word' id='word_1_126' title='bbox 1445 1369 1631 1449; x_wconf 85' lang='lat' dir='ltr'>Babylonios</span> <span class='ocrx_word' id='word_1_127' title='bbox 1642 1368 1749 1448; x_wconf 85' lang='lat' dir='ltr'>jactat,</span> <span class='ocrx_word' id='word_1_128' title='bbox 1770 1374 1806 1429; x_wconf 87' lang='lat' dir='ltr'>ut</span> <span class='ocrx_word' id='word_1_129' title='bbox 1825 1370 1895 1430; x_wconf 68' lang='lat' dir='ltr'>Pras</span> <span class='ocrx_word' id='word_1_130' title='bbox 1919 1394 1922 1403; x_wconf 92' lang='lat'><em>·</em></span> 
     </span>
     <span class='ocr_line' id='line_1_12' title="bbox 318 1458 1969 1539; baseline 0.003 -22"><span class='ocrx_word' id='word_1_131' title='bbox 318 1475 396 1537; x_wconf 92' lang='lat' dir='ltr'>pora</span> <span class='ocrx_word' id='word_1_132' title='bbox 411 1464 538 1537; x_wconf 89' lang='lat' dir='ltr'>spectat.</span> <span class='ocrx_word' id='word_1_133' title='bbox 554 1460 634 1520; x_wconf 92' lang='lat' dir='ltr'>Nam</span> <span class='ocrx_word' id='word_1_134' title='bbox 653 1459 848 1521; x_wconf 86' lang='lat' dir='ltr'>Manethonis</span> <span class='ocrx_word' id='word_1_135' title='bbox 860 1459 922 1519; x_wconf 90' lang='lat' dir='ltr'>illae</span> <span class='ocrx_word' id='word_1_136' title='bbox 940 1458 1089 1538; x_wconf 80' lang='lat' dir='ltr'>dynastiae</span> <span class='ocrx_word' id='word_1_137' title='bbox 1138 1459 1288 1523; x_wconf 78' lang='lat' dir='ltr'>adamitae</span> <span class='ocrx_word' id='word_1_138' title='bbox 1302 1480 1374 1523; x_wconf 89' lang='lat' dir='ltr'>suos</span> <span class='ocrx_word' id='word_1_139' title='bbox 1387 1460 1580 1523; x_wconf 80' lang='lat' dir='ltr'>confirmet?</span> <span class='ocrx_word' id='word_1_140' title='bbox 1968 1534 1969 1539; x_wconf 8' lang='grc' dir='ltr'>γ</span> 
     </span>
     <span class='ocr_line' id='line_1_13' title="bbox 319 1551 1969 1633; baseline 0.002 -23"><span class='ocrx_word' id='word_1_141' title='bbox 319 1567 385 1610; x_wconf 92' lang='lat' dir='ltr'>non</span> <span class='ocrx_word' id='word_1_142' title='bbox 398 1552 568 1613; x_wconf 80' lang='lat' dir='ltr'>successive</span> <span class='ocrx_word' id='word_1_143' title='bbox 582 1551 739 1612; x_wconf 90' lang='lat' dir='ltr'>omnesin</span> <span class='ocrx_word' id='word_1_144' title='bbox 752 1552 887 1631; x_wconf 78' lang='lat' dir='ltr'>AEgypto</span> <span class='ocrx_word' id='word_1_145' title='bbox 904 1553 1087 1628; x_wconf 84' lang='lat' dir='ltr'>floruerunt,</span> <span class='ocrx_word' id='word_1_146' title='bbox 1178 1553 1214 1614; x_wconf 87' lang='lat' dir='ltr'>V.</span> <span class='ocrx_word' id='word_1_147' title='bbox 1232 1554 1276 1615; x_wconf 89' lang='lat' dir='ltr'>De</span> <span class='ocrx_word' id='word_1_148' title='bbox 1292 1554 1475 1616; x_wconf 89' lang='lat' dir='ltr'>Sinensihus</span> <span class='ocrx_word' id='word_1_149' title='bbox 1497 1571 1596 1633; x_wconf 83' lang='lat' dir='ltr'>pauca</span> <span class='ocrx_word' id='word_1_150' title='bbox 1611 1552 1725 1614; x_wconf 88' lang='lat' dir='ltr'>dicam.</span> <span class='ocrx_word' id='word_1_151' title='bbox 1741 1553 1814 1614; x_wconf 77' lang='lat' dir='ltr'>lima</span> <span class='ocrx_word' id='word_1_152' title='bbox 1822 1559 1896 1615; x_wconf 85' lang='lat' dir='ltr'>certa</span> <span class='ocrx_word' id='word_1_153' title='bbox 1968 1552 1969 1613; x_wconf 81' lang='lat'>3</span> 
     </span>
     <span class='ocr_line' id='line_1_14' title="bbox 318 1641 1969 1723; baseline 0.002 -21"><span class='ocrx_word' id='word_1_154' title='bbox 318 1641 372 1702; x_wconf 90' lang='lat' dir='ltr'>sed</span> <span class='ocrx_word' id='word_1_155' title='bbox 385 1646 432 1703; x_wconf 90' lang='lat' dir='ltr'>uti</span> <span class='ocrx_word' id='word_1_156' title='bbox 450 1644 741 1723; x_wconf 85' lang='lat' dir='ltr'>postMarshamum</span> <span class='ocrx_word' id='word_1_157' title='bbox 754 1643 894 1723; x_wconf 87' lang='lat' dir='ltr'>plerique</span> <span class='ocrx_word' id='word_1_158' title='bbox 912 1642 1090 1704; x_wconf 80' lang='lat' dir='ltr'>existimant</span> <span class='ocrx_word' id='word_1_159' title='bbox 1137 1643 1293 1708; x_wconf 86' lang='lat' dir='ltr'>videntur.</span> <span class='ocrx_word' id='word_1_160' title='bbox 1306 1648 1331 1709; x_wconf 91' lang='lat' dir='ltr'>I.</span> <span class='ocrx_word' id='word_1_161' title='bbox 1348 1646 1494 1708; x_wconf 88' lang='lat' dir='ltr'>Sinenses</span> <span class='ocrx_word' id='word_1_162' title='bbox 1506 1646 1634 1707; x_wconf 89' lang='lat' dir='ltr'>annales</span> <span class='ocrx_word' id='word_1_163' title='bbox 1648 1651 1767 1707; x_wconf 75' lang='lat' dir='ltr'>scetem</span> <span class='ocrx_word' id='word_1_164' title='bbox 1781 1644 1891 1708; x_wconf 79' lang='lat' dir='ltr'>Iahulb.</span> <span class='ocrx_word' id='word_1_165' title='bbox 1968 1662 1969 1719; x_wconf 86' lang='lat' dir='ltr'>j</span> 
     </span>
     <span class='ocr_line' id='line_1_15' title="bbox 320 1730 1969 1818; baseline 0.004 -25"><span class='ocrx_word' id='word_1_166' title='bbox 320 1730 388 1814; x_wconf 86' lang='lat' dir='ltr'>(atsi</span> <span class='ocrx_word' id='word_1_167' title='bbox 402 1753 467 1796; x_wconf 89' lang='lat' dir='ltr'>non</span> <span class='ocrx_word' id='word_1_168' title='bbox 480 1755 544 1798; x_wconf 89' lang='lat' dir='ltr'>una</span> <span class='ocrx_word' id='word_1_169' title='bbox 568 1742 614 1798; x_wconf 87' lang='lat' dir='ltr'>ost</span> <span class='ocrx_word' id='word_1_170' title='bbox 640 1737 674 1797; x_wconf 91' lang='lat' dir='ltr'>in</span> <span class='ocrx_word' id='word_1_171' title='bbox 688 1736 749 1797; x_wconf 83' lang='lat' dir='ltr'>fllia</span> <span class='ocrx_word' id='word_1_172' title='bbox 762 1735 947 1797; x_wconf 77' lang='lat' dir='ltr'>collocandis</span> <span class='ocrx_word' id='word_1_173' title='bbox 973 1736 1089 1796; x_wconf 89' lang='lat' dir='ltr'>horum</span> <span class='ocrx_word' id='word_1_174' title='bbox 1138 1737 1288 1817; x_wconf 78' lang='lat' dir='ltr'>Exemplo</span> <span class='ocrx_word' id='word_1_175' title='bbox 1295 1738 1345 1817; x_wconf 90' lang='lat' dir='ltr'>sit,</span> <span class='ocrx_word' id='word_1_176' title='bbox 1360 1738 1486 1818; x_wconf 88' lang='lat' dir='ltr'>quodin</span> <span class='ocrx_word' id='word_1_177' title='bbox 1499 1737 1693 1814; x_wconf 80' lang='lat' dir='ltr'>illislegitur‚</span> <span class='ocrx_word' id='word_1_178' title='bbox 1703 1736 1761 1797; x_wconf 90' lang='lat' dir='ltr'>sub</span> <span class='ocrx_word' id='word_1_179' title='bbox 1773 1738 1895 1816; x_wconf 76' lang='lat' dir='ltr'>regaiso</span> <span class='ocrx_word' id='word_1_180' title='bbox 1968 1796 1969 1815; x_wconf 13' lang='grc' dir='ltr'><strong>ξ</strong></span> 
     </span>
     <span class='ocr_line' id='line_1_16' title="bbox 318 1827 1895 1910; baseline 0.003 -24"><span class='ocrx_word' id='word_1_181' title='bbox 318 1827 462 1889; x_wconf 90' lang='lat' dir='ltr'>omnium</span> <span class='ocrx_word' id='word_1_182' title='bbox 477 1827 640 1909; x_wconf 82' lang='lat' dir='ltr'>sententia)</span> <span class='ocrx_word' id='word_1_183' title='bbox 665 1829 791 1890; x_wconf 86' lang='lat' dir='ltr'>illarum</span> <span class='ocrx_word' id='word_1_184' title='bbox 816 1828 927 1908; x_wconf 87' lang='lat' dir='ltr'>aliquae</span> <span class='ocrx_word' id='word_1_185' title='bbox 948 1828 1089 1889; x_wconf 89' lang='lat' dir='ltr'>simulin</span> <span class='ocrx_word' id='word_1_186' title='bbox 1137 1829 1201 1890; x_wconf 86' lang='lat' dir='ltr'>sole</span> <span class='ocrx_word' id='word_1_187' title='bbox 1215 1848 1271 1910; x_wconf 90' lang='lat' dir='ltr'>per</span> <span class='ocrx_word' id='word_1_188' title='bbox 1285 1831 1390 1892; x_wconf 90' lang='lat' dir='ltr'>decem</span> <span class='ocrx_word' id='word_1_189' title='bbox 1409 1831 1474 1892; x_wconf 89' lang='lat' dir='ltr'>dies</span> <span class='ocrx_word' id='word_1_190' title='bbox 1493 1830 1648 1908; x_wconf 68' lang='lat' dir='ltr'>hereum,</span> <span class='ocrx_word' id='word_1_191' title='bbox 1669 1828 1895 1909; x_wconf 87' lang='lat' dir='ltr'>immotoquein</span> 
     </span>
     <span class='ocr_line' id='line_1_17' title="bbox 317 1920 1969 2003; baseline 0.004 -25"><span class='ocrx_word' id='word_1_192' title='bbox 317 1920 410 1980; x_wconf 76' lang='lat' dir='ltr'>verbs</span> <span class='ocrx_word' id='word_1_193' title='bbox 431 1921 565 1996; x_wconf 74' lang='lat' dir='ltr'>regionis</span> <span class='ocrx_word' id='word_1_194' title='bbox 590 1920 673 1982; x_wconf 90' lang='lat' dir='ltr'>illius</span> <span class='ocrx_word' id='word_1_195' title='bbox 696 1920 865 2001; x_wconf 86' lang='lat' dir='ltr'>provinciis</span> <span class='ocrx_word' id='word_1_196' title='bbox 887 1920 1009 1997; x_wconf 90' lang='lat' dir='ltr'>sedem,</span> <span class='ocrx_word' id='word_1_197' title='bbox 1037 1938 1087 1981; x_wconf 88' lang='lat' dir='ltr'>re·</span> <span class='ocrx_word' id='word_1_198' title='bbox 1137 1921 1247 1983; x_wconf 90' lang='lat' dir='ltr'>eodem</span> <span class='ocrx_word' id='word_1_199' title='bbox 1260 1922 1411 1985; x_wconf 90' lang='lat' dir='ltr'>caeliloco</span> <span class='ocrx_word' id='word_1_200' title='bbox 1428 1924 1584 1984; x_wconf 91' lang='lat' dir='ltr'>mundum</span> <span class='ocrx_word' id='word_1_201' title='bbox 1597 1921 1823 2002; x_wconf 85' lang='lat' dir='ltr'>propemodum</span> <span class='ocrx_word' id='word_1_202' title='bbox 1835 1941 1896 1984; x_wconf 92' lang='lat' dir='ltr'>oon·</span> <span class='ocrx_word' id='word_1_203' title='bbox 1968 1998 1969 2003; x_wconf 8' lang='grc' dir='ltr'>γ</span> 
     </span>
     <span class='ocr_line' id='line_1_18' title="bbox 316 2011 1896 2093; baseline 0.003 -23"><span class='ocrx_word' id='word_1_204' title='bbox 316 2027 476 2091; x_wconf 78' lang='lat' dir='ltr'>gnumquc</span> <span class='ocrx_word' id='word_1_205' title='bbox 491 2013 664 2075; x_wconf 90' lang='lat' dir='ltr'>obtinuere.</span> <span class='ocrx_word' id='word_1_206' title='bbox 676 2013 737 2074; x_wconf 87' lang='lat' dir='ltr'>Sed</span> <span class='ocrx_word' id='word_1_207' title='bbox 747 2012 877 2073; x_wconf 90' lang='lat' dir='ltr'>etaliam</span> <span class='ocrx_word' id='word_1_208' title='bbox 890 2011 1087 2073; x_wconf 79' lang='lat' dir='ltr'>Marathonis</span> <span class='ocrx_word' id='word_1_209' title='bbox 1137 2012 1300 2093; x_wconf 82' lang='lat' dir='ltr'>flagrasse3</span> <span class='ocrx_word' id='word_1_210' title='bbox 1316 2033 1388 2077; x_wconf 90' lang='lat' dir='ltr'>cum</span> <span class='ocrx_word' id='word_1_211' title='bbox 1399 2020 1506 2076; x_wconf 66' lang='lat' dir='ltr'>umen</span> <span class='ocrx_word' id='word_1_212' title='bbox 1517 2014 1649 2076; x_wconf 58' lang='lat' dir='ltr'>mamus</span> <span class='ocrx_word' id='word_1_213' title='bbox 1662 2032 1702 2076; x_wconf 81' lang='lat' dir='ltr'>ex</span> <span class='ocrx_word' id='word_1_214' title='bbox 1721 2014 1800 2075; x_wconf 87' lang='lat' dir='ltr'>libro</span> <span class='ocrx_word' id='word_1_215' title='bbox 1820 2014 1896 2076; x_wconf 76' lang='lat' dir='ltr'>June</span> 
     </span>
     <span class='ocr_line' id='line_1_19' title="bbox 317 2104 1969 2187; baseline 0.003 -24"><span class='ocrx_word' id='word_1_216' title='bbox 317 2120 391 2163; x_wconf 90' lang='lat' dir='ltr'>cum</span> <span class='ocrx_word' id='word_1_217' title='bbox 400 2121 485 2165; x_wconf 87' lang='lat' dir='ltr'>sacra</span> <span class='ocrx_word' id='word_1_218' title='bbox 495 2105 697 2184; x_wconf 81' lang='lat' dir='ltr'>chronologia</span> <span class='ocrx_word' id='word_1_219' title='bbox 704 2104 889 2165; x_wconf 89' lang='lat' dir='ltr'>conciliandi</span> <span class='ocrx_word' id='word_1_220' title='bbox 897 2105 982 2166; x_wconf 74' lang='lat' dir='ltr'>mam</span> <span class='ocrx_word' id='word_1_221' title='bbox 994 2105 1087 2184; x_wconf 83' lang='lat' dir='ltr'>longa</span> <span class='ocrx_word' id='word_1_222' title='bbox 1136 2106 1243 2167; x_wconf 73' lang='lat' dir='ltr'>nausa</span> <span class='ocrx_word' id='word_1_223' title='bbox 1264 2107 1354 2168; x_wconf 87' lang='lat' dir='ltr'>solem</span> <span class='ocrx_word' id='word_1_224' title='bbox 1370 2108 1404 2169; x_wconf 84' lang='lat' dir='ltr'>ia</span> <span class='ocrx_word' id='word_1_225' title='bbox 1417 2106 1513 2169; x_wconf 86' lang='lat' dir='ltr'>medio</span> <span class='ocrx_word' id='word_1_226' title='bbox 1531 2106 1610 2185; x_wconf 84' lang='lat' dir='ltr'>coeli,</span> <span class='ocrx_word' id='word_1_227' title='bbox 1634 2115 1663 2168; x_wconf 86' lang='lat' dir='ltr'>at</span> <span class='ocrx_word' id='word_1_228' title='bbox 1682 2125 1742 2168; x_wconf 80' lang='lat' dir='ltr'>aon</span> <span class='ocrx_word' id='word_1_229' title='bbox 1762 2106 1896 2187; x_wconf 72' lang='lat' dir='ltr'>festinasse</span> <span class='ocrx_word' id='word_1_230' title='bbox 1968 2184 1969 2187; x_wconf 8' lang='grc' dir='ltr'><strong>Ἴ</strong></span> 
     </span>
     <span class='ocr_line' id='line_1_20' title="bbox 317 2197 1894 2280; baseline 0.003 -24"><span class='ocrx_word' id='word_1_231' title='bbox 317 2197 576 2276; x_wconf 85' lang='lat' dir='ltr'>expeditissimam</span> <span class='ocrx_word' id='word_1_232' title='bbox 607 2197 816 2278; x_wconf 89' lang='lat' dir='ltr'>superioribus</span> <span class='ocrx_word' id='word_1_233' title='bbox 848 2197 938 2258; x_wconf 89' lang='lat' dir='ltr'>annis</span> <span class='ocrx_word' id='word_1_234' title='bbox 971 2197 1088 2260; x_wconf 85' lang='lat' dir='ltr'>detexit</span> <span class='ocrx_word' id='word_1_235' title='bbox 1136 2200 1301 2261; x_wconf 78' lang='lat' dir='ltr'>mcumbere</span> <span class='ocrx_word' id='word_1_236' title='bbox 1309 2200 1403 2280; x_wconf 82' lang='lat' dir='ltr'>spatio</span> <span class='ocrx_word' id='word_1_237' title='bbox 1412 2200 1502 2261; x_wconf 84' lang='lat' dir='ltr'>anias</span> <span class='ocrx_word' id='word_1_238' title='bbox 1510 2198 1587 2269; x_wconf 83' lang='lat' dir='ltr'>diei,·</span> <span class='ocrx_word' id='word_1_239' title='bbox 1601 2197 1736 2277; x_wconf 77' lang='lat' dir='ltr'>nonfuit</span> <span class='ocrx_word' id='word_1_240' title='bbox 1744 2206 1894 2275; x_wconf 61' lang='lat' dir='ltr'>outcome</span> 
     </span>
     <span class='ocr_line' id='line_1_21' title="bbox 317 2280 1969 2373; baseline 0.001 -24"><span class='ocrx_word' id='word_1_241' title='bbox 317 2288 427 2350; x_wconf 89' lang='lat' dir='ltr'>doetus</span> <span class='ocrx_word' id='word_1_242' title='bbox 450 2291 617 2351; x_wconf 87' lang='lat' dir='ltr'>canonicus</span> <span class='ocrx_word' id='word_1_243' title='bbox 640 2290 745 2351; x_wconf 89' lang='lat' dir='ltr'>Gallus</span> <span class='ocrx_word' id='word_1_244' title='bbox 772 2290 939 2365; x_wconf 89' lang='lat' dir='ltr'>Rioherus;</span> <span class='ocrx_word' id='word_1_245' title='bbox 968 2290 1086 2369; x_wconf 89' lang='lat' dir='ltr'>dequo</span> <span class='ocrx_word' id='word_1_246' title='bbox 1132 2299 1235 2371; x_wconf 84' lang='lat' dir='ltr'>posteo</span> <span class='ocrx_word' id='word_1_247' title='bbox 1245 2300 1305 2353; x_wconf 81' lang='lat' dir='ltr'>tam</span> <span class='ocrx_word' id='word_1_248' title='bbox 1319 2290 1476 2373; x_wconf 80' lang='lat' dir='ltr'>lonqadias</span> <span class='ocrx_word' id='word_1_249' title='bbox 1486 2290 1522 2354; x_wconf 84' lang='lat'>¹⁰.</span> <span class='ocrx_word' id='word_1_250' title='bbox 1538 2294 1580 2353; x_wconf 91' lang='grc' dir='ltr'>ΙΙ.</span> <span class='ocrx_word' id='word_1_251' title='bbox 1598 2291 1781 2354; x_wconf 78' lang='lat' dir='ltr'>sinensium</span> <span class='ocrx_word' id='word_1_252' title='bbox 1789 2291 1893 2372; x_wconf 91' lang='lat' dir='ltr'>opinio,</span> <span class='ocrx_word' id='word_1_253' title='bbox 1968 2280 1969 2313; x_wconf 72' lang='lat'><em>³</em></span> 
     </span>
     <span class='ocr_line' id='line_1_22' title="bbox 317 2381 1969 2465; baseline 0.002 -23"><span class='ocrx_word' id='word_1_254' title='bbox 317 2384 444 2444; x_wconf 89' lang='lat' dir='ltr'>consule</span> <span class='ocrx_word' id='word_1_255' title='bbox 469 2382 681 2444; x_wconf 83' lang='lat' dir='ltr'>Trevoltianos</span> <span class='ocrx_word' id='word_1_256' title='bbox 716 2383 821 2444; x_wconf 89' lang='lat' dir='ltr'>Patres</span> <span class='ocrx_word' id='word_1_257' title='bbox 848 2381 881 2442; x_wconf 91' lang='lat' dir='ltr'>in</span> <span class='ocrx_word' id='word_1_258' title='bbox 911 2381 1087 2444; x_wconf 77' lang='lat' dir='ltr'>litterariis</span> <span class='ocrx_word' id='word_1_259' title='bbox 1136 2401 1206 2464; x_wconf 76' lang='lat' dir='ltr'>qna</span> <span class='ocrx_word' id='word_1_260' title='bbox 1219 2385 1333 2446; x_wconf 85' lang='lat' dir='ltr'>multas</span> <span class='ocrx_word' id='word_1_261' title='bbox 1346 2384 1532 2446; x_wconf 69' lang='lat' dir='ltr'>saeculorum</span> <span class='ocrx_word' id='word_1_262' title='bbox 1548 2384 1708 2465; x_wconf 81' lang='lat' dir='ltr'>myriadas</span> <span class='ocrx_word' id='word_1_263' title='bbox 1722 2385 1895 2446; x_wconf 85' lang='lat' dir='ltr'>mundatri-</span> <span class='ocrx_word' id='word_1_264' title='bbox 1968 2386 1969 2393; x_wconf 75' lang='grc'>’</span> 
     </span>
     <span class='ocr_line' id='line_1_23' title="bbox 317 2473 1969 2558; baseline 0.002 -24"><span class='ocrx_word' id='word_1_265' title='bbox 317 2491 346 2536; x_wconf 91' lang='lat' dir='ltr'>a.</span> <span class='ocrx_word' id='word_1_266' title='bbox 362 2491 505 2537; x_wconf 72' lang='lat' dir='ltr'>nasama</span> <span class='ocrx_word' id='word_1_267' title='bbox 517 2475 740 2539; x_wconf 91' lang='lat' dir='ltr'>monumentis.</span> <span class='ocrx_word' id='word_1_268' title='bbox 756 2474 858 2535; x_wconf 86' lang='lat' dir='ltr'>Viden</span> <span class='ocrx_word' id='word_1_269' title='bbox 872 2473 907 2535; x_wconf 82' lang='lat'>¹?</span> <span class='ocrx_word' id='word_1_270' title='bbox 920 2481 997 2555; x_wconf 89' lang='lat' dir='ltr'>quot</span> <span class='ocrx_word' id='word_1_271' title='bbox 1011 2494 1086 2555; x_wconf 92' lang='lat' dir='ltr'>sup·</span> <span class='ocrx_word' id='word_1_272' title='bbox 1134 2475 1213 2550; x_wconf 89' lang='lat' dir='ltr'>huit,</span> <span class='ocrx_word' id='word_1_273' title='bbox 1230 2484 1261 2539; x_wconf 88' lang='lat' dir='ltr'>et</span> <span class='ocrx_word' id='word_1_274' title='bbox 1274 2477 1427 2539; x_wconf 87' lang='lat' dir='ltr'>recentior</span> <span class='ocrx_word' id='word_1_275' title='bbox 1448 2482 1504 2551; x_wconf 88' lang='lat' dir='ltr'>est,</span> <span class='ocrx_word' id='word_1_276' title='bbox 1520 2482 1551 2538; x_wconf 89' lang='lat' dir='ltr'>et</span> <span class='ocrx_word' id='word_1_277' title='bbox 1568 2495 1588 2538; x_wconf 88' lang='lat' dir='ltr'>a</span> <span class='ocrx_word' id='word_1_278' title='bbox 1607 2477 1816 2558; x_wconf 79' lang='lat' dir='ltr'>sagacioribus</span> <span class='ocrx_word' id='word_1_279' title='bbox 1827 2476 1894 2538; x_wconf 87' lang='lat' dir='ltr'>lalss</span> <span class='ocrx_word' id='word_1_280' title='bbox 1968 2496 1969 2519; x_wconf 76' lang='lat'>³</span> 
     </span>
     <span class='ocr_line' id='line_1_24' title="bbox 316 2566 1969 2650; baseline 0.003 -24"><span class='ocrx_word' id='word_1_281' title='bbox 316 2573 601 2647; x_wconf 89' lang='lat' dir='ltr'>petantmomeuta,</span> <span class='ocrx_word' id='word_1_282' title='bbox 614 2575 651 2629; x_wconf 89' lang='lat' dir='ltr'>ut</span> <span class='ocrx_word' id='word_1_283' title='bbox 665 2585 705 2629; x_wconf 89' lang='lat' dir='ltr'>ne</span> <span class='ocrx_word' id='word_1_284' title='bbox 719 2567 759 2628; x_wconf 92' lang='lat' dir='ltr'>ob</span> <span class='ocrx_word' id='word_1_285' title='bbox 773 2566 886 2628; x_wconf 90' lang='lat' dir='ltr'>miram</span> <span class='ocrx_word' id='word_1_286' title='bbox 898 2567 1087 2647; x_wconf 82' lang='lat' dir='ltr'>AEgyptiacae</span> <span class='ocrx_word' id='word_1_287' title='bbox 1135 2568 1250 2644; x_wconf 90' lang='lat' dir='ltr'>habita,</span> <span class='ocrx_word' id='word_1_288' title='bbox 1271 2574 1307 2630; x_wconf 90' lang='lat' dir='ltr'>ut</span> <span class='ocrx_word' id='word_1_289' title='bbox 1320 2587 1391 2650; x_wconf 91' lang='lat' dir='ltr'>quae</span> <span class='ocrx_word' id='word_1_290' title='bbox 1411 2569 1581 2631; x_wconf 75' lang='lat' dir='ltr'>arbitraria</span> <span class='ocrx_word' id='word_1_291' title='bbox 1601 2569 1729 2649; x_wconf 88' lang='lat' dir='ltr'>epochae</span> <span class='ocrx_word' id='word_1_292' title='bbox 1756 2570 1894 2631; x_wconf 79' lang='lat' dir='ltr'>nitahua</span> <span class='ocrx_word' id='word_1_293' title='bbox 1968 2574 1969 2577; x_wconf 75' lang='grc'>’</span> 
     </span>
     <span class='ocr_line' id='line_1_25' title="bbox 316 2659 1969 2742; baseline 0.002 -23"><span class='ocrx_word' id='word_1_294' title='bbox 316 2659 1085 2741; x_wconf 79' lang='lat' dir='ltr'>gentisantiquitatemPrasadamitIcadeliramenta</span> <span class='ocrx_word' id='word_1_295' title='bbox 1134 2660 1383 2742; x_wconf 78' lang='lat' dir='ltr'>hicnon-hiungo</span> <span class='ocrx_word' id='word_1_296' title='bbox 1410 2678 1478 2723; x_wconf 77' lang='lat' dir='ltr'>axvi</span> <span class='ocrx_word' id='word_1_297' title='bbox 1507 2667 1578 2723; x_wconf 87' lang='lat' dir='ltr'>aute</span> <span class='ocrx_word' id='word_1_298' title='bbox 1605 2661 1764 2723; x_wconf 79' lang='lat' dir='ltr'>Christum</span> <span class='ocrx_word' id='word_1_299' title='bbox 1795 2667 1893 2723; x_wconf 89' lang='lat' dir='ltr'>mtum</span> <span class='ocrx_word' id='word_1_300' title='bbox 1968 2708 1969 2739; x_wconf 69' lang='lat'>,</span> 
     </span>
     <span class='ocr_line' id='line_1_26' title="bbox 316 2752 1893 2834; baseline 0.001 -21"><span class='ocrx_word' id='word_1_301' title='bbox 316 2752 510 2833; x_wconf 86' lang='lat' dir='ltr'>adoptamus.</span> <span class='ocrx_word' id='word_1_302' title='bbox 1133 2771 1217 2815; x_wconf 90' lang='lat' dir='ltr'>anno</span> <span class='ocrx_word' id='word_1_303' title='bbox 1245 2772 1352 2816; x_wconf 91' lang='lat' dir='ltr'>cursus</span> <span class='ocrx_word' id='word_1_304' title='bbox 1376 2754 1538 2834; x_wconf 84' lang='lat' dir='ltr'>cujusdam</span> <span class='ocrx_word' id='word_1_305' title='bbox 1555 2754 1757 2816; x_wconf 86' lang='lat' dir='ltr'>astronomici</span> <span class='ocrx_word' id='word_1_306' title='bbox 1778 2760 1893 2817; x_wconf 78' lang='lat' dir='ltr'>auomre</span> 
     </span>
    </p>

    <p class='ocr_par' dir='ltr' id='par_1_4' title="bbox 305 2843 1969 5232">
     <span class='ocr_line' id='line_1_27' title="bbox 356 2843 1969 2926; baseline 0.002 -22"><span class='ocrx_word' id='word_1_307' title='bbox 356 2845 409 2906; x_wconf 88' lang='lat' dir='ltr'>IV.</span> <span class='ocrx_word' id='word_1_308' title='bbox 426 2844 691 2925; x_wconf 88' lang='lat' dir='ltr'>Necpaucioraea</span> <span class='ocrx_word' id='word_1_309' title='bbox 704 2843 1085 2923; x_wconf 88' lang='lat' dir='ltr'>sunt,quaecumobjecta</span> <span class='ocrx_word' id='word_1_310' title='bbox 1133 2844 1279 2908; x_wconf 77' lang='lat' dir='ltr'>invente.</span> <span class='ocrx_word' id='word_1_311' title='bbox 1293 2848 1350 2908; x_wconf 90' lang='lat' dir='ltr'>III.</span> <span class='ocrx_word' id='word_1_312' title='bbox 1367 2847 1495 2926; x_wconf 90' lang='lat' dir='ltr'>lpsimet</span> <span class='ocrx_word' id='word_1_313' title='bbox 1509 2847 1654 2925; x_wconf 83' lang='lat' dir='ltr'>Sinanses</span> <span class='ocrx_word' id='word_1_314' title='bbox 1668 2846 1807 2908; x_wconf 87' lang='lat' dir='ltr'>historici</span> <span class='ocrx_word' id='word_1_315' title='bbox 1823 2847 1893 2908; x_wconf 78' lang='lat' dir='ltr'>mue</span> <span class='ocrx_word' id='word_1_316' title='bbox 1968 2886 1969 2907; x_wconf 68' lang='lat'><em>2</em></span> 
     </span>
     <span class='ocr_line' id='line_1_28' title="bbox 315 2935 1969 3019; baseline 0.002 -22"><span class='ocrx_word' id='word_1_317' title='bbox 315 2936 530 2999; x_wconf 80' lang='lat' dir='ltr'>Chaldaeorum</span> <span class='ocrx_word' id='word_1_318' title='bbox 543 2942 695 2999; x_wconf 86' lang='lat' dir='ltr'>vetustate</span> <span class='ocrx_word' id='word_1_319' title='bbox 717 2944 870 3017; x_wconf 82' lang='lat' dir='ltr'>pugnant.</span> <span class='ocrx_word' id='word_1_320' title='bbox 891 2938 991 3016; x_wconf 84' lang='lat' dir='ltr'>Atque</span> <span class='ocrx_word' id='word_1_321' title='bbox 1007 2935 1084 2998; x_wconf 89' lang='lat' dir='ltr'>illud</span> <span class='ocrx_word' id='word_1_322' title='bbox 1133 2936 1166 2999; x_wconf 90' lang='lat' dir='ltr'>in</span> <span class='ocrx_word' id='word_1_323' title='bbox 1178 2939 1350 3000; x_wconf 81' lang='lat' dir='ltr'>statuendis</span> <span class='ocrx_word' id='word_1_324' title='bbox 1371 2956 1436 3000; x_wconf 82' lang='lat' dir='ltr'>sues</span> <span class='ocrx_word' id='word_1_325' title='bbox 1449 2938 1551 3019; x_wconf 78' lang='lat' dir='ltr'>gentis</span> <span class='ocrx_word' id='word_1_326' title='bbox 1573 2938 1819 3019; x_wconf 78' lang='lat' dir='ltr'>origmibusque,</span> <span class='ocrx_word' id='word_1_327' title='bbox 1833 2957 1894 3000; x_wconf 83' lang='lat' dir='ltr'>sno</span> <span class='ocrx_word' id='word_1_328' title='bbox 1968 2958 1969 2983; x_wconf 82' lang='lat'>³</span> 
     </span>
     <span class='ocr_line' id='line_1_29' title="bbox 314 3028 1893 3111; baseline 0.001 -21"><span class='ocrx_word' id='word_1_329' title='bbox 314 3030 435 3106; x_wconf 86' lang='lat' dir='ltr'>omitto,</span> <span class='ocrx_word' id='word_1_330' title='bbox 451 3030 614 3110; x_wconf 80' lang='lat' dir='ltr'>quodviri</span> <span class='ocrx_word' id='word_1_331' title='bbox 637 3029 838 3109; x_wconf 90' lang='lat' dir='ltr'>quamplures</span> <span class='ocrx_word' id='word_1_332' title='bbox 866 3029 949 3090; x_wconf 90' lang='lat' dir='ltr'>docti</span> <span class='ocrx_word' id='word_1_333' title='bbox 975 3028 1082 3106; x_wconf 89' lang='lat' dir='ltr'>aiunt,</span> <span class='ocrx_word' id='word_1_334' title='bbox 1132 3047 1266 3111; x_wconf 89' lang='lat' dir='ltr'>rumque</span> <span class='ocrx_word' id='word_1_335' title='bbox 1280 3033 1509 3111; x_wconf 87' lang='lat' dir='ltr'>Imperatorum</span> <span class='ocrx_word' id='word_1_336' title='bbox 1522 3030 1779 3109; x_wconf 86' lang='lat' dir='ltr'>successionibus,</span> <span class='ocrx_word' id='word_1_337' title='bbox 1801 3031 1893 3092; x_wconf 82' lang='lat' dir='ltr'>annis</span> 
     </span>
     <span class='ocr_line' id='line_1_30' title="bbox 315 3120 1890 3201; baseline 0.001 -19"><span class='ocrx_word' id='word_1_338' title='bbox 315 3120 638 3184; x_wconf 78' lang='lat' dir='ltr'>Ghaldaeorumanuos</span> <span class='ocrx_word' id='word_1_339' title='bbox 650 3122 738 3182; x_wconf 90' lang='lat' dir='ltr'>initio</span> <span class='ocrx_word' id='word_1_340' title='bbox 763 3139 829 3185; x_wconf 88' lang='lat' dir='ltr'>non</span> <span class='ocrx_word' id='word_1_341' title='bbox 842 3121 926 3183; x_wconf 88' lang='lat' dir='ltr'>ultra</span> <span class='ocrx_word' id='word_1_342' title='bbox 938 3121 1021 3183; x_wconf 74' lang='lat' dir='ltr'>rbem</span> <span class='ocrx_word' id='word_1_343' title='bbox 1033 3138 1085 3182; x_wconf 81' lang='lat' dir='ltr'>ex·</span> <span class='ocrx_word' id='word_1_344' title='bbox 1133 3122 1288 3201; x_wconf 83' lang='lat' dir='ltr'>quainter</span> <span class='ocrx_word' id='word_1_345' title='bbox 1300 3140 1333 3184; x_wconf 90' lang='lat' dir='ltr'>se</span> <span class='ocrx_word' id='word_1_346' title='bbox 1346 3123 1542 3185; x_wconf 90' lang='lat' dir='ltr'>dissentiunt.</span> <span class='ocrx_word' id='word_1_347' title='bbox 1562 3123 1705 3185; x_wconf 85' lang='lat' dir='ltr'>Freretus</span> <span class='ocrx_word' id='word_1_348' title='bbox 1726 3124 1776 3184; x_wconf 88' lang='lat' dir='ltr'>vir</span> <span class='ocrx_word' id='word_1_349' title='bbox 1788 3122 1890 3185; x_wconf 81' lang='lat' dir='ltr'>clariss</span> 
     </span>
     <span class='ocr_line' id='line_1_31' title="bbox 313 3213 1893 3295; baseline 0.002 -22"><span class='ocrx_word' id='word_1_350' title='bbox 313 3215 456 3291; x_wconf 77' lang='lat' dir='ltr'>sortisse,</span> <span class='ocrx_word' id='word_1_351' title='bbox 471 3215 734 3294; x_wconf 89' lang='lat' dir='ltr'>quemadmodum</span> <span class='ocrx_word' id='word_1_352' title='bbox 758 3220 789 3276; x_wconf 89' lang='lat' dir='ltr'>et</span> <span class='ocrx_word' id='word_1_353' title='bbox 803 3214 842 3275; x_wconf 91' lang='lat' dir='ltr'>de</span> <span class='ocrx_word' id='word_1_354' title='bbox 855 3213 1082 3293; x_wconf 90' lang='lat' dir='ltr'>antiquioribus</span> <span class='ocrx_word' id='word_1_355' title='bbox 1132 3213 1166 3275; x_wconf 92' lang='lat' dir='ltr'>in</span> <span class='ocrx_word' id='word_1_356' title='bbox 1184 3214 1450 3295; x_wconf 90' lang='lat' dir='ltr'>disquisitionibus</span> <span class='ocrx_word' id='word_1_357' title='bbox 1463 3216 1502 3276; x_wconf 89' lang='lat' dir='ltr'>de</span> <span class='ocrx_word' id='word_1_358' title='bbox 1524 3214 1663 3276; x_wconf 89' lang='lat' dir='ltr'>Sinansis</span> <span class='ocrx_word' id='word_1_359' title='bbox 1686 3215 1893 3295; x_wconf 78' lang='lat' dir='ltr'>chronologia</span> 
     </span>
     <span class='ocr_line' id='line_1_32' title="bbox 312 3305 1893 3388; baseline 0.003 -22"><span class='ocrx_word' id='word_1_360' title='bbox 312 3306 467 3386; x_wconf 77' lang='lat' dir='ltr'>AEgyptiis</span> <span class='ocrx_word' id='word_1_361' title='bbox 484 3307 677 3388; x_wconf 79' lang='lat' dir='ltr'>Palaephatus</span> <span class='ocrx_word' id='word_1_362' title='bbox 691 3306 831 3368; x_wconf 90' lang='lat' dir='ltr'>traditin</span> <span class='ocrx_word' id='word_1_363' title='bbox 855 3305 1082 3386; x_wconf 80' lang='lat' dir='ltr'>iragmentisex</span> <span class='ocrx_word' id='word_1_364' title='bbox 1131 3305 1327 3387; x_wconf 88' lang='lat' dir='ltr'>antiquitate,</span> <span class='ocrx_word' id='word_1_365' title='bbox 1352 3313 1384 3368; x_wconf 90' lang='lat' dir='ltr'>et</span> <span class='ocrx_word' id='word_1_366' title='bbox 1417 3307 1599 3371; x_wconf 87' lang='lat' dir='ltr'>certitudine</span> <span class='ocrx_word' id='word_1_367' title='bbox 1632 3307 1666 3368; x_wconf 93' lang='lat' dir='ltr'>in</span> <span class='ocrx_word' id='word_1_368' title='bbox 1698 3312 1893 3370; x_wconf 90' lang='lat' dir='ltr'>monumenta</span> 
     </span>
     <span class='ocr_line' id='line_1_33' title="bbox 312 3396 1891 3480; baseline 0.003 -23"><span class='ocrx_word' id='word_1_369' title='bbox 312 3396 464 3459; x_wconf 84' lang='lat' dir='ltr'>Chronico</span> <span class='ocrx_word' id='word_1_370' title='bbox 477 3398 698 3474; x_wconf 71' lang='lat' dir='ltr'>Menandrinm</span> <span class='ocrx_word' id='word_1_371' title='bbox 711 3416 786 3460; x_wconf 85' lang='lat' dir='ltr'>narn</span> <span class='ocrx_word' id='word_1_372' title='bbox 803 3398 875 3459; x_wconf 88' lang='lat' dir='ltr'>licet</span> <span class='ocrx_word' id='word_1_373' title='bbox 887 3398 919 3460; x_wconf 93' lang='lat' dir='ltr'>id</span> <span class='ocrx_word' id='word_1_374' title='bbox 931 3396 1082 3459; x_wconf 86' lang='lat' dir='ltr'>verisimi·</span> <span class='ocrx_word' id='word_1_375' title='bbox 1131 3399 1241 3477; x_wconf 78' lang='lat' dir='ltr'>Regiae</span> <span class='ocrx_word' id='word_1_376' title='bbox 1264 3398 1440 3460; x_wconf 90' lang='lat' dir='ltr'>Parisiensis</span> <span class='ocrx_word' id='word_1_377' title='bbox 1460 3398 1711 3479; x_wconf 90' lang='lat' dir='ltr'>Inscriptionum,</span> <span class='ocrx_word' id='word_1_378' title='bbox 1730 3400 1891 3480; x_wconf 87' lang='lat' dir='ltr'>atquecul·</span> 
     </span>
     <span class='ocr_line' id='line_1_34' title="bbox 311 3488 1891 3571; baseline 0.004 -22"><span class='ocrx_word' id='word_1_379' title='bbox 311 3488 394 3550; x_wconf 88' lang='lat' dir='ltr'>libus</span> <span class='ocrx_word' id='word_1_380' title='bbox 406 3491 557 3554; x_wconf 87' lang='lat' dir='ltr'>suadeant</span> <span class='ocrx_word' id='word_1_381' title='bbox 565 3491 749 3571; x_wconf 88' lang='lat' dir='ltr'>conjecturis</span> <span class='ocrx_word' id='word_1_382' title='bbox 761 3491 854 3571; x_wconf 81' lang='lat' dir='ltr'>Angli</span> <span class='ocrx_word' id='word_1_383' title='bbox 864 3490 1001 3551; x_wconf 74' lang='lat' dir='ltr'>historie</span> <span class='ocrx_word' id='word_1_384' title='bbox 1012 3491 1081 3551; x_wconf 91' lang='lat' dir='ltr'>uni-</span> <span class='ocrx_word' id='word_1_385' title='bbox 1129 3489 1246 3552; x_wconf 91' lang='lat' dir='ltr'>tiorum</span> <span class='ocrx_word' id='word_1_386' title='bbox 1258 3491 1432 3553; x_wconf 69' lang='lat' dir='ltr'>liberarum</span> <span class='ocrx_word' id='word_1_387' title='bbox 1446 3491 1622 3553; x_wconf 74' lang='lat' dir='ltr'>Academia</span> <span class='ocrx_word' id='word_1_388' title='bbox 1640 3491 1734 3553; x_wconf 77' lang='lat' dir='ltr'>ibatis</span> <span class='ocrx_word' id='word_1_389' title='bbox 1757 3493 1891 3555; x_wconf 87' lang='lat' dir='ltr'>undecim</span> 
     </span>
     <span class='ocr_line' id='line_1_35' title="bbox 312 3583 1892 3665; baseline 0.003 -23"><span class='ocrx_word' id='word_1_390' title='bbox 312 3599 409 3644; x_wconf 81' lang='lat' dir='ltr'>versas</span> <span class='ocrx_word' id='word_1_391' title='bbox 418 3583 1079 3665; x_wconf 87' lang='lat' dir='ltr'>scriptoresinanimadversionibusadtomi</span> <span class='ocrx_word' id='word_1_392' title='bbox 1129 3584 1259 3644; x_wconf 88' lang='lat' dir='ltr'>omnino</span> <span class='ocrx_word' id='word_1_393' title='bbox 1281 3583 1319 3646; x_wconf 88' lang='lat' dir='ltr'>de</span> <span class='ocrx_word' id='word_1_394' title='bbox 1332 3583 1383 3646; x_wconf 85' lang='lat' dir='ltr'>lai</span> <span class='ocrx_word' id='word_1_395' title='bbox 1403 3585 1484 3663; x_wconf 87' lang='lat' dir='ltr'>Imp.</span> <span class='ocrx_word' id='word_1_396' title='bbox 1511 3583 1607 3644; x_wconf 80' lang='lat' dir='ltr'>initiIs</span> <span class='ocrx_word' id='word_1_397' title='bbox 1626 3585 1796 3646; x_wconf 87' lang='lat' dir='ltr'>sententias</span> <span class='ocrx_word' id='word_1_398' title='bbox 1808 3585 1892 3646; x_wconf 80' lang='lat' dir='ltr'>refert</span> 
     </span>
     <span class='ocr_line' id='line_1_36' title="bbox 311 3673 1892 3757; baseline 0 -21"><span class='ocrx_word' id='word_1_399' title='bbox 311 3676 417 3757; x_wconf 90' lang='lat' dir='ltr'>primi,</span> <span class='ocrx_word' id='word_1_400' title='bbox 429 3677 597 3757; x_wconf 87' lang='lat' dir='ltr'>capitisque</span> <span class='ocrx_word' id='word_1_401' title='bbox 610 3676 687 3738; x_wconf 85' lang='lat' dir='ltr'>itam</span> <span class='ocrx_word' id='word_1_402' title='bbox 698 3676 792 3756; x_wconf 91' lang='lat' dir='ltr'>primi</span> <span class='ocrx_word' id='word_1_403' title='bbox 810 3675 977 3738; x_wconf 89' lang='lat' dir='ltr'>sectionem</span> <span class='ocrx_word' id='word_1_404' title='bbox 991 3674 1082 3755; x_wconf 92' lang='lat' dir='ltr'>quin-</span> <span class='ocrx_word' id='word_1_405' title='bbox 1129 3673 1174 3735; x_wconf 86' lang='lat' dir='ltr'>ita</span> <span class='ocrx_word' id='word_1_406' title='bbox 1192 3676 1327 3737; x_wconf 77' lang='lat' dir='ltr'>invicem</span> <span class='ocrx_word' id='word_1_407' title='bbox 1348 3675 1568 3755; x_wconf 84' lang='lat' dir='ltr'>discrepantes,</span> <span class='ocrx_word' id='word_1_408' title='bbox 1591 3680 1627 3736; x_wconf 89' lang='lat' dir='ltr'>ut</span> <span class='ocrx_word' id='word_1_409' title='bbox 1645 3693 1716 3755; x_wconf 78' lang='lat' dir='ltr'>ques</span> <span class='ocrx_word' id='word_1_410' title='bbox 1733 3675 1892 3739; x_wconf 86' lang='lat' dir='ltr'>recentissi-</span> 
     </span>
     <span class='ocr_line' id='line_1_37' title="bbox 311 3766 1890 3847; baseline -0.001 -18"><span class='ocrx_word' id='word_1_411' title='bbox 311 3773 398 3847; x_wconf 87' lang='lat' dir='ltr'>tam,</span> <span class='ocrx_word' id='word_1_412' title='bbox 426 3769 505 3830; x_wconf 93' lang='lat' dir='ltr'>illud</span> <span class='ocrx_word' id='word_1_413' title='bbox 524 3775 631 3831; x_wconf 68' lang='lat' dir='ltr'>umen</span> <span class='ocrx_word' id='word_1_414' title='bbox 653 3775 714 3831; x_wconf 89' lang='lat' dir='ltr'>eta</span> <span class='ocrx_word' id='word_1_415' title='bbox 728 3766 897 3830; x_wconf 83' lang='lat' dir='ltr'>Rieciolio⁸</span> <span class='ocrx_word' id='word_1_416' title='bbox 910 3773 942 3829; x_wconf 93' lang='lat' dir='ltr'>et</span> <span class='ocrx_word' id='word_1_417' title='bbox 955 3768 994 3828; x_wconf 90' lang='lat' dir='ltr'>ab</span> <span class='ocrx_word' id='word_1_418' title='bbox 1005 3767 1077 3831; x_wconf 81' lang='lat' dir='ltr'>lob.</span> <span class='ocrx_word' id='word_1_419' title='bbox 1127 3783 1217 3827; x_wconf 91' lang='lat' dir='ltr'>mum</span> <span class='ocrx_word' id='word_1_420' title='bbox 1234 3767 1324 3829; x_wconf 88' lang='lat' dir='ltr'>illum</span> <span class='ocrx_word' id='word_1_421' title='bbox 1337 3768 1455 3845; x_wconf 91' lang='lat' dir='ltr'>statuit,</span> <span class='ocrx_word' id='word_1_422' title='bbox 1470 3767 1509 3828; x_wconf 89' lang='lat' dir='ltr'>ab</span> <span class='ocrx_word' id='word_1_423' title='bbox 1533 3786 1580 3843; x_wconf 86' lang='lat' dir='ltr'>ea,</span> <span class='ocrx_word' id='word_1_424' title='bbox 1594 3767 1713 3846; x_wconf 79' lang='lat' dir='ltr'>quasia</span> <span class='ocrx_word' id='word_1_425' title='bbox 1728 3768 1890 3830; x_wconf 86' lang='lat' dir='ltr'>vetustiora</span> 
     </span>
     <span class='ocr_line' id='line_1_38' title="bbox 310 3859 1890 3941; baseline -0.001 -19"><span class='ocrx_word' id='word_1_426' title='bbox 310 3859 437 3923; x_wconf 87' lang='lat' dir='ltr'>Alberto</span> <span class='ocrx_word' id='word_1_427' title='bbox 484 3860 648 3924; x_wconf 73' lang='lat' dir='ltr'>Fabricio⁸</span> <span class='ocrx_word' id='word_1_428' title='bbox 696 3860 907 3941; x_wconf 90' lang='lat' dir='ltr'>improbatum</span> <span class='ocrx_word' id='word_1_429' title='bbox 944 3860 1077 3940; x_wconf 90' lang='lat' dir='ltr'>reperio.</span> <span class='ocrx_word' id='word_1_430' title='bbox 1128 3859 1274 3921; x_wconf 85' lang='lat' dir='ltr'>eumdem</span> <span class='ocrx_word' id='word_1_431' title='bbox 1287 3864 1429 3941; x_wconf 90' lang='lat' dir='ltr'>tempora</span> <span class='ocrx_word' id='word_1_432' title='bbox 1440 3859 1575 3938; x_wconf 82' lang='lat' dir='ltr'>conjicit,</span> <span class='ocrx_word' id='word_1_433' title='bbox 1590 3875 1890 3922; x_wconf 71' lang='lat' dir='ltr'>cmxnuvannorum</span> 
     </span>
     <span class='ocr_line' id='line_1_39' title="bbox 310 3950 1890 4035; baseline -0.001 -21"><span class='ocrx_word' id='word_1_434' title='bbox 310 3953 437 4031; x_wconf 79' lang='lat' dir='ltr'>Ctesias,</span> <span class='ocrx_word' id='word_1_435' title='bbox 453 3960 484 4016; x_wconf 85' lang='lat' dir='ltr'>et</span> <span class='ocrx_word' id='word_1_436' title='bbox 497 3954 602 4016; x_wconf 89' lang='lat' dir='ltr'>Berosi</span> <span class='ocrx_word' id='word_1_437' title='bbox 614 3952 795 4034; x_wconf 79' lang='lat' dir='ltr'>fragmentis</span> <span class='ocrx_word' id='word_1_438' title='bbox 808 3952 953 4013; x_wconf 87' lang='lat' dir='ltr'>universa</span> <span class='ocrx_word' id='word_1_439' title='bbox 970 3951 1079 4013; x_wconf 87' lang='lat' dir='ltr'>nititur</span> <span class='ocrx_word' id='word_1_440' title='bbox 1128 3950 1291 4014; x_wconf 86' lang='lat' dir='ltr'>intervallo</span> <span class='ocrx_word' id='word_1_441' title='bbox 1312 3951 1468 4013; x_wconf 88' lang='lat' dir='ltr'>dissideat.</span> <span class='ocrx_word' id='word_1_442' title='bbox 1497 3952 1552 4013; x_wconf 88' lang='lat' dir='ltr'>IV.</span> <span class='ocrx_word' id='word_1_443' title='bbox 1582 3951 1640 4013; x_wconf 87' lang='lat' dir='ltr'>Vel</span> <span class='ocrx_word' id='word_1_444' title='bbox 1672 3952 1749 4014; x_wconf 80' lang='lat' dir='ltr'>laus</span> <span class='ocrx_word' id='word_1_445' title='bbox 1780 3953 1890 4035; x_wconf 90' lang='lat' dir='ltr'>primus</span> 
     </span>
     <span class='ocr_line' id='line_1_40' title="bbox 310 4042 1890 4126; baseline 0 -20"><span class='ocrx_word' id='word_1_446' title='bbox 310 4044 473 4108; x_wconf 79' lang='lat' dir='ltr'>Chaldaica</span> <span class='ocrx_word' id='word_1_447' title='bbox 481 4043 1079 4126; x_wconf 74' lang='lat' dir='ltr'>historialitquictesiasvanusfideque</span> <span class='ocrx_word' id='word_1_448' title='bbox 1128 4060 1201 4103; x_wconf 92' lang='lat' dir='ltr'>cum</span> <span class='ocrx_word' id='word_1_449' title='bbox 1211 4044 1245 4105; x_wconf 87' lang='lat' dir='ltr'>P.</span> <span class='ocrx_word' id='word_1_450' title='bbox 1260 4043 1403 4105; x_wconf 88' lang='lat' dir='ltr'>Mastinio</span> <span class='ocrx_word' id='word_1_451' title='bbox 1424 4042 1519 4105; x_wconf 86' lang='lat' dir='ltr'>fuisse</span> <span class='ocrx_word' id='word_1_452' title='bbox 1537 4043 1658 4104; x_wconf 87' lang='lat' dir='ltr'>dicatur</span> <span class='ocrx_word' id='word_1_453' title='bbox 1680 4045 1817 4106; x_wconf 84' lang='lat' dir='ltr'>Sinansis</span> <span class='ocrx_word' id='word_1_454' title='bbox 1837 4045 1890 4106; x_wconf 92' lang='lat' dir='ltr'>lm·</span> 
     </span>
     <span class='ocr_line' id='line_1_41' title="bbox 307 4134 1888 4221; baseline 0 -24"><span class='ocrx_word' id='word_1_455' title='bbox 307 4137 454 4217; x_wconf 81' lang='lat' dir='ltr'>indignus</span> <span class='ocrx_word' id='word_1_456' title='bbox 470 4140 607 4220; x_wconf 91' lang='lat' dir='ltr'>Scriptor</span> <span class='ocrx_word' id='word_1_457' title='bbox 628 4139 713 4200; x_wconf 82' lang='lat' dir='ltr'>visus</span> <span class='ocrx_word' id='word_1_458' title='bbox 734 4137 887 4219; x_wconf 85' lang='lat' dir='ltr'>jamolim</span> <span class='ocrx_word' id='word_1_459' title='bbox 901 4142 948 4198; x_wconf 88' lang='lat' dir='ltr'>est</span> <span class='ocrx_word' id='word_1_460' title='bbox 972 4154 1079 4216; x_wconf 88' lang='lat' dir='ltr'>quam·</span> <span class='ocrx_word' id='word_1_461' title='bbox 1127 4135 1207 4215; x_wconf 88' lang='lat' dir='ltr'>perii</span> <span class='ocrx_word' id='word_1_462' title='bbox 1220 4134 1389 4212; x_wconf 88' lang='lat' dir='ltr'>institutor,</span> <span class='ocrx_word' id='word_1_463' title='bbox 1403 4135 1454 4221; x_wconf 81' lang='lat' dir='ltr'>vel</span> <span class='ocrx_word' id='word_1_464' title='bbox 1465 4135 1568 4216; x_wconf 90' lang='lat' dir='ltr'>potius</span> <span class='ocrx_word' id='word_1_465' title='bbox 1588 4136 1695 4212; x_wconf 87' lang='lat' dir='ltr'>Foius;</span> <span class='ocrx_word' id='word_1_466' title='bbox 1709 4143 1747 4198; x_wconf 93' lang='lat' dir='ltr'>ut</span> <span class='ocrx_word' id='word_1_467' title='bbox 1759 4137 1888 4217; x_wconf 89' lang='lat' dir='ltr'>plerique</span> 
     </span>
     <span class='ocr_line' id='line_1_42' title="bbox 308 4227 1888 4310; baseline 0.001 -20"><span class='ocrx_word' id='word_1_468' title='bbox 308 4230 459 4310; x_wconf 88' lang='lat' dir='ltr'>plurimis,</span> <span class='ocrx_word' id='word_1_469' title='bbox 477 4231 631 4309; x_wconf 87' lang='lat' dir='ltr'>Straboni,</span> <span class='ocrx_word' id='word_1_470' title='bbox 642 4227 831 4307; x_wconf 79' lang='lat' dir='ltr'>Plutarcho⁸,</span> <span class='ocrx_word' id='word_1_471' title='bbox 847 4229 976 4308; x_wconf 88' lang='lat' dir='ltr'>aliisque</span> <span class='ocrx_word' id='word_1_472' title='bbox 987 4228 1077 4290; x_wconf 87' lang='lat' dir='ltr'>item-</span> <span class='ocrx_word' id='word_1_473' title='bbox 1128 4227 1279 4307; x_wconf 89' lang='lat' dir='ltr'>sentiunt,</span> <span class='ocrx_word' id='word_1_474' title='bbox 1291 4228 1376 4290; x_wconf 83' lang='lat' dir='ltr'>salva</span> <span class='ocrx_word' id='word_1_475' title='bbox 1387 4245 1438 4290; x_wconf 90' lang='lat' dir='ltr'>res</span> <span class='ocrx_word' id='word_1_476' title='bbox 1455 4233 1513 4306; x_wconf 90' lang='lat' dir='ltr'>est,</span> <span class='ocrx_word' id='word_1_477' title='bbox 1528 4245 1604 4290; x_wconf 88' lang='lat' dir='ltr'>nam</span> <span class='ocrx_word' id='word_1_478' title='bbox 1624 4228 1677 4290; x_wconf 87' lang='lat' dir='ltr'>illc</span> <span class='ocrx_word' id='word_1_479' title='bbox 1690 4230 1888 4291; x_wconf 78' lang='lat' dir='ltr'>chasannum</span> 
     </span>
     <span class='ocr_line' id='line_1_43' title="bbox 308 4319 1889 4402; baseline -0.001 -20"><span class='ocrx_word' id='word_1_480' title='bbox 308 4340 369 4402; x_wconf 90' lang='lat' dir='ltr'>que</span> <span class='ocrx_word' id='word_1_481' title='bbox 391 4324 616 4386; x_wconf 86' lang='lat' dir='ltr'>recentioribus</span> <span class='ocrx_word' id='word_1_482' title='bbox 635 4324 815 4385; x_wconf 87' lang='lat' dir='ltr'>Hermanno</span> <span class='ocrx_word' id='word_1_483' title='bbox 829 4319 1028 4401; x_wconf 77' lang='lat' dir='ltr'>Conringio⁶,</span> <span class='ocrx_word' id='word_1_484' title='bbox 1050 4328 1082 4383; x_wconf 90' lang='lat' dir='ltr'>et</span> <span class='ocrx_word' id='word_1_485' title='bbox 1127 4325 1200 4381; x_wconf 88' lang='lat' dir='ltr'>ante</span> <span class='ocrx_word' id='word_1_486' title='bbox 1224 4320 1384 4382; x_wconf 80' lang='lat' dir='ltr'>Christum</span> <span class='ocrx_word' id='word_1_487' title='bbox 1396 4337 1525 4396; x_wconf 71' lang='lat' dir='ltr'>naemu,</span> <span class='ocrx_word' id='word_1_488' title='bbox 1545 4320 1662 4399; x_wconf 88' lang='lat' dir='ltr'>floruit,</span> <span class='ocrx_word' id='word_1_489' title='bbox 1697 4322 1751 4385; x_wconf 89' lang='lat' dir='ltr'>hie</span> <span class='ocrx_word' id='word_1_490' title='bbox 1776 4321 1889 4384; x_wconf 87' lang='lat' dir='ltr'>Hebero</span> 
     </span>
     <span class='ocr_line' id='line_1_44' title="bbox 310 4410 1889 4496; baseline -0.001 -21"><span class='ocrx_word' id='word_1_491' title='bbox 310 4413 355 4495; x_wconf 80' lang='lat' dir='ltr'>(ut</span> <span class='ocrx_word' id='word_1_492' title='bbox 368 4421 494 4476; x_wconf 79' lang='lat' dir='ltr'>cataros</span> <span class='ocrx_word' id='word_1_493' title='bbox 507 4414 624 4496; x_wconf 81' lang='lat' dir='ltr'>sileam)</span> <span class='ocrx_word' id='word_1_494' title='bbox 658 4417 716 4478; x_wconf 85' lang='lat' dir='ltr'>GL.</span> <span class='ocrx_word' id='word_1_495' title='bbox 744 4413 902 4477; x_wconf 61' lang='lat' dir='ltr'>&amp;roardo</span> <span class='ocrx_word' id='word_1_496' title='bbox 916 4414 955 4475; x_wconf 89' lang='lat' dir='ltr'>de</span> <span class='ocrx_word' id='word_1_497' title='bbox 972 4415 1078 4474; x_wconf 89' lang='lat' dir='ltr'>Mont·</span> <span class='ocrx_word' id='word_1_498' title='bbox 1130 4410 1245 4491; x_wconf 78' lang='lat' dir='ltr'>Phaleg</span> <span class='ocrx_word' id='word_1_499' title='bbox 1271 4411 1353 4473; x_wconf 87' lang='lat' dir='ltr'>Patri</span> <span class='ocrx_word' id='word_1_500' title='bbox 1383 4412 1511 4492; x_wconf 86' lang='lat' dir='ltr'>aequalis</span> <span class='ocrx_word' id='word_1_501' title='bbox 1528 4417 1706 4493; x_wconf 88' lang='lat' dir='ltr'>temporum</span> <span class='ocrx_word' id='word_1_502' title='bbox 1726 4413 1786 4475; x_wconf 81' lang='lat' dir='ltr'>tuit</span> <span class='ocrx_word' id='word_1_503' title='bbox 1807 4415 1889 4494; x_wconf 75' lang='lat' dir='ltr'>Juxta</span> 
     </span>
     <span class='ocr_line' id='line_1_45' title="bbox 306 4502 1888 4591; baseline 0.001 -25"><span class='ocrx_word' id='word_1_504' title='bbox 306 4506 418 4567; x_wconf 85' lang='lat' dir='ltr'>faucon</span> <span class='ocrx_word' id='word_1_505' title='bbox 446 4506 480 4591; x_wconf 83' lang='lat' dir='ltr'>in</span> <span class='ocrx_word' id='word_1_506' title='bbox 507 4506 587 4568; x_wconf 88' lang='lat' dir='ltr'>libro</span> <span class='ocrx_word' id='word_1_507' title='bbox 613 4505 649 4568; x_wconf 85' lang='lat' dir='ltr'>do</span> <span class='ocrx_word' id='word_1_508' title='bbox 668 4507 790 4570; x_wconf 80' lang='lat' dir='ltr'>veritate</span> <span class='ocrx_word' id='word_1_509' title='bbox 809 4505 944 4567; x_wconf 73' lang='lat' dir='ltr'>historice</span> <span class='ocrx_word' id='word_1_510' title='bbox 956 4503 1075 4567; x_wconf 72' lang='lat' dir='ltr'>luditis.</span> <span class='ocrx_word' id='word_1_511' title='bbox 1127 4502 1323 4582; x_wconf 89' lang='lat' dir='ltr'>putationem</span> <span class='ocrx_word' id='word_1_512' title='bbox 1340 4503 1537 4566; x_wconf 85' lang='lat' dir='ltr'>Pentateuchi</span> <span class='ocrx_word' id='word_1_513' title='bbox 1552 4505 1751 4582; x_wconf 82' lang='lat' dir='ltr'>Samaritani,</span> <span class='ocrx_word' id='word_1_514' title='bbox 1763 4507 1811 4568; x_wconf 90' lang='lat' dir='ltr'>cui</span> <span class='ocrx_word' id='word_1_515' title='bbox 1827 4514 1888 4567; x_wconf 87' lang='lat' dir='ltr'>ma·</span> 
     </span>
     <span class='ocr_line' id='line_1_46' title="bbox 306 4595 1887 4680; baseline -0.001 -21"><span class='ocrx_word' id='word_1_516' title='bbox 306 4599 438 4659; x_wconf 90' lang='lat' dir='ltr'>Berosus</span> <span class='ocrx_word' id='word_1_517' title='bbox 459 4616 533 4659; x_wconf 85' lang='lat' dir='ltr'>vero</span> <span class='ocrx_word' id='word_1_518' title='bbox 548 4596 573 4675; x_wconf 79' lang='lat'>⁷,</span> <span class='ocrx_word' id='word_1_519' title='bbox 604 4597 672 4680; x_wconf 80' lang='lat' dir='ltr'>(etsi</span> <span class='ocrx_word' id='word_1_520' title='bbox 686 4598 785 4660; x_wconf 85' lang='lat' dir='ltr'>multa</span> <span class='ocrx_word' id='word_1_521' title='bbox 811 4615 884 4659; x_wconf 83' lang='lat' dir='ltr'>rere</span> <span class='ocrx_word' id='word_1_522' title='bbox 895 4597 1026 4678; x_wconf 87' lang='lat' dir='ltr'>scripsit,</span> <span class='ocrx_word' id='word_1_523' title='bbox 1043 4616 1079 4658; x_wconf 86' lang='lat' dir='ltr'>aa</span> <span class='ocrx_word' id='word_1_524' title='bbox 1127 4595 1212 4657; x_wconf 85' lang='lat' dir='ltr'>xime</span> <span class='ocrx_word' id='word_1_525' title='bbox 1233 4595 1315 4657; x_wconf 85' lang='lat' dir='ltr'>lavet</span> <span class='ocrx_word' id='word_1_526' title='bbox 1328 4595 1467 4659; x_wconf 81' lang='lat' dir='ltr'>Sinansis</span> <span class='ocrx_word' id='word_1_527' title='bbox 1479 4597 1690 4674; x_wconf 78' lang='lat' dir='ltr'>chronologia.</span> <span class='ocrx_word' id='word_1_528' title='bbox 1712 4599 1774 4661; x_wconf 90' lang='lat' dir='ltr'>Sed</span> <span class='ocrx_word' id='word_1_529' title='bbox 1792 4600 1829 4661; x_wconf 89' lang='lat' dir='ltr'>de</span> <span class='ocrx_word' id='word_1_530' title='bbox 1844 4597 1887 4658; x_wconf 89' lang='lat' dir='ltr'>his</span> 
     </span>
     <span class='ocr_line' id='line_1_47' title="bbox 306 4687 1886 4769; baseline 0.001 -18"><span class='ocrx_word' id='word_1_531' title='bbox 306 4689 447 4751; x_wconf 78' lang='lat' dir='ltr'>Massica</span> <span class='ocrx_word' id='word_1_532' title='bbox 460 4690 631 4751; x_wconf 87' lang='lat' dir='ltr'>narrationi</span> <span class='ocrx_word' id='word_1_533' title='bbox 645 4709 709 4752; x_wconf 89' lang='lat' dir='ltr'>non</span> <span class='ocrx_word' id='word_1_534' title='bbox 733 4691 937 4766; x_wconf 83' lang='lat' dir='ltr'>dIssentauca,</span> <span class='ocrx_word' id='word_1_535' title='bbox 963 4689 1078 4769; x_wconf 90' lang='lat' dir='ltr'>quade</span> <span class='ocrx_word' id='word_1_536' title='bbox 1127 4687 1537 4767; x_wconf 76' lang='lat' dir='ltr'>praterPczronium11,Le</span> <span class='ocrx_word' id='word_1_537' title='bbox 1552 4689 1719 4764; x_wconf 87' lang='lat' dir='ltr'>Quianium</span> <span class='ocrx_word' id='word_1_538' title='bbox 1730 4692 1886 4752; x_wconf 86' lang='lat' dir='ltr'>etcitatum</span> 
     </span>
     <span class='ocr_line' id='line_1_48' title="bbox 307 4779 1887 4863; baseline 0.001 -22"><span class='ocrx_word' id='word_1_539' title='bbox 307 4799 398 4842; x_wconf 79' lang='lat' dir='ltr'>carna</span> <span class='ocrx_word' id='word_1_540' title='bbox 424 4788 455 4844; x_wconf 87' lang='lat' dir='ltr'>et</span> <span class='ocrx_word' id='word_1_541' title='bbox 475 4782 514 4843; x_wconf 88' lang='lat' dir='ltr'>ab</span> <span class='ocrx_word' id='word_1_542' title='bbox 527 4783 662 4863; x_wconf 81' lang='lat' dir='ltr'>losepho</span> <span class='ocrx_word' id='word_1_543' title='bbox 689 4782 791 4863; x_wconf 83' lang='lat' dir='ltr'>prImo</span> <span class='ocrx_word' id='word_1_544' title='bbox 817 4789 918 4843; x_wconf 80' lang='lat' dir='ltr'>contra</span> <span class='ocrx_word' id='word_1_545' title='bbox 932 4781 1077 4862; x_wconf 84' lang='lat' dir='ltr'>Apioncm</span> <span class='ocrx_word' id='word_1_546' title='bbox 1127 4779 1290 4841; x_wconf 85' lang='lat' dir='ltr'>Freretum</span> <span class='ocrx_word' id='word_1_547' title='bbox 1304 4780 1430 4843; x_wconf 83' lang='lat' dir='ltr'>consule</span> <span class='ocrx_word' id='word_1_548' title='bbox 1444 4782 1887 4863; x_wconf 83' lang='lat' dir='ltr'>Leonardumdeshialepeines</span> 
     </span>
     <span class='ocr_line' id='line_1_49' title="bbox 306 4872 1886 4956; baseline 0.003 -23"><span class='ocrx_word' id='word_1_549' title='bbox 306 4873 399 4950; x_wconf 92' lang='lat' dir='ltr'>libro,</span> <span class='ocrx_word' id='word_1_550' title='bbox 423 4879 495 4936; x_wconf 88' lang='lat' dir='ltr'>eta</span> <span class='ocrx_word' id='word_1_551' title='bbox 521 4874 693 4953; x_wconf 90' lang='lat' dir='ltr'>Theophila</span> <span class='ocrx_word' id='word_1_552' title='bbox 714 4874 905 4935; x_wconf 80' lang='lat' dir='ltr'>Antiocheno</span> <span class='ocrx_word' id='word_1_553' title='bbox 933 4873 968 4933; x_wconf 92' lang='lat' dir='ltr'>in</span> <span class='ocrx_word' id='word_1_554' title='bbox 985 4872 1076 4934; x_wconf 88' lang='lat' dir='ltr'>tertio</span> <span class='ocrx_word' id='word_1_555' title='bbox 1126 4874 1214 4933; x_wconf 83' lang='lat' dir='ltr'>tomo</span> <span class='ocrx_word' id='word_1_556' title='bbox 1243 4873 1378 4936; x_wconf 71' lang='lat' dir='ltr'>meando</span> <span class='ocrx_word' id='word_1_557' title='bbox 1408 4872 1688 4937; x_wconf 81' lang='lat' dir='ltr'>Warburthoniani</span> <span class='ocrx_word' id='word_1_558' title='bbox 1720 4873 1886 4956; x_wconf 82' lang='lat' dir='ltr'>speciminis</span> 
     </span>
     <span class='ocr_line' id='line_1_50' title="bbox 306 4964 1883 5048; baseline 0.001 -22"><span class='ocrx_word' id='word_1_559' title='bbox 306 4965 385 5027; x_wconf 90' lang='lat' dir='ltr'>libro</span> <span class='ocrx_word' id='word_1_560' title='bbox 398 4964 438 5027; x_wconf 86' lang='lat' dir='ltr'>ad</span> <span class='ocrx_word' id='word_1_561' title='bbox 462 4966 639 5048; x_wconf 76' lang='lat' dir='ltr'>Autolycum</span> <span class='ocrx_word' id='word_1_562' title='bbox 659 4964 812 5047; x_wconf 87' lang='lat' dir='ltr'>laudatur)</span> <span class='ocrx_word' id='word_1_563' title='bbox 841 4965 952 5026; x_wconf 84' lang='lat' dir='ltr'>fabulis</span> <span class='ocrx_word' id='word_1_564' title='bbox 964 4965 1076 5027; x_wconf 75' lang='lat' dir='ltr'>verita</span> <span class='ocrx_word' id='word_1_565' title='bbox 1126 4981 1219 5044; x_wconf 88' lang='lat' dir='ltr'>super</span> <span class='ocrx_word' id='word_1_566' title='bbox 1236 4964 1395 5045; x_wconf 77' lang='lat' dir='ltr'>AEgyptiis</span> <span class='ocrx_word' id='word_1_567' title='bbox 1414 4964 1656 5046; x_wconf 80' lang='lat' dir='ltr'>hieroglyphicis</span> <span class='ocrx_word' id='word_1_568' title='bbox 1674 4967 1786 5030; x_wconf 83' lang='lat' dir='ltr'>Gallice</span> <span class='ocrx_word' id='word_1_569' title='bbox 1799 4964 1883 5039; x_wconf 82' lang='lat' dir='ltr'>versi,</span> 
     </span>
     <span class='ocr_line' id='line_1_51' title="bbox 305 5056 1886 5139; baseline 0 -20"><span class='ocrx_word' id='word_1_570' title='bbox 305 5062 371 5119; x_wconf 64' lang='lat' dir='ltr'>mm</span> <span class='ocrx_word' id='word_1_571' title='bbox 384 5057 541 5139; x_wconf 89' lang='lat' dir='ltr'>inspersit,</span> <span class='ocrx_word' id='word_1_572' title='bbox 564 5058 762 5139; x_wconf 81' lang='lat' dir='ltr'>foedavitque.</span> <span class='ocrx_word' id='word_1_573' title='bbox 778 5056 894 5119; x_wconf 76' lang='lat' dir='ltr'>Confer</span> <span class='ocrx_word' id='word_1_574' title='bbox 915 5057 1009 5118; x_wconf 86' lang='lat' dir='ltr'>isaaci</span> <span class='ocrx_word' id='word_1_575' title='bbox 1021 5058 1074 5118; x_wconf 87' lang='lat' dir='ltr'>Ja-</span> <span class='ocrx_word' id='word_1_576' title='bbox 1126 5061 1157 5116; x_wconf 88' lang='lat' dir='ltr'>ct</span> <span class='ocrx_word' id='word_1_577' title='bbox 1169 5056 1441 5117; x_wconf 85' lang='lat' dir='ltr'>Trevoltianorum</span> <span class='ocrx_word' id='word_1_578' title='bbox 1457 5059 1586 5121; x_wconf 85' lang='lat' dir='ltr'>Petrum</span> <span class='ocrx_word' id='word_1_579' title='bbox 1598 5058 1886 5122; x_wconf 83' lang='lat' dir='ltr'>monumentalittc·</span> 
     </span>
     <span class='ocr_line' id='line_1_52' title="bbox 306 5147 1493 5232; baseline 0.002 -20"><span class='ocrx_word' id='word_1_580' title='bbox 306 5150 434 5231; x_wconf 86' lang='lat' dir='ltr'>quelotii</span> <span class='ocrx_word' id='word_1_581' title='bbox 474 5151 721 5214; x_wconf 86' lang='lat' dir='ltr'>dissertationem</span> <span class='ocrx_word' id='word_1_582' title='bbox 762 5151 897 5232; x_wconf 92' lang='lat' dir='ltr'>primam</span> <span class='ocrx_word' id='word_1_583' title='bbox 934 5148 1075 5211; x_wconf 84' lang='lat' dir='ltr'>adversos</span> <span class='ocrx_word' id='word_1_584' title='bbox 1125 5147 1292 5211; x_wconf 85' lang='lat' dir='ltr'>rariaanni</span> <span class='ocrx_word' id='word_1_585' title='bbox 1305 5148 1493 5214; x_wconf 64' lang='lat' dir='ltr'>noacuwfl.</span> 
     </span>
    </p>
   </div>
   <div class='ocr_carea' id='block_1_4' title="bbox 304 5240 1073 5326">
    <p class='ocr_par' dir='ltr' id='par_1_5' title="bbox 304 5240 1073 5326">
     <span class='ocr_line' id='line_1_53' title="bbox 304 5240 1073 5326; baseline -0.003 -20"><span class='ocrx_word' id='word_1_586' title='bbox 304 5240 422 5306; x_wconf 77' lang='lat' dir='ltr'>Atheos.</span> <span class='ocrx_word' id='word_1_587' title='bbox 431 5245 479 5305; x_wconf 83' lang='lat' dir='ltr'>Ex</span> <span class='ocrx_word' id='word_1_588' title='bbox 493 5242 655 5326; x_wconf 90' lang='lat' dir='ltr'>Scriptura</span> <span class='ocrx_word' id='word_1_589' title='bbox 668 5244 800 5307; x_wconf 73' lang='lat' dir='ltr'>certiora</span> <span class='ocrx_word' id='word_1_590' title='bbox 814 5241 1073 5324; x_wconf 80' lang='lat' dir='ltr'>Babyloniaarum</span> 
     </span>
    </p>
   </div>
   <div class='ocr_carea' id='block_1_5' title="bbox 307 5439 1883 5580">
    <p class='ocr_par' dir='ltr' id='par_1_6' title="bbox 307 5439 1883 5580">
     <span class='ocr_line' id='line_1_54' title="bbox 334 5439 1883 5516; baseline 0.003 -16"><span class='ocrx_word' id='word_1_591' title='bbox 334 5455 345 5500; x_wconf 83' lang='lat' dir='ltr'>I</span> <span class='ocrx_word' id='word_1_592' title='bbox 361 5457 410 5501; x_wconf 76' lang='lat' dir='ltr'>Ant.</span> <span class='ocrx_word' id='word_1_593' title='bbox 422 5455 461 5502; x_wconf 88' lang='lat' dir='ltr'>IIb.</span> <span class='ocrx_word' id='word_1_594' title='bbox 472 5456 490 5509; x_wconf 86' lang='lat'>1.</span> <span class='ocrx_word' id='word_1_595' title='bbox 505 5469 554 5515; x_wconf 80' lang='lat' dir='ltr'>asp.</span> <span class='ocrx_word' id='word_1_596' title='bbox 568 5457 657 5503; x_wconf 56' lang='lat' dir='ltr'>ure-2</span> <span class='ocrx_word' id='word_1_597' title='bbox 670 5459 726 5516; x_wconf 81' lang='lat' dir='ltr'>Apr.</span> <span class='ocrx_word' id='word_1_598' title='bbox 737 5465 779 5504; x_wconf 86' lang='lat' dir='ltr'>art.</span> <span class='ocrx_word' id='word_1_599' title='bbox 791 5458 855 5504; x_wconf 75' lang='lat' dir='ltr'>st-</span> <span class='ocrx_word' id='word_1_600' title='bbox 865 5457 966 5504; x_wconf 71' lang='lat' dir='ltr'>achron.</span> <span class='ocrx_word' id='word_1_601' title='bbox 983 5455 1030 5502; x_wconf 80' lang='lat' dir='ltr'>Ital.</span> <span class='ocrx_word' id='word_1_602' title='bbox 1039 5467 1061 5508; x_wconf 83' lang='lat' dir='ltr'>v,</span> <span class='ocrx_word' id='word_1_603' title='bbox 1081 5465 1130 5511; x_wconf 82' lang='lat' dir='ltr'>cap.</span> <span class='ocrx_word' id='word_1_604' title='bbox 1143 5465 1196 5501; x_wconf 88' lang='lat' dir='ltr'>u.-</span> <span class='ocrx_word' id='word_1_605' title='bbox 1206 5455 1221 5499; x_wconf 84' lang='lat' dir='ltr'>I</span> <span class='ocrx_word' id='word_1_606' title='bbox 1232 5454 1294 5500; x_wconf 78' lang='lat' dir='ltr'>Ion.</span> <span class='ocrx_word' id='word_1_607' title='bbox 1308 5455 1355 5501; x_wconf 78' lang='lat' dir='ltr'>xiv</span> <span class='ocrx_word' id='word_1_608' title='bbox 1366 5439 1422 5504; x_wconf 79' lang='lat' dir='ltr'>soi.</span> <span class='ocrx_word' id='word_1_609' title='bbox 1435 5459 1553 5505; x_wconf 77' lang='lat' dir='ltr'>Grac-5</span> <span class='ocrx_word' id='word_1_610' title='bbox 1566 5459 1593 5505; x_wconf 86' lang='lat' dir='ltr'>Iu</span> <span class='ocrx_word' id='word_1_611' title='bbox 1608 5460 1735 5508; x_wconf 62' lang='lat' dir='ltr'>mutante</span> <span class='ocrx_word' id='word_1_612' title='bbox 1743 5460 1846 5508; x_wconf 73' lang='lat' dir='ltr'>rita-t</span> <span class='ocrx_word' id='word_1_613' title='bbox 1860 5459 1883 5504; x_wconf 89' lang='lat' dir='ltr'>Iu</span> 
     </span>
     <span class='ocr_line' id='line_1_55' title="bbox 307 5515 1883 5580; baseline 0.004 -20"><span class='ocrx_word' id='word_1_614' title='bbox 307 5515 399 5562; x_wconf 76' lang='lat' dir='ltr'>Adran.</span> <span class='ocrx_word' id='word_1_615' title='bbox 414 5517 518 5567; x_wconf 78' lang='lat' dir='ltr'>chrosni.</span> <span class='ocrx_word' id='word_1_616' title='bbox 529 5521 575 5565; x_wconf 84' lang='grc'>-7</span> <span class='ocrx_word' id='word_1_617' title='bbox 590 5520 642 5578; x_wconf 79' lang='lat' dir='ltr'>cap.</span> <span class='ocrx_word' id='word_1_618' title='bbox 652 5521 746 5567; x_wconf 75' lang='lat' dir='ltr'>riu-8</span> <span class='ocrx_word' id='word_1_619' title='bbox 760 5524 813 5569; x_wconf 80' lang='lat' dir='ltr'>Gen.</span> <span class='ocrx_word' id='word_1_620' title='bbox 824 5532 846 5574; x_wconf 83' lang='lat' dir='ltr'>r,</span> <span class='ocrx_word' id='word_1_621' title='bbox 860 5520 922 5567; x_wconf 74' lang='lat' dir='ltr'>ae-</span> <span class='ocrx_word' id='word_1_622' title='bbox 935 5521 949 5565; x_wconf 89' lang='lat' dir='ltr'>a</span> <span class='ocrx_word' id='word_1_623' title='bbox 960 5520 1014 5576; x_wconf 82' lang='lat' dir='ltr'>Cup.</span> <span class='ocrx_word' id='word_1_624' title='bbox 1025 5531 1074 5564; x_wconf 85' lang='lat' dir='ltr'>r.-</span> <span class='ocrx_word' id='word_1_625' title='bbox 1085 5516 1112 5562; x_wconf 79' lang='lat' dir='ltr'>Io</span> <span class='ocrx_word' id='word_1_626' title='bbox 1125 5516 1177 5574; x_wconf 83' lang='lat' dir='ltr'>cap.</span> <span class='ocrx_word' id='word_1_627' title='bbox 1190 5528 1263 5563; x_wconf 76' lang='lat' dir='ltr'>rra·</span> <span class='ocrx_word' id='word_1_628' title='bbox 1274 5518 1296 5563; x_wconf 85' lang='lat' dir='ltr'>it</span> <span class='ocrx_word' id='word_1_629' title='bbox 1311 5518 1332 5562; x_wconf 92' lang='lat' dir='ltr'>Il</span> <span class='ocrx_word' id='word_1_630' title='bbox 1344 5531 1366 5577; x_wconf 81' lang='lat' dir='ltr'>p.</span> <span class='ocrx_word' id='word_1_631' title='bbox 1378 5531 1427 5577; x_wconf 83' lang='lat' dir='ltr'>cup.</span> <span class='ocrx_word' id='word_1_632' title='bbox 1438 5532 1507 5568; x_wconf 77' lang='lat' dir='ltr'>ru·</span> <span class='ocrx_word' id='word_1_633' title='bbox 1516 5521 1543 5567; x_wconf 79' lang='lat' dir='ltr'>aa</span> <span class='ocrx_word' id='word_1_634' title='bbox 1552 5523 1610 5580; x_wconf 84' lang='lat' dir='ltr'>Sept.</span> <span class='ocrx_word' id='word_1_635' title='bbox 1623 5531 1665 5569; x_wconf 81' lang='lat' dir='ltr'>art.</span> <span class='ocrx_word' id='word_1_636' title='bbox 1678 5524 1705 5569; x_wconf 69' lang='lat'>85</span> <span class='ocrx_word' id='word_1_637' title='bbox 1714 5531 1736 5570; x_wconf 84' lang='lat' dir='ltr'>st</span> <span class='ocrx_word' id='word_1_638' title='bbox 1749 5530 1791 5570; x_wconf 84' lang='lat' dir='ltr'>oct.</span> <span class='ocrx_word' id='word_1_639' title='bbox 1803 5522 1883 5568; x_wconf 60' lang='lat' dir='ltr'>arth·</span> 
     </span>
    </p>
   </div>
   <div class='ocr_carea' id='block_1_6' title="bbox 0 0 1996 6176">
    <p class='ocr_par' dir='ltr' id='par_1_7' title="bbox 0 0 1996 6176">
     <span class='ocr_line' id='line_1_56' title="bbox 0 0 1996 6176; baseline 0 4"><span class='ocrx_word' id='word_1_640' title='bbox 0 0 1996 6176; x_wconf 95' lang='lat' dir='ltr'> </span> 
     </span>
    </p>
   </div>
  </div>
 </body>
</html>
