3984 6176
232 428 237 437 Ι
328 331 387 394 160
444 413 445 417 ¹
833 332 1158 396 Tflssonoelcoatttt
1178 330 1396 397 DOGMATUM

159 586 305 688 i⁰⁹¹⁰d⁰eddd
329 588 468 651 materias
477 589 715 670 propugnatrice
730 590 883 652 sententia
891 589 1099 670 quorumdam
1147 588 1220 651 tissa
1242 595 1355 665 censet,
1380 595 1548 670 antequam
1561 590 1897 658 firmamentumesseta

169 657 291 742 initiantem
330 682 428 757 ratio;
454 682 509 761 qui
534 682 623 743 initio
647 701 712 743 non
731 700 780 744 res
791 682 882 764 ipsas,
896 699 1096 764 corporaque,
1148 682 1212 743 Deo
1226 672 1402 758 conditum
1419 684 1656 766 sedspirituales
1667 688 1815 766 quasdam
1824 688 1898 751 intel·

159 751 305 849 p„.„,⁸¹'„,1.
330 773 384 834 sed
397 791 503 835 rerum
526 774 645 836 samius
664 780 757 855 atqua
770 792 936 856 corporum
950 773 1100 836 exstitisse
1149 772 1342 853 ligibiiesque
1360 793 1491 836 numero
1510 782 1629 857 septem
1647 778 1843 858 intelligibilis
1853 798 1899 860 pe-

190 857 278 967 pfffggp
329 865 468 926 tradunt.
501 867 551 927 Ita
578 867 742 945 Gregorius
770 868 928 948 Nyssenus
960 866 994 927 in
1020 865 1099 927 libro
1148 865 1238 927 rinde
1257 865 1367 927 mundi
1389 874 1502 947 partes,
1521 867 1581 930 hoc
1593 875 1641 931 est
1654 869 1749 947 ideas,
1764 870 1899 933 etformas
1959 868 1960 955 ί

332 956 461 1038 Operum
477 956 670 1035 condierunt,
692 958 748 1020 uhi
767 977 831 1020 uon
852 960 925 1020 satis
940 958 1100 1039 perspicue
1149 963 1383 1038 corporatorum
1402 977 1520 1033 rerum,
1545 981 1582 1023 ac
1599 961 1685 1024 velut
1697 961 1900 1042 descriptiones

330 1050 724 1130 mantcmsuumexplieat.
743 1054 878 1131 Apparet
894 1056 1000 1112 nmen
1013 1067 1101 1112 aecu-
1148 1048 1368 1131 brturioperis.
1381 1052 1900 1134 Primumitaqueuualumminime
1959 1054 1960 1149 ί

329 1142 437 1215 ratius,
461 1161 532 1222 quae
556 1142 596 1203 ab
616 1161 652 1204 eo
674 1142 787 1222 scripta
809 1148 893 1219 sunt,
913 1141 1040 1221 legenti,
1056 1141 1100 1204 sic
1150 1148 1348 1223 corporatum
1361 1145 1510 1225 prodiisse
1518 1147 1900 1223 virlt3daindetannmsub
1959 1152 1960 1233 ί

329 1234 421 1297 illum
436 1235 636 1312 existimasse,
653 1235 807 1315 imprimis
824 1236 923 1297 Deum
941 1239 1101 1297 momento
1150 1241 1307 1315 aspectum
1321 1255 1385 1298 non
1399 1238 1577 1316 cadentem3
1589 1245 1657 1301 tum
1671 1241 1753 1303 aetus
1764 1241 1903 1317 ideam,et
1959 1244 1960 1319 ξ

329 1346 364 1388 ac
376 1327 469 1388 simul
481 1328 588 1389 omnia
601 1328 784 1404 condidisse,
797 1326 891 1407 idque
900 1325 1021 1387 duabus
1035 1325 1100 1387 istis
1149 1326 1250 1389 vacui.
1266 1329 1361 1390 Illum
1370 1331 1490 1392 νοιιινίί
1497 1332 1656 1409 tenebras,
1668 1333 1816 1413 quoniam
1828 1334 1902 1414 niger

328 1420 455 1481 uocibus
468 1420 631 1498 contineri,
646 1428 724 1502 ἀρχῇ,
739 1419 772 1481 id
785 1417 1005 1501 estprincipio,
1016 1416 1102 1497 quod
1151 1426 1197 1481 est
1209 1438 1262 1482 aer
1275 1426 1402 1498 natura;
1413 1423 1473 1484 hoc
1487 1429 1603 1501 autem,
1613 1425 1772 1505 abyssum.
1783 1424 1901 1487 Protun-

327 1511 444 1574 habent
464 1528 518 1573 ixx
543 1516 573 1574 et
594 1520 730 1593 κεφαλαίῳ,
751 1511 836 1592 quod
854 1511 966 1591 Aquila
984 1511 1097 1592 posuit.
1151 1510 1312 1574 dissimum
1332 1513 1417 1575 euim
1434 1520 1481 1577 est
1501 1534 1646 1593 vacuum,
1671 1527 1703 1578 et
1715 1517 1901 1584 immensum.

214 1650 219 1660 .
332 1606 444 1666 cNam
468 1606 502 1667 in
521 1613 660 1686 κεφαλαίῳ,
689 1604 721 1665 id
746 1610 793 1666 est
811 1622 937 1678 summo,
953 1604 1098 1664 demons-
1151 1604 1268 1667 Deinde
1291 1624 1381 1687 aquae
1407 1607 1621 1688 incorpoream
1647 1609 1857 1686 substantiam,
1877 1616 1903 1671 et

329 1702 430 1758 tratur
456 1698 561 1759 omnia
588 1697 681 1758 simul
708 1697 801 1759 luisse
834 1701 1003 1777 procreate.
1039 1694 1098 1757 Per
1153 1695 1294 1776 Spiritus.
1312 1699 1703 1781 Postremoseptimoelucis
1716 1702 1903 1763 substantiam

327 1807 443 1851 nomen
466 1807 539 1851 uero
554 1789 704 1872 principii
721 1789 903 1867 declaratur,
925 1795 1097 1866 momento,
1150 1787 1278 1867 perinde
1304 1791 1441 1870 corporis
1472 1799 1643 1873 expertem,
1672 1802 1706 1855 et
1729 1793 1902 1874 intelligibile
1959 1814 1960 1853 ι

328 1887 359 1943 et
373 1883 439 1944 sine
458 1883 522 1945 ullo
540 1883 688 1963 temporis
706 1882 805 1963 spatio
822 1881 916 1943 fuisse
938 1882 1018 1943 iacta
1030 1890 1055 1942 ⁶.
1079 1901 1095 1940 o
1151 1880 1230 1942 Solis
1244 1884 1412 1964 exemplar,
1428 1889 1460 1946 at
1471 1890 1627 1947 astrorum
1645 1885 1790 1948 omnium
1808 1886 1901 1948 lucen·

299 2028 304 2037 .
329 1974 425 2051 Igitur
443 1977 592 2037 «Rerum
604 1974 850 2036 simulomnium
859 1973 1046 2036 constructio
1059 1972 1098 2034 ab
1150 1972 1242 2050 tium,
1254 1993 1325 2056 qua
1338 1976 1374 2037 in
1386 1976 1464 2038 coelo
1478 1977 1695 2041 constituenda
1706 1983 1832 2040 erant.»

328 2065 478 2128 ineffabili
491 2067 549 2128 Dei
561 2067 698 2147 potentia
714 2066 861 2145 profecta,
878 2066 1099 2146 principiuma
1191 2066 1252 2127 Sed
1282 2067 1420 2132 Philonis
1452 2069 1512 2131 ista
1538 2069 1692 2132 sententia
1720 2088 1842 2152 prorsus
1866 2074 1903 2131 est

327 2161 422 2236 Mose,
436 2159 499 2221 sive
512 2176 633 2221 summa
647 2157 859 2221 nominauit
874 2180 889 2217 ν
906 2160 1098 2220 Varumnnn
1150 2156 1265 2238 inepta,
1297 2164 1328 2221 et
1354 2160 1492 2221 Platonis
1518 2180 1613 2241 quam
1647 2163 1745 2224 Musis
1769 2161 1902 2242 discipulo

328 2251 515 2334 resipsasin
528 2270 572 2329 se,
592 2272 604 2310 ι
621 2253 674 2314 sed
688 2269 797 2315 aarum
811 2250 928 2313 semina
942 2251 1096 2331 quadam,
1150 2249 1285 2329 dignior,
1312 2257 1405 2314 utet
1438 2251 1578 2333 Origenis
1609 2255 1758 2334 pleraque
1781 2254 1819 2316 ad
1842 2270 1903 2316 cum
1959 2248 1960 2319 ί

328 2350 359 2406 et
373 2361 492 2420 causas,
508 2362 545 2405 ae
557 2342 688 2407 virtutes
706 2343 742 2405 in
758 2343 812 2404 illo
831 2342 1098 2421 momentejaotas
1150 2341 1281 2403 modum
1306 2342 1531 2407 inconsiderate
1560 2351 1591 2407 et
1617 2346 1715 2408 otiose
1746 2346 1900 2427 disputata;

327 2446 412 2499 esset
431 2458 447 2495 ν
467 2455 543 2498 mox
563 2436 708 2499 ostendit.
732 2437 772 2497 Et
788 2435 930 2498 disertius
942 2440 1047 2516 postea
1061 2453 1100 2497 ex
1151 2451 1232 2513 quae,
1249 2441 1285 2496 ut
1297 2434 1384 2498 facile
1397 2442 1455 2515 est,
1468 2438 1512 2500 sic
1524 2436 1634 2500 inutile
1645 2458 1682 2501 ac
1694 2454 1903 2518 supervacuum
1959 2434 1960 2473 ί

328 2547 376 2607 eo,
391 2529 573 2609 quodterra
587 2527 790 2590 invisibiliter
806 2527 997 2610 incomposito
1010 2545 1100 2589 voee-
1150 2525 1300 2589 refellere.
1321 2528 1431 2608 Itaque
1448 2547 1514 2592 uon
1528 2529 1567 2591 iis
1580 2530 1774 2593 immorabor
1790 2530 1901 2592 diutim.

327 2626 390 2695 tur,
408 2620 587 2682 confirmari
600 2625 701 2700 putat,
717 2620 780 2680 «vi
794 2624 826 2681 at
837 2625 986 2699 potestate
995 2620 1102 2682 omnia
1190 2618 1257 2680 Vll.
1281 2620 1418 2683 Transeo
1440 2640 1526 2684 nunc
1547 2623 1587 2684 ad
1607 2623 1688 2698 illos,
1711 2624 1766 2703 qui
1779 2623 1925 2697 coelites·¹

329 2712 479 2774 exstitisse
502 2712 535 2772 in
558 2712 611 2773 illo
632 2712 733 2794 primo
754 2711 811 2774 Dei
824 2712 1103 2791 adpreereandum
1151 2727 1255 2790 roeque
1269 2711 1425 2773 vocabulis
1433 2713 1575 2794 proprias
1587 2713 1756 2792 subjiciunt
1767 2715 1903 2790 notiones,-
1921 2690 1938 2733 ¹¹¹

330 2805 473 2887 appulsu,
496 2811 645 2884 tunquam
674 2804 705 2864 vi
731 2804 867 2884 quadam
893 2803 1036 2865 seminali
1061 2803 1101 2864 ad
1150 2820 1287 2882 quorum
1305 2803 1406 2882 major
1424 2810 1472 2866 est
1486 2805 1586 2886 eopia.
1605 2807 1652 2867 Ex
1666 2806 1717 2868 his
1734 2804 1904 2887 Theophilus

329 2898 539 2961 universitatis
557 2897 793 2977 productionem
808 2895 907 2974 jacta;
925 2895 970 2956 ita
983 2901 1101 2972 tamem
1151 2893 1382 2970 Antiochenus,
1412 2902 1520 2958 auctor
1546 2904 1691 2978 pervetus
1726 2898 1759 2960 in
1785 2896 1903 2960 secema

330 2998 365 3052 ut
379 2997 448 3054 actu
463 3008 513 3051 res
530 2987 661 3069 singulae
681 2988 823 3050 nondum
837 2985 973 3049 asserat.
988 3008 1003 3045 u
1021 2989 1103 3049 Tum
1152 2983 1192 3046 ad
1204 2985 1392 3069 Autolycum,
1409 2988 1532 3065 elegans
1541 2990 1735 3068 quiddamin
1749 2988 1901 3069 eoreperit
1928 2967 1946 2997 ⁵¹¹

278 3077 282 3085 '
329 3083 472 3145 eamdem
497 3087 615 3143 terram
641 3080 685 3142 ait
709 3081 821 3157 fuisse,
849 3085 881 3141 et
904 3098 969 3141 nou
995 3079 1100 3148 ledsse,
1152 3078 1269 3139 Mosam
1288 3079 1332 3140 ait
1351 3080 1466 3160 opificii
1482 3081 1579 3142 divini
1597 3082 1807 3145 narrationem
1819 3078 1904 3160 ampi-

330 3193 432 3255 neque
442 3190 607 3255 corporum
616 3172 758 3253 proprias
766 3171 930 3253 qualitates
936 3171 1099 3248 habuisse3
1152 3174 1286 3232 eatuma
1300 3171 1389 3246 coelo,
1403 3176 1554 3252 unquam
1569 3174 1739 3236 stabulata
1747 3175 1861 3248 domus,
1876 3175 1905 3231 ut
1959 3196 1960 3233 ν

330 3273 361 3328 et
377 3270 529 3347 potestate
545 3264 611 3326 sola
629 3264 672 3340 id,
698 3265 782 3344 quod
806 3271 852 3326 est
871 3264 975 3341 modo,
995 3263 1098 3326 ferina
1152 3261 1276 3324 artificis
1289 3281 1324 3323 ao
1335 3262 1488 3326 molitoris
1503 3265 1558 3327 Dei
1575 3267 1806 3328 commendaret
1818 3261 1903 3326 emni-

330 3360 436 3439 Itaque
459 3376 560 3438 neque
582 3356 711 3433 aoelum,
736 3375 838 3437 neque
860 3361 976 3418 terram
1000 3357 1101 3418 adhuc
1152 3354 1334 3434 potentiam.
1372 3377 1388 3414 ο
1422 3357 1501 3417 Nam
1527 3359 1634 3434 homo,
1662 3359 1720 3438 qui
1746 3361 1780 3419 in
1811 3357 1905 3419 infime
1959 3370 1960 3397 ι

330 3450 593 3530 exstitisseputat‚
608 3449 844 3529 hocestreipsa,
860 3455 891 3510 et
904 3454 975 3510 actu
989 3448 1103 3510 coelum
1152 3446 1263 3507 mundi
1289 3446 1415 3525 regiona
1441 3448 1518 3509 situs
1541 3455 1598 3526 est,
1625 3469 1645 3511 a
1670 3457 1755 3512 tarra
1771 3449 1905 3512 eedifiemc
1959 3450 1960 3503 i

330 3544 436 3618 fuisse,
455 3544 506 3605 vel
527 3548 653 3618 terram,
674 3540 728 3602 sed
739 3546 889 3623 potestate
903 3540 988 3618 sola,·
1001 3548 1037 3601 ut
1049 3560 1102 3621 ap
1151 3536 1272 3617 incipit,
1296 3556 1366 3615 nee,
1390 3538 1450 3600 nisi
1470 3540 1675 3603 fundamento
1693 3542 1788 3621 jacto,
1805 3545 1905 3603 metum
1959 3552 1960 3603 ί

330 3641 448 3717 pareat,
474 3635 572 3695 solam
593 3652 631 3694 cx
652 3632 736 3692 illius
761 3633 914 3694 sententia
939 3633 1103 3694 materiam
1153 3634 1331 3692 construere
1353 3636 1464 3710 potest.
1490 3632 1544 3694 Dei
1566 3652 1641 3694 vero
1660 3633 1696 3695 in
1713 3629 1904 3713 hocpotentia
1959 3630 1960 3691 i

330 3728 481 3810 principio
498 3726 604 3787 fuisse.
624 3724 754 3804 Nempe,
770 3730 806 3784 ut
819 3724 934 3786 ibidem
954 3724 1007 3801 ait,
1018 3746 1033 3783 e
1048 3726 1103 3784 Po
1152 3727 1355 3801 monstratur,
1390 3729 1426 3786 ut
1456 3742 1496 3786 ex
1527 3724 1565 3785 iis
1588 3725 1739 3805 primum,
1767 3743 1834 3806 que
1852 3739 1905 3784 nou

330 3826 471 3882 testatem
498 3817 683 3898 qualitatum
709 3816 926 3896 susceptricem
949 3835 969 3877 a
991 3806 1103 3877 mundi
1153 3818 1283 3891 exstem,
1298 3821 1401 3876 mesta
1414 3814 1904 3895 omniaprovoluntatesuaiaciat.
1959 3874 1960 3895 ρ

331 3911 490 3976 conditore
503 3909 719 3991 productam&
731 3929 746 3965 ν
1153 3906 1227 3980 Quae
1247 3906 1332 3967 enim
1349 3925 1445 3987 panes
1467 3908 1611 3970 homines
1624 3908 1903 3990 impossibiliasunt
1959 3918 1960 3931 ¹

369 4006 422 4067 Vl.
439 4006 480 4066 At
489 4002 576 4065 Philo
587 4000 900 4063 ludauseeontrario
908 3998 1103 4062 remnullam
1152 4016 1247 4079 penes
1256 4000 1356 4060 Deum
1369 3999 1526 4080 possibilia
1538 4005 1623 4063 sunt.
1639 4001 1757 4065 Idcirco
1772 3999 1907 4080 Propheta
1959 3996 1960 4059 ί

190 538 271 583 mmm
368 496 409 557 V.
425 496 494 558 Non
508 503 554 559 est
568 497 703 560 multum
716 496 817 559 aliem
833 497 873 559 ab
887 496 1099 560 hacinlormis
1148 495 1349 572 materiave]
1362 515 1492 577 corpore
1505 501 1898 566 mnstantemudbueessti·
1927 516 1960 785 Ξ

1919 704 1937 734 a

365 4220 386 4260 a
404 4203 520 4260 Nissttt.
540 4201 573 4256 ίνι
584 4202 726 4254 Heaeaem.
750 4194 795 4250 Ἐν
811 4194 854 4269 μὲν
868 4194 915 4268 γὰρ
928 4200 965 4269 τῷ
978 4193 1104 4267 κεφαλαίῳ
1190 4193 1254 4250 Mox
1271 4210 1278 4247 t
1298 4190 1356 4247 Ὅτι
1376 4191 1485 4266 ἐνεργείᾳ
1504 4192 1548 4266 μὲν
1570 4193 1639 4249 alirn
1661 4192 1702 4264 ἦν,
1725 4194 1751 4250 ἐν
1765 4194 1905 4269 ρόνῃδιτῇ
1959 4210 1960 4247 3

310 4287 467 4354 ,συλλήὸδην
480 4282 511 4337 τὰ
526 4284 606 4337 πάντα
619 4281 761 4354 γεγενῆσθαι
778 4279 932 4351 παρίστησιν·
958 4279 1000 4332 διὰ
1021 4278 1048 4333 δὲ
1061 4282 1104 4347 τῆς
1152 4277 1253 4349 δυνάμει
1267 4277 1297 4329 τὸ
1311 4270 1376 4330 εἶναι
1390 4271 1452 4350 εἶχε.

330 4371 408 4444 ἀρχῆς
416 4369 534 4437 δηλοῦται
547 4364 576 4420 τί)
588 4364 674 4436 ἀκαρές
687 4382 723 4429 τε,
738 4363 779 4416 καί
793 4362 950 4419 ἀδιάστατον.
1188 4375 1203 4415 e
1220 4357 1288 4415 lbid.
1309 4357 1387 4414 Ὥστε
1400 4357 1441 4412 διὰ
1454 4365 1542 4416 τοῦτον
1556 4362 1659 4433 μαθεῖν,
1677 4363 1715 4418 ὅτι
1731 4359 1834 4429 δεκτικὴν
1846 4357 1907 4412 disa-

367 4454 383 4511 ὁ
402 4451 472 4508 lbid.
497 4447 533 4502 ‘11
549 4442 592 4501 aba
606 4447 683 4519 ἀίίρόιι
694 4451 743 4500 τῶν
753 4446 830 4501 ὄντων
844 4445 910 4519 παρὰ
923 4449 966 4514 τῆς
978 4443 1102 4517 ἀρράστον
1153 4460 1193 4513 μιν
1205 4447 1256 4495 τῶν
1270 4442 1431 4512 ποιοτήτωνί
1446 4442 1692 4514 conscribentem
1702 4442 1905 4517 apiastrum.
1959 4456 1960 4507 f

330 4536 455 4608 δυνάμεως
477 4535 521 4587 τοῦ
534 4531 590 4584 deuii
603 4528 738 4597 καταθολὴ,
753 4528 817 4601 ἀρχὴ
831 4528 897 4601 παρὰ
914 4532 958 4582 τοῦ
972 4527 1101 4594 Mutatur,
1187 4523 1209 4597 s
1223 4522 1307 4579 Pulso
1331 4524 1367 4581 de
1388 4524 1473 4598 Opis.
1493 4527 1597 4598 Πρῶτον
1625 4520 1668 4580 οὖν
1689 4527 1756 4600 παρὰ
1773 4531 1813 4581 τοῦ
1830 4524 1906 4591 νοητοῦ

331 4618 410 4673 circos
424 4615 554 4687 κεφάλαιον
566 4612 753 4683 κατωνομάσίτο.
1151 4608 1244 4680 κόσμου
1257 4607 1271 4661 ὁ
1284 4614 1361 4661 ποιῶν
1373 4605 1448 4662 ἐποίει
1463 4608 1565 4681 οὖροινίνν
1581 4608 1722 4682 ἀσώματον,
1737 4611 1777 4664 καί
1789 4615 1831 4681 γῆν
1844 4606 1907 4678 dipa-

367 4718 382 4758 ι·
400 4699 471 4757 ibid.
490 4697 595 4752 Πάντων
612 4701 663 4749 τῶν
685 4694 762 4748 ὄντων
785 4692 828 4757 τὰς
852 4693 972 4768 ἀρορρᾶς,
1000 4693 1041 4747 καί
1058 4690 1103 4755 τὰς
1151 4706 1203 4754 τον,
1218 4690 1258 4743 καί
1272 4689 1343 4761 ἀέρος
1356 4690 1431 4755 ἰδίαν,
1447 4693 1488 4745 καί
1501 4695 1581 4745 κενοῦ.
1595 4687 1631 4745 ὧν
1641 4692 1684 4747 τον
1699 4692 1743 4766 μὲν
1758 4687 1907 4764 {pipinesd-

332 4784 427 4849 αἰτίας,
442 4781 482 4835 καί
501 4780 545 4843 τὰς
567 4778 680 4851 δινάμις
699 4776 837 4846 solidibus
864 4777 951 4841 tacu
973 4774 998 4830 ίν
1018 4774 1108 4848 ἀκαρεῖ
1151 4791 1204 4840 τος,
1219 4771 1301 4842 turibi
1321 4773 1395 4845 μέλος
1408 4773 1423 4828 δ
1436 4773 1484 4847 ἀὴρ
1497 4779 1528 4849 τῇ
1541 4775 1619 4845 φύσει·
1635 4775 1665 4829 rb
1678 4774 1829 4829 ὂίᾶῦνοοον.
1842 4768 1906 4826 κοίν’·

295 4886 299 4895 ·
330 4866 505 4923 creantem.
1151 4855 1222 4911 ὄνθον
1236 4856 1326 4930 γὰρτό
1339 4876 1368 4928 γε
1381 4856 1460 4924 κενὸν,
1474 4855 1625 4930 καίᾶχανὲς.
1638 4852 1906 4926 εἷθ’ίίδατοςιίοώροτνν
1959 4874 1960 4899 1

366 4948 387 5008 d
400 4951 441 5007 ld.
461 4947 559 5019 Ὅτιτῇ
575 4944 619 5018 μίν
631 4944 733 5017 ίονάριι
743 4943 775 4998 τὰ
788 4945 866 4999 πάντα
879 4940 944 5014 dvis
957 4944 1043 5016 πριίιτῃ
1058 4945 1102 4997 τοῦ
1151 4938 1246 5004 edelar,
1261 4942 1302 4994 καί
1315 4941 1465 5013 πνεύματος,
1484 4940 1525 4995 καὶ
1545 4939 1584 4995 ἐντί
1597 4942 1671 4995 πᾶσιν
1685 4939 1788 5013 {Golpoa
1801 4934 1905 5011 mi

331 5035 386 5090 θεοῦ
399 5032 455 5106 trapi
464 5029 508 5099 τὴν
518 5028 597 5083 acteo
605 5028 680 5102 ὁρμῇ,
690 5027 940 5101 οίονιῖσιτερριοτιιιῆς
951 5045 1017 5089 τινος
1029 5025 1102 5079 δυνά·
1151 5022 1225 5076 πάλιν
1240 5021 1372 5097 ἀσώματον
1387 5020 1427 5091 ἦν,
1445 5023 1486 5078 καὶ
1505 5024 1593 5092 νοητὸν
1609 5022 1680 5092 ἡλίου
1694 5025 1856 5096 παράδειγμα,
1871 5015 1905 5069 καί
1959 5016 1960 5023 ’

333 5115 467 5192 pantapte
479 5112 524 5182 τὴν
538 5115 581 5167 τοῦ
599 5112 690 5174 παντὸς
707 5111 800 5184 γένιοιν
821 5110 1021 5180 mandiricium·
1038 5107 1103 5182 ίνερ-
1151 5107 1249 5160 πάντων
1270 5108 1317 5161 ὅσοι
1339 5109 1457 5181 ρωορόριι
1477 5107 1556 5180 ἄστρα
1574 5105 1638 5161 κατὰ
1654 5106 1697 5163 τον
1714 5106 1812 5179 οὖρανὸν
1829 5099 1904 5176 tpetb

331 5191 951 5275 palatitdmd'lusctasoiaotdp.l1pdppii,
974 5192 1057 5265 φησίν,
1072 5188 1102 5261 ἦν
1152 5188 1318 5244 συνίστασθαι.
1959 5190 1960 5193 ’

332 5286 446 5359 ἀόρατος,
457 5282 499 5335 καί
518 5278 733 5341 hermadam·
755 5280 815 5352 ὅπερ
827 5275 885 5341 ἰἰιόνΙ
897 5275 949 5332 ἐστι
961 5283 998 5349 τῷ
1011 5277 1102 5349 λέγειν,

332 5372 370 5425 ὅτι
385 5365 426 5437 ἦν,
440 5364 481 5420 καί
494 5362 538 5418 ola
559 5358 600 5432 ἦν.
615 5361 644 5416 οὗ
658 5363 705 5435 γάρ
724 5381 771 5417 τιον
790 5362 1025 5434 οινὸεδραρήκιιοαν
1048 5361 1103 5434 περὶ

334 5451 409 5520 αὐτὴν
423 5449 449 5505 αἱ
461 5449 599 5519 ποιότητες.
