4096 6166
320 553 381 616 706

354 736 406 783 nus,
421 722 521 775 ioannes
534 722 699 781 bamasnenuer
720 733 770 784 pue
787 717 864 783 opinio
878 715 989 781 rejicitur,
1007 716 1089 779 qnate-

354 813 397 850 nus
409 799 480 850 lihidu
493 798 609 856 abluisset,
624 796 723 863 quandiu
745 794 769 845 iu
785 797 846 845 terra
857 791 964 845 vixissent
976 789 1088 841 hemines.

354 875 387 925 lie
408 874 560 925 animantibus
584 873 613 924 ad
636 872 747 923 adamum
765 868 877 931 deductis,
901 871 924 919 et
947 864 1091 937 impositione

355 950 480 1001 nominum.
496 952 531 1000 hu
558 952 580 998 ct
594 947 695 1014 piscibus
712 945 827 997 indiderit.
843 944 875 996 [ie
889 942 1023 995 formatione
1037 953 1091 991 mu·

355 1025 417 1076 lieris
439 1039 466 1076 ex
480 1023 558 1077 hdami
576 1028 648 1076 costa.
669 1022 714 1074 Cur
736 1022 768 1071 ita
790 1024 917 1086 procreata,
932 1022 955 1068 et
976 1019 1090 1082 quemodo

355 1100 449 1152 senecta
478 1099 525 1152 alia
552 1104 623 1151 costa.
650 1097 799 1148 Hchrnornm
829 1095 927 1146 ridicule
956 1091 1033 1157 opinio
1063 1088 1092 1140 de

353 1176 485 1242 muroppnu
497 1175 593 1237 hdamu,
620 1188 663 1225 uec
692 1185 738 1224 uon
751 1169 873 1236 Engubiui.
888 1169 1006 1234 emetanus
1024 1169 1092 1217 nom-

353 1256 400 1303 tur.
1042 1238 1092 1291 263

321 1325 408 1379 Cabur
421 1327 460 1378 lli.
479 1326 512 1378 lie
527 1327 632 1377 mandatu
657 1322 763 1375 diuinitus
775 1320 862 1373 homini
876 1319 950 1386 primo
963 1316 1032 1369 edito.
1056 1316 1092 1366 bn

354 1403 406 1464 soli,
423 1407 445 1454 et
458 1401 548 1467 maudo
571 1401 656 1452 datum.
678 1399 733 1459 Quae
756 1411 830 1451 causa
843 1395 951 1463 precepti
964 1393 1026 1444 illius
1039 1390 1092 1442 ltre-

355 1478 409 1528 riut.
428 1477 582 1537 Quorumdam
599 1479 699 1526 veterum
718 1473 806 1539 opinio,
820 1472 906 1538 primos
919 1474 1024 1537 parentes
1038 1479 1093 1532 pax-

355 1552 458 1604 rnlorum
474 1552 546 1603 instar
556 1551 673 1616 simplices
694 1549 775 1600 inisse.
791 1546 903 1599 Primaria
915 1558 985 1597 causa
1003 1542 1053 1599 luit,
1067 1542 1094 1590 ut

354 1628 461 1679 uirtutum
486 1628 660 1679 exercendemm
682 1624 776 1676 materia
798 1624 935 1688 suppeteret,
970 1614 1093 1684 praesertim

356 1703 496 1754 ohedientia.
521 1703 546 1753 ln
565 1702 605 1753 illo
618 1704 733 1767 precepto
755 1697 861 1750 mandata
873 1695 950 1749 omnia
973 1689 1093 1746 contineri.

356 1778 458 1829 nonnulii
471 1778 584 1829 dixerunt.
599 1776 675 1828 hitera
696 1789 776 1837 cause,
797 1779 823 1825 ut
841 1785 867 1822 se
880 1770 944 1821 alteri
968 1767 1094 1831 subiectum

356 1858 498 1918 agnosceret.
514 1851 559 1905 Cur
574 1852 634 1903 bens
649 1850 733 1903 bomini
751 1849 824 1914 legem
844 1844 948 1906 ediderit,
963 1856 1031 1909 quam
1047 1840 1095 1890 mi-

357 1928 417 1979 nime
431 1933 571 1980 seruaturum
584 1941 635 1979 esse
653 1927 731 1979 seirat.
751 1925 806 1985 tium
819 1922 849 1974 sit
862 1919 960 1972 mandati
973 1915 1093 1970 sententia.

357 2005 392 2054 bn
406 2004 466 2055 Deus
493 2017 539 2054 non
562 2002 630 2055 modo
644 2000 764 2054 camelum
776 1996 883 2059 uetuerit,
898 1993 1018 2047 sedebam
1041 1995 1096 2041 tau-

357 2092 421 2142 gere.
1045 2065 1095 2118 269

324 2152 410 2205 maur
432 2153 463 2204 ll.
488 2153 521 2204 be
543 2167 610 2219 poena
635 2151 713 2205 uiolati
740 2147 856 2216 precepti,
879 2150 902 2199 et
921 2141 1097 2198 commiuatione

358 2230 447 2280 mortis.
473 2227 571 2288 Quinam
595 2240 674 2278 rernm
696 2226 753 2277 illud
767 2225 804 2282 sit,
830 2223 910 2274 eodem
933 2220 970 2271 die
983 2221 1097 2270 mortuum

358 2304 478 2366 adamum,
507 2317 552 2368 quo
579 2301 689 2367 peccaut.
706 2299 803 2361 Quidam
830 2298 859 2348 de
885 2301 958 2347 morte
977 2294 1059 2345 anime
1073 2290 1097 2342 id

359 2378 525 2431 intellexerunt.
551 2375 695 2429 probabilius
717 2388 767 2425 esse
787 2373 860 2424 sulam
887 2369 981 2435 exprimi
1001 2371 1097 2419 mortun

360 2455 472 2521 corporis.
487 2453 550 2505 blora
563 2451 645 2505 mine
661 2464 734 2518 prena
747 2448 857 2500 rabonem
870 2460 916 2497 nen
933 2443 1009 2496 hahet.
1020 2442 1099 2507 Expo-

360 2535 444 2581 uuntur
456 2529 525 2580 ramo
539 2525 733 2593 interpretationes
747 2525 796 2589 ejus
810 2523 935 2582 sententis,
950 2523 1061 2585 qnatenus
1074 2516 1098 2566 iu

360 2610 455 2656 mortem
468 2604 550 2655 auimo
564 2602 600 2653 die
610 2600 690 2654 sedan
703 2599 783 2651 incidit
798 2615 804 2649 ε
820 2611 891 2663 eaque
900 2595 989 2648 soteris
1002 2597 1099 2658 autepo-

361 2679 431 2741 nitur,
445 2683 541 2729 mortem
564 2691 606 2743 pru
619 2675 763 2736 mortalitate,
777 2673 850 2724 idest
871 2670 951 2722 mortis
966 2667 1099 2719 necessitate

360 2754 443 2821 accipi.
472 2754 537 2806 Hane
563 2750 721 2806 necmmtatem
739 2747 929 2816 quemadmodum
947 2743 1049 2797 chium
1074 2741 1099 2792 in

356 2829 446 2883 bonum
454 2827 698 2892 couverteritetcura
711 2828 784 2879 morte
797 2836 851 2877 suos
863 2835 909 2876 nou
922 2818 1037 2873 exemerit.
1049 2816 1100 2870 tlh

547 3045 676 3108 LIBER
697 3039 879 3105 TERTIUS

400 3244 437 3290 IN
452 3242 516 3297 Quo
529 3239 703 3287 mentastro
718 3235 875 3282 alestanno
890 3233 1025 3279 anthus.

331 3437 418 3490 Garun
432 3434 453 3486 1.
471 3431 504 3485 lte
517 3430 592 3482 Liberi
620 3426 708 3480 arbitrii
733 3428 814 3476 namra
827 3420 986 3474 hereticorum
999 3415 1101 3479 hutheri,

365 3509 463 3570 (lainui,
478 3506 605 3558 etaliorum
619 3500 730 3555 mutantia
748 3497 897 3566 proponiturr
912 3492 1022 3546 tumhnic
1031 3491 1104 3542 atilnis

366 3584 534 3637 catholicumm
548 3579 708 3645 quommdam,
723 3575 761 3640 qui
776 3588 829 3625 cum
841 3572 888 3623 illis
910 3569 1017 3629 seudum,
1032 3566 1105 3618 liher-

365 3658 491 3711 absalem
506 3655 589 3721 opponi
602 3652 753 3705 coactionem.
771 3662 817 3700 uun
831 3645 996 3699 necessitatem.
1017 3641 1105 3701 Quibus

367 3734 465 3802 primum
487 3729 626 3783 indumine
640 3723 726 3791 Synodl
740 3723 855 3774 decretum
869 3720 998 3786 opponitur,
1017 3730 1045 3768 ac
1058 3716 1106 3768 ilu-

366 3804 640 3862 manorumPuntihcum.
665 3798 724 3860 uuio
738 3798 769 3849 sit
778 3796 901 3848 uoluntatis
913 3794 1015 3845 libertas.
1039 3790 1105 3843 i'also

350 3913 351 3916 =
367 3885 396 3937 ah
410 3883 455 3935 illie
468 3879 573 3933 iutxnni
586 3874 727 3931 Cathobram
740 3870 852 3924 libertatis
865 3867 1031 3927 definitionem
1044 3865 1107 3931 quod

367 3959 392 4010 iu
405 3952 601 4020 eaml'hilosophl
615 3949 767 4004 conseminat.
1056 3940 1106 3993 283

335 4035 422 4088 menn
434 4033 463 4084 li.
482 4029 556 4082 lutheri
570 4027 658 4080 arbitrii
671 4024 854 4090 impugnatorum
868 4021 944 4081 meus,
959 4022 982 4070 et
994 4016 1107 4069 mutilato

369 4109 451 4175 prima,
475 4119 520 4172 qna
544 4105 650 4156 Veterum
675 4100 704 4151 ds
730 4097 833 4149 libertate
860 4095 981 4147 senbnties
1003 4094 1104 4155 eludunt,

369 4186 504 4243 messim,
519 4194 571 4232 eum
583 4177 688 4229 noluntas
700 4173 783 4226 dicitur
802 4171 831 4223 ad
844 4170 948 4237 opposita
960 4182 1010 4220 essu
1025 4166 1105 4229 bbere,

369 4259 393 4310 id
407 4257 512 4318 seorsim,
526 4268 554 4305 ac
567 4250 688 4318 seperatim
705 4246 811 4311 intelligi,
841 4250 866 4296 ut
891 4242 1013 4308 abnuaudo
1026 4255 1105 4303 mum,

369 4332 491 4398 aliquando
504 4329 601 4382 marum
614 4325 676 4388 velit,
701 4323 753 4386 etsi,
772 4334 824 4373 cum
836 4333 907 4371 unum
928 4317 986 4379 ruit,
999 4329 1107 4368 ncomm-

370 4408 415 4471 rio,
430 4413 453 4459 et
465 4405 613 4458 determinate
633 4401 658 4453 ld
680 4398 744 4451 reiit.
773 4397 829 4457 Qum
846 4394 922 4461 opinio
934 4398 981 4446 tam
999 4407 1012 4444 e
1029 4391 1109 4458 Sarip-

369 4485 436 4540 turis.
450 4496 518 4549 qnam
547 4493 575 4531 ex
592 4475 712 4543 hupmtim
740 4470 923 4539 interpretatione
942 4467 1064 4529 redebitum
1080 4480 1108 4519 ac

371 4560 474 4621 duaetm,
504 4554 601 4608 liberum
631 4549 749 4605 arbitrium
779 4547 808 4599 ad
838 4544 949 4597 nlmmris
978 4542 1109 4595 indifferens

372 4648 432 4687 esse.
1056 4617 1106 4669 288

338 4704 625 4772 careant-Explicatur
637 4701 754 4755 novorum
775 4696 943 4762 Theoiossomm
971 4694 1058 4760 opinio,
1086 4696 1109 4744 et

373 4784 468 4839 mullus
488 4781 545 4834 aiter
565 4780 594 4831 du
624 4776 757 4829 neceemtate
773 4772 877 4840 opposita
903 4770 1010 4822 libertati.
1025 4768 1109 4820 Gonha

373 4873 442 4927 quam
468 4858 571 4910 universe
598 4852 695 4918 primunr
713 4849 840 4902 disseritur.
854 4845 979 4912 Expouihar
992 4842 1108 4905 uioleub‘n,

373 4933 542 4997 coactionisque
555 4929 648 4995 propria
660 4926 727 4987 rabo,
742 4928 766 4976 et
775 4928 886 4989 quatenus
902 4918 1001 4971 libertati
1014 4924 1108 4970 nunna·

373 5012 408 5062 ria
421 5015 465 5062 eet.
488 5006 595 5060 Ridicula
606 5002 788 5055 aduersariorum
803 4998 889 5065 opinio,
904 4995 943 5061 qui
959 4999 1072 5056 naturam,
1085 4996 1109 5044 et

374 5099 410 5145 ea,
427 5097 477 5149 qua
489 5080 600 5134 naturalia
614 5083 675 5139 sunt,
690 5075 801 5128 violentie
814 5071 954 5125 adscribunt.
968 5070 1002 5121 lie
1015 5068 1107 5131 elicitis,

373 5164 397 5213 et
409 5159 526 5226 imperatis
545 5154 665 5209 coturnatis
683 5148 819 5212 sedenibus,
838 5153 861 5199 et
873 5151 983 5213 qnabnrrs
1006 5144 1108 5209 utmsuue

374 5236 473 5288 violenta
485 5231 608 5285 necessitas
620 5226 749 5281 adhibetur.
759 5224 839 5277 tinctis
851 5221 1009 5276 ueoeesitatexn
1021 5219 1108 5271 homini

371 5311 494 5364 nolentum
519 5320 565 5360 nou
579 5318 644 5367 esae3
659 5303 706 5355 imo
722 5304 818 5353 mortam
831 5298 904 5365 ipsam
917 5294 1032 5363 morellis
1044 5299 1107 5360 opta-

373 5386 452 5439 bilem.
1057 5368 1107 5422 aas

340 5463 426 5516 meur
448 5459 487 5513 lv.
505 5457 539 5511 lie
560 5455 656 5517 Caldni,
674 5452 811 5506 stallorum
830 5449 999 5510 hereticorum,
1013 5459 1108 5499 eorum·

373 5551 427 5603 que,
441 5536 481 5602 qni
502 5532 718 5596 mhsnnmrnutur,
734 5528 828 5593 effusio,
850 5529 873 5578 et
897 5523 1054 5584 mutianum,
1068 5520 1108 5586 qul

372 5611 538 5672 nmesmtatem,
553 5608 619 5674 eujus
632 5617 712 5671 expers
723 5603 820 5656 libemm
833 5600 950 5654 arbitrium
970 5597 1105 5663 Scriptura,

373 5702 402 5744 an
429 5687 511 5741 Patres
527 5697 577 5739 esse
606 5680 740 5749 pradicant,
767 5678 840 5734 sulam
865 5676 1040 5743 iuterpretantm
1056 5684 1107 5726 esse

1046 538 1179 607 INDEX.

1172 710 1322 773 emotionem,
1346 714 1367 769 et
1393 711 1540 772 mulenhamr
1572 721 1618 760 uun
1649 711 1724 758 autem
1751 702 1912 755 neomutus·

1172 787 1312 853 simplicemr
1339 802 1389 853 qua
1410 787 1547 839 voluntatem
1564 798 1610 836 uno
1632 782 1708 846 aliquo
1730 775 1911 832 circunscrihit.

1174 862 1287 914 Aduersus
1303 876 1360 928 ques
1374 861 1448 929 primo
1461 862 1526 913 liberi
1549 859 1636 911 arbitrii
1648 864 1735 916 uatum,
1751 859 1773 906 et
1783 851 1914 920 proprietas

1174 938 1292 1002 exponitur
1319 952 1332 989 e
1359 938 1386 991 S.
1414 937 1512 999 Thema,
1532 941 1555 989 et
1571 935 1658 999 abnuet
1671 930 1786 984 Patribus.
1802 927 1913 980 mmmm

1172 1011 1236 1063 iilam
1250 1013 1378 1079 opinionem
1392 1028 1406 1064 a
1420 1012 1446 1065 S.
1463 1012 1551 1064 Thema
1563 1010 1693 1062 hereticam
1714 1004 1824 1072 iudicari.
1846 1002 1914 1054 raho

1174 1087 1203 1138 ah
1216 1088 1262 1139 iltis
1278 1088 1383 1140 infamari
1399 1102 1543 1141 communem
1556 1086 1699 1145 sermotiem,
1714 1088 1737 1134 et
1750 1079 1916 1145 Philosophi·

1176 1178 1232 1215 cum
1258 1164 1344 1227 rocam,
1369 1169 1474 1231 uuquam
1502 1162 1635 1216 Christiana
1657 1157 1795 1226 oppositam,
1814 1169 1868 1208 cnm
1886 1154 1916 1204 sit

1175 1254 1230 1302 uua,
1245 1240 1367 1292 eteadem.
1865 1229 1912 1282 bot

1142 1322 1228 1376 carm
1240 1324 1268 1376 il.
1287 1323 1400 1374 livertitur
1418 1338 1483 1375 nura
1505 1323 1671 1373 firmamentum
1688 1316 1804 1384 opinionis
1820 1313 1915 1380 exposi-

1176 1403 1224 1450 tum
1241 1413 1318 1465 snpra,
1334 1413 1379 1465 quo
1393 1398 1467 1450 solum
1485 1397 1606 1450 molenhem
1621 1394 1704 1462 opponi
1722 1391 1823 1444 libertati
1840 1394 1913 1455 petat

1176 1473 1316 1537 Ostenditur,
1331 1474 1489 1527 necmsitatem
1503 1485 1668 1538 eumcumque
1683 1482 1735 1521 cnm
1760 1466 1835 1533 liherp
1848 1464 1915 1515 arhi-

1175 1550 1220 1600 trio
1230 1563 1344 1616 pugnare3
1360 1548 1465 1601 aclntius
1478 1548 1603 1613 explicatur
1619 1544 1781 1604 naturaillius,
1797 1546 1821 1593 et
1833 1539 1915 1604 agendi

1178 1625 1243 1675 ratio
1273 1625 1354 1684 iuria,
1380 1639 1408 1676 ac
1434 1623 1571 1689 multiplices
1598 1620 1708 1672 libertatis
1733 1618 1863 1669 incubones
1888 1630 1914 1665 m

1176 1700 1274 1765 antiquis
1291 1700 1428 1761 declarata,
1452 1713 1504 1765 que
1521 1711 1600 1750 omnes
1617 1695 1773 1748 neeaemtatem
1787 1691 1916 1758 simplicem

1178 1775 1307 1826 excludunt.
1324 1774 1383 1835 Quid
1396 1774 1426 1825 sit
1438 1774 1591 1839 indifferens,
1605 1775 1628 1822 et
1643 1767 1836 1836 quemadmodum
1845 1766 1916 1816 libero

1177 1850 1271 1901 arbitrio
1281 1850 1472 1911 conveniatadeo,
1487 1855 1512 1900 ut
1525 1848 1582 1900 citra
1594 1847 1639 1899 huc
1648 1859 1715 1911 mere
1729 1847 1836 1909 nequeat,
1845 1853 1917 1906 nequ

1177 1925 1270 1976 libertas
1282 1925 1380 1977 hnmana
1393 1925 1527 1976 cousbtem.
1542 1923 1685 1974 illustrantur
1706 1927 1807 1971 ueterum
1824 1918 1917 1969 Patrem

1178 2001 1207 2051 de
1223 2015 1250 2052 ea
1263 2000 1390 2062 sementia,
1405 1999 1487 2065 quibus
1500 1998 1610 2051 deotmne
1623 1997 1712 2049 noritm
1720 1994 1822 2046 eliditur.
1869 1993 1916 2043 301

1145 2082 1232 2136 Garun
1245 2084 1282 2135 Vl.
1301 2084 1334 2135 lie
1348 2098 1387 2145 eo,
1400 2084 1461 2148 quod
1475 2083 1652 2143 miratoriam,
1667 2079 1704 2131 rel
1713 2080 1917 2145 memmei

1178 2159 1373 2211 involuntarium
1383 2159 1481 2219 diciturr
1496 2157 1684 2223 quodutxumque
1697 2154 1835 2207 declaratur.
1848 2152 1919 2205 Coae·

1179 2239 1237 2297 tum,
1254 2234 1316 2300 qnod
1328 2233 1456 2286 uoluntario
1477 2232 1597 2298 opponitur
1610 2230 1725 2284 communi
1739 2244 1783 2280 usu
1795 2227 1916 2287 semeonis,

1179 2323 1226 2362 non
1238 2314 1339 2361 euertme
1349 2309 1451 2360 fundos
1464 2307 1600 2368 libertatern,
1615 2305 1656 2357 sed
1666 2305 1809 2358 extrinsecus
1821 2303 1918 2355 mulia

1181 2385 1201 2435 ri
1216 2385 1245 2437 ad
1263 2385 1391 2450 eligendum
1411 2383 1497 2448 ahquid
1515 2381 1660 2447 compellere.
1674 2381 1750 2440 tiuare
1763 2380 1856 2430 mismm
1870 2391 1918 2429 esse

1180 2474 1207 2511 ex
1220 2459 1356 2522 volumnio,
1370 2466 1393 2511 et
1413 2457 1574 2519 involuntario,
1588 2461 1611 2508 et
1624 2455 1759 2522 simpliciter
1772 2468 1825 2505 esse
1838 2453 1918 2505 rotun

1180 2536 1272 2587 tamum
1305 2532 1371 2595 Quod
1400 2548 1429 2585 ex
1458 2532 1577 2599 Scriptura
1602 2531 1700 2597 primum
1713 2530 1826 2582 adversus
1851 2541 1919 2580 norm

1181 2611 1309 2675 'l'hcolupos
1322 2608 1455 2661 adstruitur.
1871 2604 1917 2655 am

1148 2694 1234 2748 meur
1247 2695 1296 2747 Vll.
1311 2692 1442 2747 ostenditur
1460 2704 1473 2742 s
1494 2688 1610 2752 Patribus,
1629 2693 1734 2741 coacoxm
1747 2694 1772 2740 et
1785 2687 1916 2749 domna,

1182 2772 1241 2836 qnod
1259 2771 1332 2834 libero
1345 2767 1439 2821 arbitrio
1455 2765 1514 2818 solet
1530 2765 1624 2831 opponi,
1644 2778 1689 2816 uon
1703 2764 1805 2817 imdihrs
1822 2774 1919 2818 emera

1181 2846 1317 2909 libertatem,
1332 2843 1374 2896 sed
1403 2856 1456 2894 eum
1477 2844 1530 2893 actu
1551 2840 1625 2892 libero
1641 2839 1767 2892 coherere.
1796 2841 1831 2893 oe
1860 2841 1919 2893 hali

1183 2922 1325 2984 necessitate,
1356 2932 1425 2986 quaxn
1446 2918 1537 2970 Veteres
1559 2915 1632 2968 libero
1657 2914 1753 2967 arbitrio
1782 2917 1917 2969 menarum

1182 3001 1318 3062 spumeum,
1335 3009 1382 3047 non
1394 3006 1444 3046 enm
1457 3005 1508 3044 esse
1518 2990 1718 3056 violentiamque
1730 3005 1824 3045 emnem
1838 2992 1919 3045 mern·

1182 3072 1235 3124 tatis
1259 3073 1370 3125 achonem
1396 3068 1470 3130 elidit,
1502 3064 1552 3125 sed,
1584 3080 1612 3117 ea
1636 3065 1720 3132 posita,
1743 3079 1815 3131 apere
1832 3066 1919 3129 undu

1183 3148 1265 3211 ipsam,
1280 3160 1325 3200 non
1338 3142 1512 3204 tameulihexu3
1526 3144 1817 3208 montemontauoruna
1840 3143 1920 3207 dopna

1183 3221 1410 3275 tunditussrertitur.
1874 3216 1919 3268 ³¹8

1150 3306 1237 3360 &eur
1249 3307 1307 3360 llil.
1326 3303 1475 3358 Excutinntnr
1504 3299 1648 3367 anhquorurn
1675 3299 1770 3354 Patrem
1783 3300 1919 3359 intimanda,

1184 3396 1236 3448 quo
1249 3383 1350 3450 opinioni
1360 3382 1436 3433 lavere
1449 3390 1497 3428 aue
1509 3375 1619 3428 libertatis
1631 3375 1709 3427 hostes
1723 3374 1864 3427 mhitraahrr
1878 3393 1885 3425 :
1898 3376 1920 3428 ia

1185 3458 1266 3524 quibus
1276 3458 1392 3524 multiplex
1399 3454 1492 3507 iilomm
1509 3450 1654 3504 hallucinatio
1668 3450 1822 3502 runmneitnr.
1837 3451 1921 3517 bicep-

1185 3533 1234 3585 sius
1248 3548 1366 3601 perperam
1379 3530 1407 3583 ah
1420 3528 1468 3580 illis
1480 3532 1596 3592 aceeptus,
1606 3541 1634 3578 ex
1648 3539 1720 3591 euque
1732 3525 1832 3578 minuta
1846 3540 1922 3579 eman

1187 3609 1273 3674 opinio.
1289 3609 1419 3676 Explicatur
1439 3601 1819 3673 permansissemus
1838 3601 1922 3654 risu

1187 3687 1290 3747 coactin;
1318 3686 1342 3736 iu
1369 3683 1450 3750 qubus
1476 3679 1605 3733 notionibus
1627 3676 1774 3743 pradssimus
1794 3668 1923 3731 munim

1188 3773 1252 3812 error
1261 3761 1370 3828 aperitur.
1383 3757 1505 3811 Clementis
1519 3754 1616 3808 hnmani
1629 3752 1695 3806 loeas
1714 3752 1743 3803 ab
1764 3752 1868 3816 eiusdem
1880 3755 1922 3807 ds

1190 3839 1268 3890 sensus
1281 3835 1403 3897 calumnia,
1418 3839 1442 3885 et
1458 3847 1486 3884 ex
1501 3845 1528 3883 ee
1546 3830 1673 3895 scriptore,
1686 3828 1861 3893 emesenamodi
1872 3834 1923 3881 tan-

1189 3911 1240 3964 dem
1256 3916 1305 3974 est;
1317 3909 1446 3963 communis
1455 3907 1532 3973 opinio
1543 3904 1572 3957 de
1584 3903 1688 3956 lihertate
1699 3901 1801 3968 probem.
1816 3903 1867 3955 lien
1880 3918 1923 3957 noa

1189 4002 1217 4039 en
1242 3988 1338 4049 irenen,
1368 3991 1392 4036 et
1414 3981 1563 4042 Tertulliano,
1591 3991 1688 4044 quorum
1704 3977 1825 4029 satenhm
1841 3978 1922 4030 husae

1189 4061 1294 4115 nudatis
1307 4061 1336 4113 ad
1348 4074 1397 4112 sue
1415 4056 1565 4125 patrocinium
1587 4057 1709 4106 humant.
1725 4052 1844 4105 Postremo
1859 4053 1923 4105 thla-

1190 4137 1237 4190 rius
1250 4137 1314 4190 testis
1332 4135 1443 4188 adductus
1456 4132 1485 4185 ab
1499 4130 1642 4191 hdrersaxiu,
1656 4133 1737 4180 cenna
1757 4128 1833 4193 ipsum
1850 4143 1922 4196 eppe-

1190 4214 1264 4276 nitur;
1279 4216 1303 4264 et
1324 4225 1351 4263 ex
1364 4210 1414 4276 eius
1433 4209 1474 4260 illu
1500 4207 1560 4273 ipso,
1578 4218 1644 4272 quern
1663 4202 1749 4264 citarit,
1776 4202 1840 4264 beo,
1863 4217 1924 4256 nore

1190 4285 1303 4355 opinionis
1328 4285 1416 4338 ialsitas
1432 4281 1620 4344 christinam
1644 4277 1782 4331 rahdismm
1804 4277 1924 4343 κωμί-

1189 4367 1235 4415 tur.
1877 4352 1908 4404 82

1157 4447 1243 4501 duram
1263 4446 1304 4498 ill.
1322 4445 1425 4498 hliomm
1447 4442 1540 4495 Patmm
1562 4439 1591 4492 ab
1616 4437 1668 4491 nori
1694 4435 1808 4501 dogmatis
1833 4442 1923 4489 summe

1190 4523 1260 4576 citata
1271 4521 1412 4581 testimunia;
1429 4532 1479 4584 que
1505 4515 1602 4568 maxime
1628 4516 1706 4565 contra
1732 4512 1808 4578 ipsum
1828 4511 1921 4564 numa

1189 4602 1302 4668 imprimis
1327 4596 1499 4664 (ingeniendi
1524 4595 1586 4646 illius
1606 4605 1687 4645 noram
1703 4590 1732 4642 de
1756 4589 1924 4642 iliterhteeen·

1189 4678 1282 4729 maian
1295 4688 1390 4742 prorsus
1398 4671 1486 4724 evertit.
1500 4666 1689 4721 mamuralia
1703 4664 1806 4729 elusam
1818 4664 1881 4727 locs,
1898 4677 1922 4716 ex

1190 4753 1273 4819 ombus
1285 4750 1359 4815 nepe
1371 4763 1436 4801 error
1448 4747 1486 4798 iiie
1500 4743 1651 4798 conducitur.
1669 4739 1825 4803 mahomat,
1845 4746 1868 4792 et
1880 4741 1923 4791 rire

1190 4829 1249 4895 apud
1263 4827 1367 4880 eumdem
1380 4838 1426 4876 non
1439 4836 1467 4874 eo
1484 4821 1551 4873 modo
1565 4818 1649 4886 accipi,
1675 4830 1722 4882 quo
1735 4816 1830 4882 putarit.
1855 4815 1923 4867 Erue

1189 4903 1241 4956 hius
1259 4915 1377 4969 perperam
1397 4898 1427 4950 ab
1440 4897 1520 4950 eodem
1547 4896 1638 4957 citatus,
1662 4905 1716 4945 cnm
1736 4891 1847 4943 adversus
1863 4890 1923 4943 iim

1190 4978 1302 5046 imprimis
1313 4976 1391 5030 tanim.
1406 4971 1566 5039 Expeuduntur
1589 4969 1652 5021 illius
1678 4967 1731 5019 luca
1750 4980 1779 5017 ex
1791 4965 1851 5017 lihm
1863 4970 1923 5017 κω

1190 5054 1219 5106 de
1237 5050 1405 5120 Preparaiione
1426 5045 1571 5113 braureliea,
1599 5049 1622 5097 et
1635 5058 1663 5096 ex
1674 5043 1733 5096 hhro
1747 5046 1827 5095 eontra
1840 5041 1923 5094 titten-

1157 5213 1243 5268 Gaeor
1267 5213 1298 5265 x.
1316 5213 1351 5263 lie
1369 5207 1505 5277 Epiphanio,
1532 5220 1600 5273 quem
1621 5218 1662 5272 pro
1690 5215 1717 5255 aa
1732 5200 1848 5254 munaus
1863 5203 1923 5252 sech

1190 5293 1270 5342 tmtem
1283 5287 1338 5341 citat
1358 5304 1365 5337 r
1382 5284 1520 5345 ostenditur,
1544 5282 1674 5347 mutiquam
1691 5278 1741 5343 dus
1754 5275 1827 5329 errori
1839 5275 1923 5327 saffra·

1190 5365 1249 5431 rari,
1270 5377 1344 5429 neque
1366 5358 1581 5423 mademarius
1599 5354 1675 5407 verbis
1687 5353 1770 5419 mens
1789 5350 1846 5403 illnd
1858 5348 1925 5401 τῶ-

1189 5441 1253 5493 baur.
1263 5439 1447 5505 chrysostomum
1460 5447 1550 5501 quanm
1562 5432 1586 5484 id
1600 5428 1733 5483 auctoritate
1741 5440 1784 5479 aaa
1799 5427 1923 5485 damner

1191 5517 1257 5581 cadus
1270 5515 1323 5567 loen
1335 5512 1439 5580 quadam
1452 5509 1481 5562 ab
1495 5509 1535 5561 illa
1548 5506 1663 5561 calomnia
1673 5504 1825 5556 undantem.
1840 5499 1925 5565 bispe-

1188 5592 1345 5644 taturitemm
1370 5589 1398 5640 de
1416 5586 1449 5646 vi,
1472 5590 1496 5637 et
1517 5574 1927 5647 meatumquensohmhuenrt

1190 5661 1412 5722 monnianlbmo
1431 5658 1525 5717 arbitrio
1547 5648 1928 5721 admamnmunnprotu-
