3936 6172
428 301 478 363 DE
500 300 670 370 carriolo
691 301 765 374 SEX
785 298 952 378 bianum,
973 299 1044 377 tte.
1068 301 1120 375 IV,
1142 301 1228 364 GAP.
1250 303 1301 366 XI.
1598 303 1657 371 Μ

83 464 267 548 philosophi,
282 465 432 538 volitiones
444 466 573 538 futrrras,
590 475 621 538 et
636 469 749 537 liberas
762 484 842 549 prae·
889 466 952 528 siue
964 465 1107 546 edumas,
1122 467 1175 531 too
1187 468 1255 537 erit.
1269 468 1362 549 Atqui
1375 468 1658 549 posteriusheoper

7 598 18 631 ,
83 558 242 619 sairialteu
253 559 420 638 negabant,
436 579 474 622 eo
487 562 571 642 quod
584 561 777 642 praescientia
788 560 843 622 Dei
889 576 934 629 ee,
950 576 986 623 ae
1003 560 1131 643 precise
1153 561 1399 639 consideratum,
1415 561 1535 635 nullam
1551 561 1655 640 aliam

7 640 52 739 :²¹³
83 650 214 719 minen
226 657 339 733 potest,
355 654 691 740 necaliterfiet,quam
700 653 842 717 futurum
890 657 1099 732 preterquam
1107 652 1279 731 definitior
1288 654 1485 727 determinati
1497 654 1658 725 notionem

7 746 48 816 pii
84 742 311 824 previderimus
322 764 384 827 quo
397 748 560 815 necessitas
571 748 715 828 quadam
728 749 839 821 oritur.
891 742 1226 822 intelligentia-nostrae
1236 747 1359 825 objicit;
1376 746 1513 824 violanti,
1525 750 1658 811 etaoaeti

7 820 56 857 ''¹'‘
85 834 528 905 Undeneroluntatesnestrre
542 838 649 903 liberas
669 839 842 905 necessitati
890 836 1018 903 omnino
1032 837 1162 907 nullam.
1177 838 1502 907 Porredetermiuotum
1514 839 1656 918 nihilest,

83 928 129 991 illi
140 927 368 1007 subjicerentur,
383 933 563 1000 maluerunt
575 951 626 995 eas
638 932 841 1014 diuinaeprre-
890 929 952 999 uisi
964 930 1183 1009 necessarium,
1194 931 1276 1011 quod
1293 932 1424 1011 simplex
1433 932 1556 1008 dieitur,
1568 938 1657 999 natu·

84 1021 210 1087 mentis
224 1021 417 1095 subtrahere.
438 1025 591 1093 Adversus
611 1026 678 1086 haee
694 1025 840 1104 Augusti·
889 1020 947 1083 reli
958 1040 1123 1093 commune
1136 1041 1173 1084 ae
1189 1023 1337 1093 violente.
1353 1025 1452 1104 Igitur
1470 1025 1536 1089 hae
1549 1043 1654 1091 neees-

83 1131 142 1177 nus
160 1114 219 1180 duo
240 1115 426 1181 neoemitatis
448 1136 562 1198 genera
576 1118 751 1194 eonstituit;
767 1136 842 1198 quo-
889 1113 962 1175 sitas
994 1116 1128 1196 proprie,
1157 1134 1193 1178 ae
1215 1122 1298 1180 reeta
1320 1116 1455 1188 libertati
1476 1119 1653 1198 opponitur,

84 1224 151 1268 rum
171 1225 268 1268 111111111
289 1208 424 1275 libertati
445 1215 613 1292 repugnet,
630 1210 763 1275 alterum
775 1229 841 1271 non
890 1204 977 1288 eujus
997 1206 1163 1273 formulam
1188 1209 1222 1279 in
1243 1208 1300 1278 isto
1319 1208 1531 1288 complexione
1551 1211 1657 1273 statuit

82 1300 291 1379 repugnatum
303 1319 361 1381 pru
375 1302 490 1383 duplici
504 1303 684 1369 necessitate
697 1303 766 1380 ista,
776 1302 840 1366 duo
891 1300 1082 1378 Augustinus
1098 1320 1106 1362 ε
1120 1300 1160 1364 Si
1175 1300 1320 1379 uolumus,
1333 1308 1397 1371 est:
1410 1302 1439 1364 si
1451 1301 1654 1378 convolemus,

82 1388 152 1451 neri
166 1391 347 1472 caryphteus
367 1393 519 1475 dogmatis
534 1414 573 1461 ex
593 1395 653 1457 illis
674 1395 840 1475 Augustini
889 1409 948 1451 uec
962 1398 1014 1453 ert.
1033 1393 1197 1473 Propterea
1211 1394 1302 1474 liugn
1320 1393 1498 1473 Victorinus
1508 1392 1531 1471 ¹,
1546 1400 1578 1456 et
1591 1396 1656 1464 Ma-

82 1481 175 1547 raba
193 1484 318 1563 colligit,
338 1503 409 1565 quae
430 1492 504 1551 sunt
522 1487 613 1549 nobis
634 1488 728 1549 etiam
746 1493 839 1569 atque
888 1483 983 1562 gister
1017 1485 1247 1548 Sententiarum
1262 1486 1285 1564 ²,
1313 1485 1449 1553 liberum
1479 1487 1656 1550 arbitritum

83 1575 168 1641 ubam
178 1576 236 1638 boe
250 1577 316 1638 loca
331 1579 565 1643 consideranda.
889 1576 967 1639 eura
985 1579 1149 1657 praesentia
1158 1579 1273 1641 uersari
1285 1584 1413 1659 negent,
1426 1579 1499 1659 quie
1510 1580 1656 1645 determi-

117 1668 252 1729 Primnm
264 1688 303 1730 ex
321 1688 358 1733 eo
372 1671 513 1734 eourludi
526 1673 728 1752 putat,‚haue
742 1672 839 1739 solam
888 1673 962 1734 nata
975 1674 1059 1746 sunt,
1071 1690 1078 1745 ;
1092 1672 1176 1750 quod
1189 1670 1272 1732 idem
1282 1676 1380 1749 astae
1390 1672 1557 1753 necessaria
1568 1679 1652 1751 sunt,

83 1759 188 1839 opponi
199 1760 297 1833 libero
311 1763 438 1825 arbitrio
453 1764 676 1839 necessitatem,
691 1784 763 1845 quae
775 1766 840 1826 uio
888 1779 950 1840 qua
963 1763 1136 1841 prasentia.

83 1850 158 1919 lenta
169 1853 206 1913 sit
219 1858 251 1914 et
263 1856 629 1939 regensboeestuqute,
646 1857 839 1921 nobisetiam
927 1853 965 1927 V,
987 1852 1129 1919 Alterum
1147 1872 1186 1919 ex
1201 1855 1365 1934 rugierint
1383 1854 1485 1925 verbis
1502 1862 1655 1920 consecta-

83 1942 260 2023 nolentibus,
282 1964 338 2010 seu
359 1947 478 2026 invitis,
503 1954 534 2010 et
559 1950 670 2013 coecus
693 1955 838 2030 operatur
887 1944 970 2015 rium
992 1946 1032 2008 ab
1046 1945 1197 2009 libertatis
1217 1953 1397 2027 corruptore
1420 1948 1600 2024 deducitur;
1621 1949 1655 2014 in

83 2035 215 2105 effectum
237 2056 343 2113 suum,
370 2061 382 2097 ι
410 2045 445 2100 nt
467 2046 512 2105 est
534 2042 696 2108 necessitas
715 2044 835 2107 mortis.
889 2054 951 2117 quo
973 2056 1077 2104 arcem
1098 2058 1187 2102 nore
1215 2040 1368 2120 opinionis
1390 2041 1559 2106 constituit.
1588 2043 1656 2108 Hoc

83 2126 189 2193 Vanam
213 2129 405 2210 Augustinus
435 2152 534 2213 genus
555 2133 615 2194 hoe
635 2134 836 2205 necessitatis,
887 2134 993 2190 autem
1007 2135 1052 2191 est
1068 2150 1075 2190 ε
1089 2132 1296 2192 necessarium
1310 2131 1654 2212 simplieietabsoluta,

83 2237 138 2287 aon
150 2222 221 2301 quia
234 2224 327 2302 eunt,
341 2229 372 2287 et
385 2224 450 2286 rim
463 2225 535 2294 lauit
547 2225 709 2299 voluntati,
717 2244 753 2289 eo
764 2246 838 2292 con·
886 2223 1141 2302 antemdentique
1153 2225 1348 2301 necessitate,
1361 2224 1503 2288 videlicet
1515 2227 1599 2304 quod
1612 2226 1657 2287 ita

85 2313 199 2375 uarium
222 2332 288 2376 esse
311 2315 410 2377 libero
432 2317 505 2381 dir-it
527 2318 665 2395 arbitrio,
689 2319 741 2380 sed
764 2322 839 2399 quia
887 2312 1128 2381 determinatum
1139 2321 1195 2394 est,
1210 2320 1246 2380 ut
1258 2316 1324 2395 ejus
1338 2318 1529 2383 eontrarium
1542 2317 1656 2397 impoe-

50 2435 55 2447 ·
83 2403 312 2471 determinatum
324 2413 380 2485 est,
397 2414 509 2473 utnon
523 2410 612 2473 aliter
630 2410 753 2473 evenne
767 2431 837 2491 pes·
886 2405 973 2470 sibile
993 2408 1041 2476 sit,
1058 2425 1122 2476 non
1142 2408 1258 2487 opponi
1271 2406 1380 2483 libero,
1401 2408 1570 2473 dummodo
1590 2427 1655 2477 uon

84 2494 124 2559 sit.
138 2498 215 2558 Nam
228 2498 292 2560 sive
306 2499 461 2577 uolumus,
475 2503 538 2563 sive
551 2502 838 2578 uolumus‚neeesse
886 2497 927 2557 eit
944 2504 1058 2579 praeter
1076 2498 1285 2572 uoluntatem,
1301 2500 1353 2562 aed
1376 2500 1442 2581 ejus
1461 2499 1655 2569 inclinationi

83 2586 221 2653 habemus
234 2593 345 2658 emori.
360 2594 449 2667 Quod
469 2601 574 2659 autem
593 2595 637 2656 ita
648 2597 793 2672 nectitur,
809 2604 840 2659 et
886 2596 1139 2662 consentaneum.
1155 2592 1243 2666 Quod
1263 2610 1301 2653 ex
1322 2592 1533 2673 superioribus
1552 2593 1655 2659 uerbis

84 2680 208 2759 ellatur,
223 2683 286 2745 sice
306 2684 451 2763 volumno,
470 2686 531 2748 siue
544 2687 692 2757 notemus,
707 2686 759 2749 doe
774 2687 837 2768 fiet,
887 2683 1052 2761 Augustini
1065 2682 1201 2762 colligit3
1217 2684 1272 2745 uhi
1284 2685 1319 2752 in
1332 2685 1511 2766 exemplum
1523 2686 1654 2749 uecessi-

83 2775 323 2838 nonviolentiam
336 2778 461 2855 indicat,
475 2780 528 2841 sed
534 2780 836 2859 determinationem,
885 2774 957 2837 ielis
967 2774 1101 2837 libertati
1115 2794 1179 2839 110ss
1192 2778 1366 2855 conuariee,
1386 2778 1504 2858 profert
1520 2796 1653 2841 «neces-

84 2882 137 2926 1111
149 2866 181 2928 in
195 2866 354 2931 voluntate
370 2871 447 2950 ipsa,
463 2871 516 2935 sed
535 2871 569 2941 in
586 2890 631 2947 re,
647 2889 716 2952 quac
728 2888 836 2935 neces·
886 2868 1009 2930 sitetem
1036 2868 1109 2930 vitre
1136 2887 1172 2931 ae
1198 2871 1400 2949 praecientia
1427 2872 1462 2933 iu
1480 2872 1589 2948 Deo,n
1610 2871 1655 2935 ita

84 2957 157 3018 aaa
168 2959 227 3020 hae
240 2960 385 3023 afficitur.
402 2964 511 3042 Itaque
523 2970 673 3041 mortem,
686 2983 722 3025 aa
741 2966 839 3027 mari.
886 2958 1024 3023 scribens
1039 2979 1046 3021 ι
1067 2981 1083 3019 e
1096 2961 1203 3039 Neque
1217 2961 1300 3027 enim
1314 2968 1345 3029 et
1354 2963 1450 3025 vitam
1462 2962 1527 3039 Dei,
1538 2967 1569 3025 et
1577 2981 1655 3043 prae-

85 3049 144 3110 endi
159 3053 377 3116 necessitatem
389 3055 440 3117 vel
468 3056 586 3130 odisse,
616 3074 653 3117 ae
669 3056 838 3121 detrectare
886 3051 1046 3123 fleieniitttl
1073 3051 1127 3113 Dei
1155 3052 1212 3112 tub
1239 3053 1417 3117 ssflssssffliiflie
1444 3054 1599 3134 punimus,
1627 3056 1654 3116 ⁸1

84 3158 243 3222 mamus,
256 3146 306 3209 rel
318 3165 435 3216 amare,
457 3153 511 3212 eut
524 3147 753 3228 aequibonique
766 3167 837 3212 cen·
885 3143 1024 3217 dieamus
1037 3161 1159 3213 neeesse
1174 3146 1356 3221 escaticum
1363 3162 1484 3226 semper
1496 3145 1612 3224 virere,
1624 3154 1655 3209 et

85 3232 179 3309 sulae
196 3238 346 3316 quouim
359 3239 457 3300 libere
471 3240 505 3303 in
518 3258 588 3303 eam
608 3239 837 3311 terriuolnntas
885 3242 996 3300 cuncta
1022 3237 1174 3318 praescire
1198 3258 1214 3299 a
1240 3238 1336 3317 Atqui
1363 3238 1565 3306 determinata
1594 3240 1654 3303 ista

84 3331 175 3404 potest
194 3331 236 3389 At
248 3329 837 3411 homoipse‚corpnsvemortelehomi-
885 3334 970 3404 sunt,
985 3335 1016 3390 et
1037 3329 1218 3403 necessarie,
1239 3330 1312 3410 quta
1330 3331 1420 3407 mort,
1441 3330 1573 3412 fallique
1594 3350 1653 3393 oon

85 3416 124 3477 uis
133 3421 342 3484 amenitatem
355 3423 436 3490 bane
447 3424 703 3503 pettenhusen,
712 3429 748 3491 ut
756 3425 832 3500 dixi,
880 3427 988 3503 potest.
1005 3422 1101 3500 Igitur
1114 3439 1180 3487 uon
1193 3426 1239 3488 eet
1247 3421 1345 3487 libero
1356 3423 1546 3489 scunarium
1555 3423 1653 3491 deter-

85 3507 368 3582 determinatienem.
385 3515 532 3590 Quocirca
554 3516 615 3579 duo
635 3515 688 3577 illa
701 3517 835 3581 invicem
883 3513 1232 3585 minatensium-tum,

85 3605 207 3682 opposita
239 3612 325 3684 sunt,
357 3604 603 3684 aeramentum,
633 3613 664 3671 et
696 3607 832 3674 liberum.
922 3605 1051 3683 Verum,
1066 3605 1092 3666 si
1115 3606 1184 3685 quis
1201 3607 1366 3684 domnini
1389 3608 1492 3673 lecum
1512 3607 1602 3672 illum
1619 3614 1652 3672 et

85 3693 213 3759 liberum
226 3699 392 3765 dieiurreb
408 3700 591 3779 Augustino,
605 3699 694 3782 quod,
709 3701 738 3762 si
751 3702 833 3765 volu·
882 3697 1067 3765 maantam
1093 3698 1204 3768 arabus
1230 3700 1439 3779 attentiusque
1467 3701 1648 3781 perpendat,

86 3804 147 3863 uus,
159 3797 211 3866 est,
226 3791 255 3853 ri
276 3791 422 3867 minues,
439 3811 496 3855 neu
508 3800 549 3855 est
556 3810 570 3868 ;
590 3793 623 3853 in
637 3812 700 3873 quo
720 3794 835 3874 prinei-
882 3807 977 3867 qnam
990 3789 1047 3852 iste
1064 3790 1148 3863 feeit,
1169 3792 1394 3859 animadvertet
1413 3792 1560 3873 protecte,
1580 3792 1649 3856 lon-

85 3885 176 3956 petum
188 3888 275 3947 tenet
288 3884 421 3949 uolumus
434 3885 520 3965 ipsa,
535 3885 567 3947 id
581 3890 627 3946 est
639 3885 750 3960 tiburte,
770 3886 834 3949 sive
882 3881 952 3960 gius
966 3899 1037 3947 eum
1052 3881 1219 3961 aberrasse,
1233 3898 1269 3949 oo
1287 3891 1473 3964 prepostero
1493 3890 1649 3965 acceptam

88 3970 180 4035 alitio.
202 3976 448 4043 Determinatum
465 3982 572 4045 autem
590 3977 667 4040 illud
685 3977 836 4059 estquod
882 3973 922 4040 ab
939 3973 993 4036 illo
1018 3992 1082 4037 esse
1106 3979 1245 4041 mentem
1263 3974 1448 4055 Augustiai;
1471 3994 1529 4037 nee
1551 3994 1589 4038 ex
1612 3994 1650 4037 eo

87 4061 280 4143 iaculamur,
296 4068 354 4130 sive
364 4067 511 4145 autumus,
524 4076 584 4144 est,·
597 4069 657 4133 hoe
670 4074 776 4137 autern
789 4076 835 4135 est
882 4066 1054 4144 adjumenti
1080 4067 1261 4147 quidquam,
1287 4086 1323 4133 ae
1349 4066 1486 4148 presidii
1507 4067 1649 4131 inscitum

86 4161 276 4229 numerium
287 4178 326 4223 ex
335 4161 501 4240 Augustini
514 4160 676 4226 sententia.
690 4159 832 4227 Coactum
882 4160 1051 4227 nonaum
1071 4174 1190 4239 capere.
1217 4159 1384 4225 sumemus
1405 4160 1465 4224 hoe
1481 4160 1647 4240 imprimis,

87 4264 146 4309 rere
157 4252 252 4313 nihilo
263 4258 309 4314 est
323 4254 435 4332 magis,
452 4271 548 4333 qnam
567 4261 767 4334 spontaneum.
788 4256 834 4319 Si-
882 4251 966 4330 quod
981 4251 1062 4313 ultra
1077 4251 1121 4315 1111
1135 4251 1225 4313 nobis
1238 4250 1385 4328 atterunt,
1401 4269 1473 4313 eum
1486 4252 1529 4315 sia
1546 4252 1648 4333 loqui-

88 4339 192 4416 quidem
205 4345 382 4407 eommunis
393 4345 446 4405 illa
466 4344 630 4410 necessitas
640 4350 686 4409 est
699 4344 747 4422 iis,
762 4364 833 4426 que
880 4348 934 4407 tur
946 4343 1153 4422 Augustinus:
1172 4343 1302 4407 «Vitam
1315 4348 1347 4405 et
1359 4343 1584 4423 prescientiam
1592 4345 1647 4406 Dei

88 4436 237 4504 erundum
251 4442 397 4505 aaaron
409 4437 500 4513 fiunt,
516 4455 588 4499 cutm
608 4437 657 4510 iis,
678 4455 748 4517 quse
760 4444 833 4499 suut
881 4435 940 4497 sub
962 4436 1141 4499 necessitate
1162 4451 1228 4497 uon
1250 4435 1336 4516 paui,
1357 4436 1481 4515 quande
1504 4437 1646 4507 dieimus,

87 4521 338 4606 mremanaturee,
351 4548 419 4609 qua
432 4529 557 4609 proprie
572 4528 701 4592 uiolento
721 4530 832 4595 dieun-
880 4528 1009 4590 Necesse
1023 4533 1079 4604 est,
1091 4546 1214 4607 semper
1228 4528 1327 4591 Deum
1340 4529 1461 4603 vivere,
1476 4550 1492 4591 a
1510 4534 1567 4593 ete.
1584 4547 1648 4590 non

88 4618 136 4681 ua,
156 4620 223 4682 Nou
242 4627 364 4702 poterat
385 4639 501 4685 uorum
523 4621 601 4687 illud
620 4628 833 4686 commentum
881 4619 926 4681 ibi
946 4638 1060 4699 negare
1076 4620 1177 4697 illum,
1192 4620 1335 4682 vitamet
1351 4622 1579 4702 prescientiam
1593 4622 1646 4682 Dei

88 4701 216 4779 1111111111
234 4712 414 4790 valentiore,
427 4733 463 4779 ao
483 4715 613 4779 certiore
634 4715 696 4777 telo
710 4714 830 4791 confieri,
881 4729 946 4775 essa
965 4712 1184 4790 neeessariam
1200 4719 1254 4776 aut
1273 4714 1413 4777 absolute
1435 4716 1648 4778 necomitatem

88 4812 164 4874 tram
183 4805 344 4884 Augustini
365 4806 542 4869 testimonio
559 4807 631 4869 isto.
647 4806 832 4871 observetur
880 4820 1018 4881 omnem,
1034 4810 1273 4886 etquocumqus
1292 4813 1461 4886 speemtam
1483 4808 1575 4868 modo
1592 4806 1647 4867 ab·

88 4887 256 4961 manum
275 4897 365 4959 liberi
382 4897 532 4975 definitio,
549 4903 579 4960 et
601 4898 675 4977 quid
701 4898 775 4961 hiric
796 4915 832 4961 ex
875 4896 1015 4976 iudicare
1037 4898 1077 4958 ab
1098 4898 1210 4961 diuinis
1232 4899 1482 4979 proprietatibus,
1502 4900 1556 4961 sed
1578 4916 1648 4961 eam

89 4982 196 5051 aduerso
221 4990 427 5069 respondeat,
454 4990 618 5071 diligenter
639 4991 829 5053 intueamur.
879 4990 1093 5054 aeremitatem
1120 4990 1314 5068 intelligere,
1344 5010 1414 5071 quas
1442 4991 1482 5051 sit
1507 4991 1648 5071 opposita

89 5071 233 5158 Nimirum,
247 5082 363 5161 siquid
378 5082 524 5161 sapimus,
542 5082 581 5158 ei,
599 5082 682 5162 quod
694 5082 832 5162 sioponi·
879 5081 1025 5144 libertati.
1039 5084 1083 5144 De
1096 5082 1274 5159 hujusmodi
1286 5084 1371 5145 enim
1384 5083 1565 5145 necessitate
1579 5084 1648 5146 istie

88 5168 130 5233 ur
142 5191 149 5229 z
159 5172 191 5232 St
204 5173 350 5239 noluemus.
365 5173 418 5242 troc
430 5185 482 5250 eat,
497 5174 525 5237 ei
536 5173 681 5251 nolumus,
696 5192 755 5237 noo
768 5182 830 5243 ectr
881 5174 1236 5253 agitur,assentieutibus
1244 5175 1338 5235 etiam
1348 5175 1433 5255 ipsis,
1441 5176 1486 5236 uti
1497 5176 1644 5253 diximus,

89 5254 182 5325 mute
201 5267 390 5334 amberiam
414 5270 462 5327 est
480 5265 563 5330 istud
584 5286 591 5326 ε
609 5265 669 5329 siue
685 5265 829 5342 uolumus,
880 5267 1132 5346 adversariisque
1143 5285 1182 5329 ex
1195 5268 1357 5347 Augustini
1372 5268 1473 5329 verbis
1481 5268 1541 5329 illis
1551 5284 1644 5345 argu·

109 5458 182 5506 liert.
192 5466 216 5519 V,
229 5467 268 5513 tib.
282 5467 329 5513 lete
339 5469 438 5514 damn.
451 5479 471 5511 c.
484 5479 558 5513 ma·
574 5467 589 5511 t
603 5466 627 5511 ln
640 5466 670 5518 ll,
680 5466 732 5512 dist.
744 5477 792 5511 ur.
