4004 6168
627 345 679 407 DE
697 342 861 411 orlatele
882 344 957 409 SEX
976 345 1143 412 DIERUM.
1615 350 1676 412 559

141 514 322 596 Augrrstlnus
357 510 420 573 alla
444 509 536 573 nobis
569 512 762 592 suppeditat,
798 528 856 575 nec
904 516 1083 592 opportuno
1118 518 1259 593 tempore
1295 518 1459 593 expromat
1486 511 1677 576 feracitatem

109 608 307 673 minorissane
331 603 492 681 drmitab‘s,
518 621 555 664 aa
579 603 717 676 roboris,
740 603 858 682 quaid
905 622 1013 679 suam3
1035 622 1165 668 ournon
1185 611 1292 667 auctor
1313 605 1428 667 anime.
1442 605 1547 666 debita
1561 605 1676 686 pietate

109 701 247 784 precipue
269 697 462 771 convellant,
491 695 576 775 quod
598 697 665 775 ejus
678 697 859 759 auctoritate
905 696 1067 773 laudetur,
1096 698 1122 757 si
1151 697 1180 758 ei
1203 698 1265 759 tale
1291 698 1407 759 tribuit
1432 698 1612 774 exordium,
1643 705 1678 759 ut

110 799 225 856 minoe
236 790 356 852 laborat
372 788 552 861 Jansenius,
567 788 623 849 lib.
645 790 659 849 l
686 787 722 850 de
743 797 779 849 st.
800 807 856 870 pu.
907 789 1072 865 studendo,
1084 789 1315 870 aoproficiendo
1323 791 1363 851 ad
1372 790 1494 867 frugem
1506 790 1676 868 sapientiae,

109 893 161 947 rot.
175 902 237 963 cap.
251 901 275 943 ιι
282 901 293 958 ;
306 881 514 945 uenenarium
522 879 665 942 videlicet
677 898 745 942 esse
760 897 859 943 ocum
906 880 1096 961 justitiaque
1119 882 1291 962 perueniat.
1313 904 1325 942 ι
1348 884 1406 944 llio
1420 882 1513 943 etiarn
1534 883 1623 943 docet
1644 882 1677 943 in

110 983 234 1039 uentura
253 973 409 1050 rationali,
436 979 468 1035 et
486 973 647 1035 innoosmti
670 974 855 1035 concreari»
908 973 1054 1034 rationali
1066 980 1178 1035 natura
1193 992 1257 1036 esse
1268 993 1358 1056 posse
1371 975 1592 1055 ignorantiam,
1608 992 1678 1053 quae

109 1071 178 1131 dom
191 1065 449 1144 supernaturalia,
466 1064 580 1144 quibus
606 1064 748 1126 trahatur
774 1072 861 1126 extra
908 1064 1041 1144 poenalis
1055 1084 1121 1127 non
1135 1066 1194 1127 sit:
1210 1066 1390 1147 seclusoque
1403 1067 1496 1127 etiam
1512 1067 1576 1127 sive
1590 1071 1679 1127 natu-

109 1158 241 1222 tenninos
262 1176 352 1238 purae
379 1163 500 1219 natura
515 1176 523 1218 :
540 1157 728 1219 nominatim
742 1163 859 1236 auum,
908 1157 980 1234 reli,
1011 1156 1075 1218 sive
1102 1159 1333 1238 supernaturali
1347 1159 1507 1238 sapientiae
1520 1159 1614 1235 dono,
1629 1159 1680 1220 vel

109 1249 681 1332 quoniamdehooinpraesensagimus,
694 1250 861 1329 perfectam
909 1248 1022 1328 inipso
1036 1249 1123 1312 nuda
1147 1257 1259 1312 natura
1281 1252 1355 1313 satis
1379 1252 1527 1312 bonitatis
1547 1251 1678 1328 invenit,

40 1362 43 1367 ·
108 1360 201 1405 rerum
213 1342 355 1403 omniurn
363 1340 587 1420 faciendarum,
599 1341 860 1421 vitandarumque
909 1341 1116 1420 quamobrem
1133 1343 1247 1405 abono
1266 1343 1421 1424 principio
1449 1362 1514 1405 esse
1531 1343 1678 1423 potuerit.

110 1435 245 1498 notitam.
261 1435 341 1495 Nam
354 1433 494 1514 prolecto
517 1451 600 1496 sano.
616 1434 725 1495 doctor
742 1436 763 1495 l.
780 1435 812 1495 X
825 1433 859 1495 de
909 1433 1048 1509 Etenim,
1064 1440 1100 1495 ut
1117 1433 1200 1496 idem
1222 1436 1316 1497 tradit
1337 1436 1359 1496 l.
1376 1437 1407 1497 11
1427 1436 1464 1496 de
1480 1433 1548 1498 Gen.
1575 1434 1614 1498 od
1627 1435 1678 1498 lit.

112 1527 213 1591 deam
224 1527 268 1590 lit.
281 1546 309 1588 c.
323 1544 393 1589 ιιιι.
408 1546 441 1588 ιι.
457 1528 497 1587 bt
518 1526 557 1588 de
580 1527 768 1607 ignorantia,
797 1545 861 1606 qua
910 1529 1122 1602 c.1v,n.3o.
1144 1547 1156 1584 ιι
1175 1527 1210 1588 Si
1226 1527 1343 1607 aliquid
1368 1529 1449 1590 Deus
1467 1527 1681 1607 imperfectum

110 1626 275 1701 ponuntur
293 1619 425 1696 animee,
441 1636 514 1681 cum
528 1640 543 1677 ι
558 1620 740 1699 corporibus
759 1619 861 1682 homi·
910 1615 1017 1678 loaisae
1030 1616 1195 1692 diceretur,
1208 1619 1410 1698 quoddeinde
1424 1620 1490 1699 ipse
1503 1621 1678 1700 perficeret;

109 1731 174 1774 num
186 1712 576 1791 novaesigillatimdantur,
592 1717 637 1772 tta
647 1711 773 1773 scribit:
789 1712 864 1784 Qua
911 1708 988 1788 quid
1007 1710 1255 1789 reprehensionis
1281 1711 1409 1774 baberet
1429 1714 1488 1775 ista
1505 1713 1681 1774 sententiat

112 1806 213 1866 dusct
227 1804 459 1884 quodammodo
475 1802 708 1883 indigestibilis,
724 1803 862 1864 Creatori
908 1801 980 1879 jure
1007 1808 1113 1865 autem
1140 1804 1327 1884 displiceret,
1356 1804 1444 1874 alid,
1469 1806 1553 1885 quod
1566 1806 1605 1866 ab
1626 1805 1680 1867 illo

112 1897 302 1958 tribueretur:
326 1896 406 1957 dum
430 1913 505 1957 vero
530 1896 682 1976 paulatim
703 1895 743 1956 ab
769 1895 864 1974 huJ'us
911 1893 1094 1957 inchoatum
1117 1902 1206 1965 esset,
1234 1896 1348 1958 ababa
1363 1897 1518 1959 diceretur
1531 1914 1596 1960 esse
1610 1917 1680 1978 per-

113 1989 253 2049 oblirionis
277 2005 410 2069 corpore
437 1989 543 2049 anima
566 1988 748 2067 resipiscens
768 1988 864 2068 possit
910 1985 1036 2049 fecbnn.
1051 2009 1067 2045 r>
1084 1987 1129 2048 Er
1150 2006 1212 2068 quo
1226 1988 1390 2050 manifeste
1410 1990 1519 2069 liquet,
1536 2008 1578 2051 ne
1595 1990 1683 2053 illam

113 2082 232 2142 murati
243 2082 281 2143 ad
295 2083 398 2142 Deum
412 2098 517 2157 suum,
541 2081 669 2160 ejusque
689 2079 864 2141 misericor·
912 2078 1012 2158 ipsam
1026 2080 1153 2160 quidem
1165 2080 1401 2161 perlectionem,
1416 2100 1487 2162 qna
1498 2082 1623 2163 propria
1637 2089 1684 2145 est

113 2174 190 2247 bam,
203 2179 233 2236 at
242 2173 407 2235 veritatem
417 2172 519 2253 primo
533 2172 600 2252 ipsa
613 2172 729 2252 pietate
738 2186 864 2233 conver·
911 2175 1031 2232 naturae
1045 2172 1229 2252 cujuspiam,
1244 2176 1343 2234 totam
1354 2173 1410 2253 ipsi
1425 2174 1528 2235 statim
1541 2174 1580 2235 ab
1594 2174 1683 2237 initio

113 2265 204 2343 derb,
225 2266 338 2328 deinde
357 2264 502 2327 servandi
515 2264 662 2345 precepti
675 2264 742 2344 ejus
759 2281 862 2343 perae·
914 2264 1085 2326 necessario
1107 2264 1316 2327 tribuendam.
1343 2266 1425 2332 Quid
1445 2267 1472 2327 si
1485 2267 1551 2345 ejus
1564 2272 1685 2328 naturae

112 2358 248 2432 tumba,
264 2358 454 2437 promereri,
473 2357 548 2437 quid
561 2357 591 2418 ei
604 2357 692 2418 obest
712 2356 766 2417 illo
780 2356 864 2417 velut
912 2355 1058 2434 perieetio
1073 2356 1126 2417 illa
1139 2357 1266 2437 propria
1286 2375 1351 2418 non
1365 2356 1422 2433 sit,
1436 2375 1567 2438 eamque
1592 2359 1684 2438 longe

113 2468 205 2511 samm
229 2450 394 2529 paululum
417 2449 573 2527 immergi,
598 2446 683 2509 unde
711 2448 863 2525 paulatim
913 2454 1053 2526 superat,
1085 2453 1121 2508 ut
1154 2449 1188 2509 in
1221 2449 1317 2510 altera
1345 2449 1553 2529 disputatione
1585 2452 1684 2530 magis

114 2541 239 2627 evigilans
270 2542 303 2602 in
338 2542 443 2603 lucem
475 2540 709 2620 intelligentiae,
737 2546 864 2621 propter
912 2539 1111 2618 perspicuum
1129 2540 1204 2601 fiet?
1229 2541 1286 2601 His
1313 2540 1442 2621 adjungi
1465 2548 1581 2623 potest,
1599 2545 1684 2623 quod

115 2650 193 2711 quan
209 2633 369 2695 rationalis
390 2634 495 2695 anima
515 2632 594 2693 iacta
613 2638 675 2708 est,
696 2638 797 2711 potest
810 2650 865 2712 per
909 2629 1027 2709 legitur
1039 2633 1060 2692 Ι.
1079 2633 1124 2692 ΙΙΙ
1143 2630 1177 2692 de
1192 2631 1247 2693 lib.
1262 2632 1328 2693 orb.
1342 2655 1368 2695 c.
1386 2651 1481 2710 xxiv,
1497 2654 1529 2696 n.
1547 2636 1598 2696 71.
1618 2657 1634 2694 ι
1650 2636 1684 2697 Si

115 2724 284 2788 rubentem
325 2726 505 2801 bonam,o
537 2732 596 2786 etc.
626 2725 738 2786 Censet
770 2725 865 2803 igitur
914 2723 1329 2805 sapiensfactusestprimus
1342 2725 1518 2804 homo,our
1539 2728 1685 2789 seductus

116 2816 284 2896 Augustinus
301 2818 423 2880 differri
436 2834 536 2896 posse,
560 2816 669 2896 utique
696 2816 736 2877 ad
748 2817 866 2896 aliquot
915 2814 984 2876 esti
999 2817 1025 2876 si
1039 2823 1146 2877 autem
1163 2816 1275 2878 stultus
1288 2817 1386 2879 iaetus
1400 2824 1456 2895 est,
1481 2821 1649 2899 quomodo,
1666 2841 1681 2878 o

118 2927 210 2987 annos,
223 2910 380 2987 donailla,
395 2909 509 2989 quibus
534 2908 724 2987 ceteroquin
737 2908 867 2987 indigna
915 2912 973 2969 etc.
1004 2909 1123 2974 Quibus
1152 2909 1196 2970 ita
1229 2911 1415 2990 respondet:
1447 2930 1463 2967 ιι
1489 2911 1582 2984 Quasi
1611 2929 1686 2974 vero

116 3004 217 3072 nouat,
225 3004 286 3064 ullo
293 3020 423 3084 prorsus
429 3000 734 3082 peooeto,rationalis
742 3007 865 3063 natura.
915 3005 1027 3061 natura
1041 3001 1190 3074 humana,
1207 3007 1319 3081 praeter
1331 3001 1503 3079 stultitiam,
1520 3011 1551 3063 et
1564 3006 1685 3083 sepien-

117 3094 226 3157 Etillud
244 3097 373 3176 quidem
394 3095 484 3156 valde
506 3094 680 3155 notandum
703 3098 759 3167 est,
783 3092 868 3173 quod
915 3092 993 3152 bam
1015 3093 1135 3153 nullam
1160 3094 1296 3154 mediam
1322 3093 1451 3173 recipiat
1478 3093 1682 3171 affectionem,

117 3185 186 3261 dicit,
198 3189 393 3250 tribuendam
403 3188 470 3249 fore
479 3186 616 3248 Creatori
627 3185 708 3246 banc
720 3185 866 3264 ignorari·
916 3202 986 3263 quae
1000 3203 1057 3246 nec
1071 3184 1217 3261 stultitia,
1232 3203 1290 3247 nec
1306 3185 1456 3266 sapientia
1468 3186 1527 3248 diri
1544 3188 1651 3267 possit,
1666 3210 1682 3247 r

117 3276 189 3355 tien,
199 3286 223 3342 ιι
231 3291 298 3343 ruet
308 3278 533 3361 indipestibilia:
547 3279 606 3341 hoc
613 3276 698 3339 enim
708 3277 868 3339 manifeste
917 3281 974 3338 etc.
997 3278 1060 3355 En,
1074 3278 1212 3357 primum
1232 3277 1335 3358 ipsum
1358 3279 1529 3353 hominem,
1547 3280 1686 3342 medium

118 3372 241 3450 mandit,
252 3375 359 3454 ipsum
368 3372 454 3451 loqui
467 3371 506 3432 de
519 3370 705 3450 ignorantia,
721 3388 792 3449 quae
804 3388 869 3431 non
917 3370 1085 3448 quemdam
1112 3369 1193 3431 inter
1226 3368 1430 3449 sapientiam,
1464 3374 1496 3430 ct
1524 3369 1687 3433 stultitiam

121 3463 217 3527 oriatm
227 3484 263 3527 ex
276 3471 425 3547 peccato:
442 3464 515 3543 quia
530 3464 554 3523 si
571 3463 644 3524 inde
657 3468 762 3523 ortum
774 3461 870 3524 habe·
917 3467 1038 3522 naturae
1050 3466 1164 3523 statum
1173 3467 1280 3522 tenere
1289 3460 1432 3541 possibile
1441 3460 1511 3539 fuit,
1522 3463 1688 3543 Augustini

118 3559 174 3628 ret,
200 3576 257 3619 non
284 3557 423 3620 Creatori
448 3556 556 3635 utique
582 3554 789 3630 tribueretur,
816 3556 869 3617 sed
919 3552 1072 3614 sententia
1085 3572 1093 3612 τ
1108 3554 1168 3614 hoc
1183 3553 1267 3614 enim
1286 3554 1415 3615 tertium
1429 3554 1592 3633 quidpiam
1615 3575 1690 3617 con-

120 3643 220 3709 bonini
233 3651 291 3728 ipsi
311 3649 464 3731 peccanti.
481 3648 518 3732 Id
540 3649 643 3729 ipsum
668 3647 809 3708 statuitl.
826 3649 869 3708 111
918 3645 1036 3723 stituit,
1070 3645 1104 3705 in
1129 3663 1193 3723 quo
1221 3647 1318 3724 possis
1347 3645 1386 3706 ab
1413 3646 1480 3726 ejus
1504 3648 1689 3710 dilemmatis

119 3736 208 3801 otto.
229 3744 292 3805 arb.
322 3762 351 3805 c.
380 3758 465 3817 xrrr,
492 3759 526 3813 n,
551 3742 591 3802 64
618 3739 673 3799 ubi
700 3740 733 3800 in
753 3739 868 3819 pueris,
918 3743 1051 3816 unoque
1077 3754 1176 3798 cornu
1206 3743 1293 3799 tutus
1319 3737 1493 3799 consistere.
1525 3740 1601 3800 Neo*
1615 3759 1688 3803 vero

121 3831 222 3895 ebusi
246 3835 368 3897 nubam
394 3833 511 3914 peccati
543 3831 698 3894 maculam
719 3852 739 3892 a
767 3832 870 3911 primo
918 3831 1017 3891 telum
1043 3831 1103 3891 boc
1124 3829 1265 3907 hebetat,
1292 3831 1376 3909 quod
1404 3831 1570 3891 adversarii
1598 3831 1689 3894 nobis

121 3932 231 4001 poena
241 3928 384 4000 trabant,
400 3926 490 3987 docet
512 3930 635 3997 tamen,
660 3924 870 4003 ignorantiam
920 3922 1070 4000 objiciunt
1083 3940 1121 3982 ex
1136 3922 1158 3982 l.
1175 3923 1187 3982 1
1201 3922 1335 3982 Retroct.
1363 3922 1521 3999 Spectasse
1534 3923 1686 3984 nimirum

121 4030 203 4096 usqare
213 4038 248 4082 eo
259 4038 351 4100 posse
365 4018 512 4099 permitti,
526 4018 601 4079 dum
616 4017 655 4076 ad
667 4022 869 4095 aetatemper-
920 4015 1077 4092 parrulos,
1092 4030 1163 4074 cum
1179 4013 1247 4073 heco
1260 4012 1396 4089 scripsit,
1413 4031 1494 4074 sanc.
1516 4014 1685 4078 doctorem.

120 4109 228 4172 veniant
254 4113 399 4174 idoneam
426 4110 615 4190 disciplinae:
643 4108 776 4187 quamsi
796 4112 872 4168 tuuc
921 4106 1079 4184 Spectavit
1101 4105 1209 4184 utique
1224 4104 1387 4182 parvulos,
1404 4106 1534 4166 sednon
1548 4125 1601 4168 eos
1620 4114 1690 4170 tan-

121 4199 210 4264 snima
225 4204 380 4284 «propria
402 4202 562 4264 uoluntate
576 4199 729 4280 negligat,
740 4199 824 4278 juste
838 4199 872 4259 in
920 4204 1008 4259 tum:
1030 4197 1230 4278 nequeenim
1243 4197 1324 4258 solos
1337 4197 1480 4276 parvulos
1493 4197 1611 4261 medios
1624 4218 1688 4263 esse

120 4295 364 4375 gravioremque
374 4291 870 4374 tuncpoenalisestignorantiam,
920 4291 1021 4351 voluit
1046 4290 1128 4351 inter
1149 4290 1314 4368 sapientes,
1343 4295 1373 4350 et
1397 4290 1526 4352 stultos:
1551 4291 1588 4352 in
1612 4292 1689 4372 ipsis

121 4382 375 4467 diffiurltatemque
383 4387 633 4466 precipitatur.»
653 4385 775 4444 Interea
797 4401 872 4444 vero
921 4380 1048 4459 quidem
1065 4379 1132 4458 ejus
1144 4379 1190 4440 rei
1208 4377 1387 4456 exemplum
1410 4379 1533 4458 posuit:
1553 4380 1606 4443 sed
1627 4400 1688 4462 quo

122 4476 264 4558 subjungit
276 4497 364 4541 num.
382 4480 424 4540 65
449 4495 545 4539 anon
566 4483 730 4557 propterea
756 4475 871 4537 malam
921 4473 1088 4549 colligeret,
1113 4470 1283 4532 absurdum
1307 4489 1373 4532 non
1396 4469 1482 4545 iore,
1511 4473 1640 4535 aetiam
1664 4475 1690 4536 si

122 4571 323 4649 ucautbeus,
338 4570 564 4651 quianondum
577 4576 663 4630 tanta
673 4574 730 4643 est,
743 4573 870 4647 quantu,
921 4564 1086 4645 quisquam
1113 4562 1233 4624 adultus
1259 4562 1314 4623 tali
1344 4562 1506 4625 alleabone
1533 4566 1690 4628 animatus

122 4665 339 4742 ntproficiendo
352 4681 418 4725 esse
432 4667 550 4742 posset,
565 4662 704 4741 aceepit:
721 4679 793 4722 cum
806 4660 874 4739 ejus
922 4662 1010 4733 esset,
1037 4654 1161 4735 qualem
1181 4653 1297 4716 habent
1317 4653 1373 4724 illi,
1390 4656 1444 4735 qui
1458 4674 1515 4736 per
1528 4657 1691 4738 negligen-

121 4756 231 4817 crordio
244 4752 445 4838 perlectiones
463 4772 572 4816 omnes
594 4771 762 4834 corporum
780 4752 874 4831 longe
920 4749 998 4809 tiam
1019 4747 1172 4822 sapientia
1190 4752 1315 4808 carent:
1336 4765 1431 4827 quem
1444 4766 1538 4810 nemo
1562 4749 1692 4811 stultum

123 4844 266 4911 inferiores
282 4849 359 4922 sint,
387 4866 464 4928 quas
487 4854 594 4909 tamen
619 4845 654 4907 in
681 4864 738 4907 suo
760 4862 875 4925 genere
922 4847 1005 4902 recte
1019 4840 1145 4915 diceret,
1162 4839 1312 4919 quoniam
1326 4839 1492 4917 nonvitio,
1505 4842 1559 4903 sed
1580 4847 1693 4903 natura

123 4934 274 5003 laudabiles
304 4958 369 5003 esse
391 4940 532 5019 judicat,
556 4937 696 5018 quisquis
718 4938 757 4998 de
781 4937 874 4998 rebus
923 4933 1015 4995 ulem
1029 4930 1387 5009 videret.»Hisaeoedit,
1401 4932 1532 5011 quadiu
1546 4932 1693 4996 omnibus
1715 4951 1720 4959 ·

124 5032 294 5094 smcdssime
312 5033 440 5113 judicat.
456 5031 545 5105 Quod
559 5048 634 5110 crgo
648 5030 783 5110 ignorat,
799 5028 874 5107 quid
925 5025 1091 5105 Augustini
1105 5023 1271 5100 codicibus,
1286 5023 1381 5085 ctiam
1402 5023 1568 5086 ιιοιιιιιιιιιε
1589 5026 1690 5105 editis,

124 5118 336 5203 ablegandum
349 5124 398 5200 sit,
423 5143 462 5185 ex
488 5141 525 5184 eo
545 5130 601 5200 est,
624 5122 708 5202 quod
732 5120 878 5182 nondum
923 5117 995 5178 solis
1017 5115 1416 5193 exceptisLovaniensibus,
1441 5117 1598 5195 reperitur
1624 5136 1694 5198 par·

126 5215 245 5295 occepit:
274 5216 328 5278 sed
352 5217 411 5278 boa
438 5232 563 5295 quoque
586 5214 723 5294 accipiet,
756 5218 815 5274 etc.
841 5211 874 5273 Si
923 5209 1019 5271 baula
1045 5212 1135 5271 etiem
1159 5207 1213 5269 lib.
1241 5207 1293 5269 cit.
1325 5205 1456 5269 Retron.
1483 5227 1511 5270 c.
1531 5226 1599 5288 xrs,
1624 5213 1693 5270 nd

127 5304 200 5365 enim
223 5308 339 5371 arboris
364 5308 536 5385 novellum,
565 5312 596 5368 et
612 5307 691 5367 rude
703 5304 875 5385 virgultum
923 5306 1016 5381 atque
1030 5300 1074 5361 ita
1093 5300 1226 5379 legitur:
1252 5320 1268 5358 ι
1292 5297 1441 5360 Intuebnr
1462 5301 1579 5381 quippe
1601 5301 1694 5362 etiam

128 5397 203 5458 nullo
222 5402 313 5463 modo
329 5407 411 5464 recte
436 5400 538 5463 sterile
562 5399 707 5476 dicimus,
736 5394 878 5477 quamvis
928 5393 1083 5472 parvulos,
1100 5392 1260 5472 quoslicet
1272 5391 1477 5454 conliteamur
1494 5394 1617 5455 trahere
1630 5393 1693 5455 ori·

129 5486 235 5569 aliquot
247 5498 349 5556 astam
366 5494 433 5556 sine
453 5492 605 5556 bucdbus
619 5489 764 5570 trajiciat,
780 5488 879 5549 donec
926 5485 1030 5565 ginale
1054 5488 1225 5565 peccatum,
1253 5488 1361 5545 tamen
1374 5501 1432 5545 nec
1445 5484 1609 5564 sapientes,
1635 5502 1694 5548 neo
