4096 6166
341 372 402 433 652
768 375 819 437 ΒΕ
838 374 977 437 astla.
998 373 1048 436 ΕΤ
1070 369 1302 435 SEMIPELAG.
1325 371 1495 433 HAERFst.

333 537 390 599 rel
404 537 561 600 modicum
574 540 662 615 illud,
687 542 753 603 sine
770 542 877 622 patira
891 540 1045 623 presidio,
1068 557 1106 600 ex
1156 538 1215 616 nit,
1239 537 1273 599 in
1295 536 1409 617 quibus
1433 536 1652 618 stipulationis,
1666 541 1699 597 et
1715 531 1924 596 conventionis
2023 534 2024 539 ’

340 630 462 690 arbitrii
479 630 569 693 liberi
594 637 743 715 potestate
761 635 907 714 suppetit,
929 635 963 695 in
985 638 1107 713 partem
1156 628 1257 691 forma
1284 630 1429 709 qrraedam
1463 629 1657 709 exprimitur,
1693 626 1810 694 «Quod
1843 623 1924 685 enim

341 722 508 784 ornationis
534 741 598 784 suae
631 724 717 785 venit
747 731 901 803 agrotus3
935 743 994 787 neo
1027 723 1107 786 nibil
1155 721 1278 796 dicitur,
1299 722 1412 801 inquit,
1438 722 1546 798 Crede,
1568 727 1600 782 et
1621 720 1722 782 salvus
1739 721 1924 796 etiannum
2023 766 2024 803 ,

341 815 484 876 voluntas
505 816 598 891 valet,
623 822 678 877 aut
700 816 822 877 nullum
846 834 924 896 opus
939 818 1107 879 curationis
1155 814 1274 876 bonum
1287 814 1370 892 exigi
1384 819 1535 889 asserunt,
1552 813 1637 874 alind
1652 811 1772 887 offerri3
1789 818 1923 891 utprop-
2023 870 2024 885 ,

341 907 475 985 attingit.
505 908 583 969 Iade
607 908 712 988 itaque
745 909 827 969 docti
856 907 914 981 illi,
948 911 1107 989 sanctique
1155 905 1258 981 terid,
1275 905 1359 985 qnod
1373 905 1522 985 exigitur,
1543 905 1569 967 si
1586 905 1743 966 redditum
1761 902 1869 978 suerit,
1882 902 1922 975 id,

340 999 459 1074 Patres,
490 1000 543 1079 qui
563 998 744 1061 trutinantes
769 1001 842 1061 istas
875 1018 918 1061 ex·
944 998 1108 1076 Pelagiani
1156 998 1240 1076 quod
1258 997 1401 1073 offertur,
1422 998 1567 1077 deinceps
1596 997 1793 1058 tribuatur.»
1811 993 1874 1057 Ubi
1897 998 1926 1055 et

340 1091 434 1170 stirpe
461 1091 605 1171 reliquias
636 1092 819 1172 Apostolicae
852 1090 999 1153 doctrinae
1032 1090 1108 1151 lalce
1156 1089 1304 1150 meritum
1326 1089 1439 1150 dhane
1461 1090 1637 1166 nominant,
1652 1088 1737 1168 quod
1748 1087 1818 1166 jam
1835 1085 1924 1166 paulo

339 1184 550 1259 succiderunt,
564 1185 599 1245 in
613 1203 722 1246 eorum
744 1184 932 1246 contutanda
951 1184 1106 1262 dogmate,
1157 1183 1229 1237 ante
1242 1181 1415 1242 docuimus.
1436 1182 1668 1243 Meminerimus
1680 1186 1817 1257 tantum,
1839 1178 1925 1259 qrrsle

339 1275 415 1337 inid
426 1276 536 1337 intenti
549 1277 684 1345 fuerunt,
708 1296 773 1338 non
786 1276 870 1356 quod
883 1292 969 1351 voce,
990 1292 1026 1336 aa
1043 1292 1107 1336 ser-
1156 1267 1196 1328 ab
1222 1267 1287 1328 istis
1315 1274 1518 1334 constitutum
1541 1274 1580 1333 sit
1605 1273 1762 1345 meritum,
1783 1272 1924 1332 videlieet

339 1386 432 1430 mone
451 1388 515 1449 prae
536 1387 568 1430 se
590 1369 741 1446 ferebant,
766 1370 819 1431 sed
842 1368 925 1449 quod
948 1368 1049 1447 reipsa
1075 1368 1108 1428 in
1156 1377 1221 1421 non
1234 1361 1358 1440 proprie
1371 1362 1660 1445 dictum,nequesic
1673 1363 1924 1425 absoluterooon

339 1456 464 1518 illorum
477 1463 544 1519 erat
556 1459 711 1538 opinione,
732 1459 864 1537 gratiam
877 1457 944 1518 dari
961 1476 1001 1517 ar
1014 1457 1107 1517 meri-
1157 1452 1233 1513 dum
1256 1470 1293 1512 eo
1314 1452 1398 1530 quod
1416 1470 1481 1513 non
1503 1453 1543 1512 sit
1556 1451 1657 1533 operis
1680 1451 1825 1529 aboajns,
1839 1474 1924 1517 acne

338 1546 389 1622 tis,
417 1547 548 1626 ideoque
573 1566 638 1608 non
665 1565 730 1608 esse
751 1547 895 1626 gratiam.
924 1546 1109 1626 Quanquam
1158 1544 1301 1623 periectas
1321 1544 1450 1623 quidem
1472 1544 1661 1605 credulitatis
1673 1548 1705 1604 et
1716 1541 1803 1616 fidei,
1819 1542 1923 1604 nccad

339 1638 549 1716 paulominus
570 1639 602 1700 in
616 1658 665 1713 eo,
681 1657 776 1717 quam
799 1638 968 1717 Pelagium,
989 1643 1019 1699 et
1033 1639 1107 1698 tole·
1157 1636 1258 1717 ipsam
1276 1637 1458 1712 curationis,
1482 1641 1518 1696 ut
1538 1636 1582 1696 ita
1600 1636 1713 1709 dicam,
1735 1634 1922 1696 substanttam

338 1730 467 1791 rabilius
492 1731 647 1807 errabant,
680 1732 764 1810 quod
800 1730 950 1791 inchoatas
981 1735 1107 1790 tanturn
1158 1734 1284 1809 spectu.
1306 1731 1351 1790 Ex
1372 1729 1486 1789 horum
1510 1745 1642 1790 numero
1661 1727 1738 1788 mihi
1765 1727 1923 1789 Cassiam

338 1821 411 1883 fidei
437 1841 473 1884 ac
499 1822 590 1884 bonae
617 1823 784 1884 voluntatis
815 1823 963 1883 meritum
994 1821 1107 1882 adscri-
1159 1822 1341 1884 eximendus
1368 1822 1508 1893 videtur;
1545 1820 1600 1900 qui
1632 1820 1717 1881 haud
1737 1819 1835 1900 paulo
1861 1819 1925 1898 plus

338 1913 454 1976 hebent
474 1921 595 1977 naturas
614 1916 741 1992 viribuS,
766 1934 802 1978 ae
819 1934 859 1976 ne
886 1916 1017 1994 dignum
1038 1914 1108 1995 qui-

339 2004 412 2066 dem
448 2009 552 2068 meriti
580 2009 709 2069 nomine
737 2009 927 2083 censebant3
958 2012 1108 2086 tanquam

339 2114 457 2174 semen,
491 2100 642 2175 dicerent,
678 2118 742 2160 non
774 2101 928 2175 arborem,
957 2099 1108 2160 fructum-

339 2208 378 2250 ve
407 2207 482 2267 esse,
517 2191 578 2251 nisi
604 2190 683 2255 forte
710 2201 822 2272 δυνάμει,
844 2193 877 2252 id
899 2199 945 2253 est
961 2191 1106 2272 potentio,

340 2300 405 2343 non
434 2289 522 2360 actn3
557 2289 590 2344 at
621 2284 764 2364 Pelagius
786 2285 879 2363 plena
902 2284 969 2363 jam
996 2302 1106 2365 opera,

340 2379 372 2435 et
385 2374 505 2450 merita,
518 2376 584 2437 sine
593 2376 742 2456 peculiari
753 2379 853 2457 gratia
869 2377 983 2439 Christi
995 2395 1107 2457 suppe-

339 2472 416 2544 tere,
429 2468 501 2528 solis
513 2475 633 2530 naturas
647 2468 775 2545 viribus,
784 2470 946 2531 asserebat.

380 2558 418 2618 X.
432 2559 504 2632 Sed,
527 2566 696 2640 utcumque
705 2562 824 2641 priores
837 2562 882 2622 illi
895 2562 1106 2641 loquerentur,

222 2640 227 2649 ’
302 2726 315 2737 ·
341 2656 460 2713 certum
487 2657 543 2730 cst,
572 2653 721 2714 meritum
748 2654 787 2714 ab
807 2654 880 2733 ipsis
907 2654 1109 2714 constitutum

237 2749 243 2791 i
341 2760 416 2820 esse,
448 2746 649 2824 quantumvis
671 2745 828 2824 exiguum,
853 2745 963 2825 primae
990 2746 1105 2824 gratioe.

213 2854 228 2898 s
340 2835 392 2896 Est
403 2836 487 2898 enim
510 2837 668 2917 meritum,
688 2837 921 2918 velutpretium
938 2837 1107 2918 quoddam,

177 2905 204 2950 ⁸⁰
261 2938 302 3015 ,j
339 2946 402 3007 quo
420 2928 534 3006 oblato,
554 2929 639 2991 aliud
663 2929 813 3008 exigitur,
829 2929 879 2991 vel
902 2947 919 2990 e
940 2930 1106 3007 contrario,

339 3038 402 3099 quo
416 3027 539 3099 exacto,
554 3021 638 3082 aliud
664 3021 803 3082 offenur.
823 3021 962 3095 Quorum
976 3021 1109 3083 alterum

338 3110 378 3171 ab
392 3118 531 3193 emptore
554 3112 600 3191 fit,
623 3114 699 3174 dum
722 3114 915 3175 venditorem
934 3115 1019 3194 prior
1032 3115 1107 3190 adit,

338 3210 369 3265 et
382 3205 420 3266 de
444 3223 559 3280 merce,
586 3211 803 3287 representare
820 3207 962 3287 pecunia,
983 3207 1109 3286 stipula-

336 3303 401 3358 tur.
417 3298 575 3361 Posterius
586 3299 771 3372 hoaautem,
787 3299 862 3360 dum
878 3306 1031 3360 mercator
1044 3300 1109 3380 ipsa

1158 1919 1289 1989 naturae,
1320 1932 1356 1974 ac
1382 1912 1473 1975 liberi
1494 1913 1612 1974 viribus
1629 1911 1747 1973 arbitrii
1767 1911 1922 1973 conoessit.

1158 2006 1228 2067 Non
1256 2006 1340 2066 enim
1365 2005 1431 2065 sola
1456 2004 1530 2081 lide,
1565 2004 1616 2066 vel
1643 2003 1791 2064 credendi
1825 2004 1922 2083 potius

1158 2097 1328 2174 voluntate,
1348 2103 1380 2157 et
1399 2096 1490 2159 initio
1513 2095 1586 2157 fidei
1600 2101 1762 2157 contentus
1777 2094 1856 2171 iuit3
1875 2095 1924 2156 sed

1159 2189 1376 2270 praestantium
1403 2205 1535 2267 opernm
1566 2187 1756 2261 facultatem,
1793 2189 1923 2267 adeoque

1159 2280 1307 2342 meritum
1330 2281 1483 2359 attribuit,
1508 2286 1657 2342 utentes
1678 2281 1828 2342 diximus.
1847 2282 1923 2355 Qua·
2023 2328 2024 2347 t

1158 2380 1285 2454 propter
1300 2374 1623 2454 Semipelagianorum
1646 2391 1733 2434 error
1744 2377 1834 2434 totns
1850 2373 1923 2433 ineo
2023 2430 2024 2433 ,

1158 2467 1306 2544 consistit,
1329 2467 1412 2545 quod
1425 2466 1560 2547 primam
1582 2466 1715 2544 gratiam
1735 2483 1923 2546 quorumque

1159 2557 1292 2619 obtineri
1302 2559 1469 2620 voluntatis
1482 2559 1629 2620 humanae
1645 2559 1756 2621 merito
1768 2564 1921 2639 putarunt

1159 2650 1231 2711 ldeo
1244 2651 1300 2730 qui
1313 2652 1389 2712 citra
1402 2651 1551 2712 meritum
1566 2650 1589 2728 ¹,
1604 2652 1799 2713 occasionem
1812 2650 1922 2731 gratiti·
2023 2662 2024 2667 ’

1159 2742 1250 2803 candi
1274 2745 1375 2804 Deum
1408 2761 1517 2824 capere
1535 2762 1574 2804 er
1607 2743 1776 2823 peccatoris
1810 2744 1921 2816 habitu,
2023 2770 2024 2819 ,

1158 2835 1382 2916 allechoneque
1403 2835 1525 2910 dixerit,
1555 2854 1620 2898 non
1639 2836 1666 2896 is
1690 2835 1922 2917 Semipelagiani
2023 2832 2024 2859 ¹

1158 2928 1271 2990 erroris
1285 2928 1474 2990 accusandus
1496 2934 1552 2989 cst.
1575 2928 1846 3005 Quemadmodum
1864 2930 1922 2990 Au·
2023 2920 2024 2935 ¹

1157 3026 1238 3099 gust.
1268 3022 1300 3081 in
1328 3021 1418 3101 epist.
1447 3037 1526 3095 ιιιιι,
1543 3025 1651 3099 quaest.
1681 3037 1713 3093 ιι,
1741 3022 1920 3094 atanasit,
2023 3060 2024 3091 ι

1157 3112 1291 3173 voluisse
1313 3112 1496 3173 hominibus
1519 3129 1669 3192 apparere
1702 3112 1870 3186 Christum,
1895 3119 1922 3174 et
2023 3176 2024 3181 ,

1158 3205 1241 3284 apud
1251 3223 1304 3266 eos
1317 3204 1479 3285 praedicari
1489 3204 1664 3266 doctrinam
1684 3222 1785 3282 snam,
1806 3204 1922 3285 quamo
2023 3242 2024 3255 .

1157 3297 1281 3366 sciehat,
1298 3296 1395 3358 etubi
1415 3296 1531 3358 sciebat
1556 3314 1632 3370 esse,
1653 3296 1757 3377 quiin
1777 3297 1921 3361 eumfue

2023 3392 2024 3419 l

337 3389 419 3450 ultro
440 3409 557 3453 merces
575 3410 645 3453 suas
666 3393 814 3468 obtrudit,
839 3395 870 3453 et
882 3393 923 3453 ad
940 3393 1108 3454 emendum
1156 3394 1227 3450 rant
1240 3389 1428 3450 credituri.»

337 3479 458 3551 invitat,
485 3488 608 3544 tantum
633 3489 750 3564 petens,
775 3489 811 3545 ut
829 3502 881 3545 eas
902 3484 964 3559 det,
989 3485 1108 3545 etiamsi

336 3573 485 3634 vilissimo
499 3577 629 3655 premio
652 3576 721 3636 illas
743 3576 875 3638 addicat.
900 3578 1107 3651 Quemadmo·
1158 3572 1206 3634 usi
1219 3579 1303 3647 sunt,
1320 3574 1450 3634 utillius
1461 3574 1500 3635 de
1514 3574 1793 3636 predestinatione
1806 3580 1921 3636 senten

336 3666 412 3727 dum
420 3669 527 3728 Roma
535 3667 639 3727 aediles
652 3667 877 3742 interdum,aut
890 3668 1109 3749 aliimagistra·
1157 3666 1235 3727 tiam
1253 3665 1439 3727 relellerent.
1457 3666 1518 3728 Sed
1531 3666 1641 3728 iisdem
1654 3667 1790 3728 amarrit
1806 3668 1921 3745 Augus·
2023 3706 2024 3757 l

336 3763 397 3835 tus,
419 3777 475 3838 per
501 3759 713 3834 ambitionem,
739 3766 771 3821 et
790 3760 990 3822 conciliandas
1010 3762 1109 3841 plebis
1156 3758 1241 3819 tinus
1261 3759 1295 3819 iu
1310 3758 1391 3819 libro
1405 3756 1440 3819 de
1453 3756 1720 3821 Prodestr'natione
1733 3759 1918 3831 Sanctorum,

335 3849 788 3932 studium,lrumentum,quod
799 3854 894 3932 gratis
906 3871 971 3914 non
985 3854 1107 3932 licebat,
1156 3869 1223 3930 cap.
1247 3868 1293 3911 rx.
1306 3850 1394 3925 Quod
1411 3855 1517 3912 autem
1539 3850 1580 3911 ad
1603 3869 1740 3931 presens
1767 3851 1921 3932 negotium
2023 3842 2024 3863 ¹

335 3961 467 4005 nummo
482 3962 574 4021 aereo,
591 3950 622 4006 et
634 3963 710 4019 asse,
728 3946 777 4006 vel
786 3945 921 4022 semisse,
938 3947 1108 4008 auttriente
1156 3948 1282 4022 spectat,
1298 3942 1471 4004 carendum
1492 3942 1552 4002 hoc
1572 3942 1674 4003 solum
1692 3946 1750 4020 est,
1768 3962 1809 4005 ne
1826 3942 1921 4005 meriti

335 4035 571 4114 distrahebant;
587 4037 646 4099 hoc
660 4039 754 4112 enim,
768 4038 825 4100 etsi
839 4040 1055 4118 perexiguum,
1072 4059 1108 4100 ac
1155 4034 1272 4113 aliquid
1286 4034 1385 4096 inesse
1407 4035 1556 4103 dicamus,
1572 4034 1784 4096 incommoda
1801 4035 1920 4097 iliadis
2023 4064 2024 4083 ι

335 4145 432 4207 prope
456 4129 591 4203 nullum,
612 4148 678 4191 non
700 4136 807 4192 tamen
825 4131 949 4193 nullum
963 4136 1029 4192 erat
1042 4149 1108 4192 om·
1155 4126 1319 4207 positione,
1345 4127 1567 4208 affectioneque
1593 4126 1761 4188 hominum
1783 4128 1918 4202 istorum

335 4220 412 4280 nino
443 4222 588 4300 pretium.
621 4223 691 4283 Nan
725 4229 825 4302 potest
851 4224 964 4285 melius
991 4223 1104 4294 afferri,
1154 4219 1267 4298 quibus
1281 4219 1322 4279 ob
1337 4218 1368 4280 id
1391 4219 1553 4299 praedicari
1574 4220 1780 4299 Evangelinm
1803 4219 1919 4293 dicitnr,

336 4329 438 4391 neque
465 4314 504 4374 ad
527 4315 689 4394 negotium
715 4322 855 4377 nostrum
879 4316 981 4395 aptius
1006 4334 1109 4377 axem·
1155 4313 1239 4391 quod
1252 4312 1820 4392 eosconsensuroslleuspraeviderit3
1833 4317 1920 4391 atque

336 4404 436 4484 plum,
449 4424 543 4484 quam
553 4407 636 4467 istud
651 4416 705 4468 est.
718 4408 797 4468 Nam
811 4408 1052 4487 semipelagiani
1064 4409 1107 4469 ita
1154 4410 1266 4465 utnon
1280 4404 1398 4465 moveri
1408 4409 1533 4482 putetur
1544 4404 1585 4465 ad
1598 4404 1839 4484 impertiendam
1851 4422 1918 4482 gra·

336 4497 484 4558 meritum
498 4499 655 4577 negabant
674 4517 738 4560 esse
751 4499 859 4579 gratiae
877 4500 1015 4580 primum
1028 4500 1106 4561 illud
1153 4497 1240 4568 bam,
1257 4503 1408 4574 tanquam
1425 4497 1600 4557 mercedem
1622 4495 1758 4556 naturali
1780 4495 1872 4571 bono,
1885 4512 1918 4554 ar-

335 4589 1105 4671 volunlatisatiectum,quomodacivesillillomani
1153 4588 1347 4669 dispositioni
1371 4588 1422 4649 isti
1444 4589 1494 4650 vel
1518 4593 1755 4665 congruentem,
1771 4587 1822 4649 rel
1835 4585 1917 4647 debi-

335 4682 470 4762 pretium
495 4701 559 4744 esse
577 4689 728 4762 negarent
747 4684 844 4745 modii
864 4683 976 4762 mtegri
998 4683 1106 4746 vilissi-
1151 4685 1228 4756 tam,
1246 4680 1299 4741 sed
1310 4680 1527 4741 tantummodo
1539 4680 1578 4741 ad
1591 4679 1809 4758 exequendum
1818 4679 1919 4739 decre·

335 4776 787 4848 mumnummquuodenim
796 4781 1101 4855 tamparvoconstat,
1152 4778 1220 4833 tum
1243 4772 1419 4833 absolutum
1442 4772 1553 4833 danda
1580 4771 1698 4851 gratia,
1722 4770 1917 4831 commolita-

335 4864 422 4927 nullo
437 4873 576 4929 constare
589 4868 689 4947 pretio
703 4867 763 4928 dici
774 4868 861 4929 solet.
871 4868 910 4927 Et
922 4873 988 4928 erat
999 4874 1104 4929 tamen
1151 4872 1215 4926 tem
1248 4865 1351 4939 illam,
1388 4864 1642 4943 occasionemque
1686 4870 1834 4943 captasse.
1881 4864 1918 4922 At

334 4960 534 5035 nonnullum,
555 4965 591 5020 ut
605 4960 681 5038 dixi,
703 4961 849 5040 pretium,
874 4959 1103 5040 quoniamjure
1150 4956 1273 5035 longius
1300 4956 1392 5018 etiam
1419 4956 1542 5017 aliihac
1564 4957 1599 5016 in
1625 4974 1659 5016 re
1682 4956 1823 5035 provecti
1850 4957 1917 5015 sunt

334 5050 471 5128 quodam
483 5052 672 5132 exigebatur,
687 5052 813 5113 utillud
827 5053 963 5113 daretur.
1151 5049 1293 5111 catholici
1303 5049 1450 5125 theologi,
1466 5049 1504 5110 de
1523 5047 1635 5128 quibus
1649 5064 1706 5108 suo
1724 5047 1793 5109 looo
1807 5047 1914 5108 diram.

374 5142 426 5203 Xl.
463 5144 620 5222 Ejusmodi
653 5144 917 5223 Semipelagianos
944 5143 1103 5222 agnovisse
1191 5139 1916 5221 x11.1tluapraeterca,quodianaturaetqu-

333 5235 480 5296 meritum
500 5236 627 5297 initialis
644 5237 726 5311 fidei,
742 5236 940 5297 manifestum
953 5234 1051 5298 estiis
1064 5254 1103 5296 ex
1149 5233 1236 5295 litate
1250 5234 1355 5311 gratioe
1369 5234 1506 5314 positum
1516 5237 1571 5300 est,
1583 5231 1802 5292 controversie
1816 5234 1914 5310 rapat,

331 5325 445 5405 verbis,
460 5328 574 5406 quibus
585 5328 698 5407 dogma
710 5328 837 5390 illorum
852 5328 988 5390 Hilarius
1005 5346 1100 5409 erpo-
1151 5326 1363 5405 augustinum
1379 5325 1472 5403 inter,
1498 5343 1534 5386 ac
1557 5320 1841 5403 Semipelagianam
1857 5322 1915 5383 tae-

360 5530 371 5574 l
387 5529 441 5573 Vlds
453 5536 505 5573 tom.
518 5528 546 5581 ll,
559 5529 599 5573 llb.
612 5528 648 5579 ll,
661 5540 748 5585 capnt.
759 5528 775 5585 S
785 5531 806 5574 i.

1199 3480 1316 3556 Quibus
1328 3481 1432 3543 verbis
1447 3481 1685 3561 Semipelagiani
1706 3483 1922 3563 contraipsum
