3934 6172
344 438 404 501 ala
851 431 1178 495 l'llEOLOGlGOltUbl
1200 431 1422 493 DOGMATUM

344 609 418 687 gato
431 610 471 665 cst
485 622 572 684 aquo.
587 620 654 683 quoe
667 601 720 662 sub
733 600 803 662 celo
819 608 893 675 erut,
909 618 941 659 ot
954 618 1111 679 conprepa
1163 617 1270 660 omnes
1283 616 1371 678 aquae
1394 596 1554 658 corrivataa
1574 599 1655 656 saut.
1678 600 1769 669 Quam
1781 600 1887 656 nosram

344 697 435 758 tiores
453 715 528 771 θυαε,
552 692 878 776 ct'oppormtarido⁴¹;
898 711 993 772 quam
1006 692 1112 754 lectio·
1163 692 1342 772 opinionem
1360 709 1425 752 non
1440 692 1547 750 Graeca
1561 684 1672 763 solum,
1693 685 1819 747 aelatiua
1831 704 1887 747 con·

344 807 417 850 nem
425 782 1111 867 Graeciinterpretes,etAmbrosiusagnosoit¹.
1162 783 1268 844 firmat
1281 783 1385 857 editio,
1401 799 1512 843 rerum
1530 785 1561 841 et
1583 778 1792 840 Hebraicavor
1804 762 1942 857 plurali

384 882 455 941 lam
470 880 633 959 propositae
647 878 815 958 quaestioni
839 878 967 937 Basilius
987 895 1113 957 respon·
1163 882 1460 956 usurpatanumero,
1471 870 1664 948 ῃνῃναιανία,
1670 873 1890 950 quaeargumento

345 973 412 1033 det:
424 972 530 1033 Plures
538 971 666 1051 quidem
672 988 825 1050 aquarum
834 988 898 1030 esse
906 969 1113 1044 collectionem
1164 975 1220 1045 est,
1236 965 1719 1047 distributiveaccipiendumesse
1729 960 1891 1023 nomenillnd

345 1064 399 1124 sed
411 1064 528 1124 Mosam
541 1064 580 1124 de
594 1064 751 1143 primaria,
772 1070 804 1123 at
823 1061 965 1123 omnium
979 1061 1117 1122 maxima
1165 1062 1322 1142 singulare
1336 1060 1580 1143 congregationis.
1751 1051 1754 1058 ’

344 1155 441 1234 loqui,
466 1175 560 1234 quem
585 1156 732 1217 Oceanum
759 1156 1003 1234 interpretantur
1022 1152 1115 1214 edam
1205 1156 1243 1215 X.
1268 1155 1372 1216 Credit
1391 1153 1483 1215 Philo
1509 1151 1649 1224 Judaus,
1674 1147 1813 1229 quidquid
1827 1165 1892 1226 aqua

344 1247 476 1309 Hebraei.
506 1250 550 1308 Aa
580 1269 592 1306 α
622 1248 886 1327 quemadmodum
913 1246 1035 1314 dicitur,
1063 1242 1117 1326 tait
1166 1248 1281 1308 salsum
1301 1254 1378 1323 erat,
1398 1247 1431 1307 id
1451 1245 1552 1306 solum
1573 1241 1894 1321 eoirejussumineun·

344 1339 527 1401 Ambrosius
551 1340 630 1400 libro
651 1340 758 1416 tertio,
786 1339 885 1419 capite
911 1335 1012 1418 tertio)
1042 1337 1116 1416 quia
1166 1339 1239 1400 dem
1252 1339 1375 1415 locum;
1392 1339 1497 1401 dulces
1510 1341 1615 1398 autem
1635 1353 1670 1395 aa
1689 1331 1893 1414 potabilesetad

344 1432 417 1494 iecit
435 1435 517 1494 Deus
540 1433 601 1493 duo
628 1432 804 1509 luminaria,
833 1432 863 1492 id
888 1436 934 1493 est
957 1430 1065 1504 solem,
1085 1436 1118 1491 et
1167 1433 1382 1511 irrigationem
1404 1431 1559 1511 stirpium,
1584 1433 1676 1508 atque
1695 1444 1732 1488 en
1746 1425 1894 1485 humonas·

344 1525 465 1601 lunam,
478 1543 550 1586 cum
564 1525 625 1586 sint
638 1525 746 1605 utique
760 1530 790 1586 et
804 1524 964 1585 stellarum
975 1524 1114 1598 lumina3
1167 1526 1306 1588 centium
1320 1524 1422 1596 utileS,
1433 1523 1548 1583 infusas
1558 1538 1623 1582 esse
1635 1525 1735 1591 terrae,
1746 1523 1779 1578 ut
1790 1535 1820 1578 eo
1831 1515 1896 1595 quasi
1943 1566 1944 1593 ,

344 1616 388 1678 ita
401 1624 433 1678 et
446 1636 510 1678 una
531 1618 727 1722 congregatio
743 1617 867 1693 dicitur,
886 1635 957 1677 cum
971 1616 1032 1677 sint
1046 1617 1115 1696 plu·
1167 1619 1294 1697 coagulo
1314 1617 1563 1678 fermentaretur.
1583 1611 1685 1675 Verba
1703 1608 1834 1682 Philonis,
1846 1624 1896 1686 que
1943 1610 1944 1613 ’

344 1710 443 1772 rimae.
465 1711 572 1789 Neque
590 1710 675 1771 enim
689 1716 948 1785 annumerantur,
967 1728 1037 1789 quae
1051 1728 1116 1771 uon
1167 1711 1304 1772 Suada
1295 1728 1363 1790 rpsa
1387 1708 1521 1783 dictavit,
1551 1724 1616 1768 non
1640 1720 1772 1785 possum,
1796 1699 1897 1779 quiner

345 1803 558 1863 conferuntur.
573 1824 589 1861 u
607 1803 655 1864 Ad
675 1803 741 1864 haec
761 1802 890 1863 Basilius
907 1801 993 1863 addit
995 1803 1114 1879 ,lacus,
1167 1810 1254 1884 parte
1276 1802 1334 1863 salt
1321 1809 1385 1863 tem
1407 1801 1512 1881 aliqua
1538 1796 1719 1861 describam.
1744 1790 1896 1862 rl'oslhec,

345 1899 377 1955 et
396 1900 505 1974 stagna
525 1894 670 1974 quaelibet
692 1914 758 1956 nou
777 1913 841 1957 esse
861 1894 986 1976 proprie
1004 1895 1116 1956 collec·
1167 1897 1279 1976 inquit,
1304 1913 1376 1957 aum
1394 1913 1476 1974 aqua
1492 1891 1595 1953 omnis
1611 1893 1772 1971 pertotam
1784 1879 1899 1946 essetdil·
1944 1962 1945 1983 φ

345 1985 445 2046 tiones
466 2005 639 2091 aquarum3
660 1988 792 2067 majores
815 1993 933 2060 autem,
953 1992 989 2048 ut
1007 1992 1038 2048 et
1051 1987 1115 2063 illa,
1167 1989 1374 2063 fusaterram‚
1391 2007 1427 2048 ac
1440 1990 1543 2067 partes
1556 1985 1622 2064 ejus
1636 1999 1744 2043 omres
1755 1975 1899 2061 pervaderet
1944 1986 1945 2061 j

346 2095 416 2157 quae
443 2080 541 2139 maria
567 2085 727 2157 vocantur,
753 2080 840 2141 velut
866 2080 1031 2160 Caspium,
1061 2098 1118 2160 per
1168 2082 1222 2159 ita,
1239 2088 1274 2143 ut
1287 2080 1422 2163 spongiae
1445 2097 1532 2140 more
1550 2082 1652 2138 totum
1671 2073 1806 2137 ebibisset
1814 2071 1899 2131 humo
1944 2066 1945 2071 ’

346 2176 469 2273 aperms
484 2171 534 2232 vel
553 2171 743 2234 occultoset
763 2173 980 2258 subterraneos
995 2179 1117 2234 meatus
1168 2192 1247 2253 rem,
1269 2180 1362 2255 atque
1382 2193 1420 2235 ex
1439 2172 1561 2233 duobus
1580 2167 1739 2232 elementis
1758 2161 1896 2235 maceratis,

346 2262 380 2322 in
393 2264 550 2324 Oceanum
564 2264 731 2341 confluere,
749 2283 821 2325 cum
839 2283 938 2344 eoque
952 2265 1114 2329 committi.
1168 2286 1363 2347 invicemque
1374 2265 1519 2341 confusis
1525 2262 1652 2325 velutin
1663 2276 1800 2329 massam
1808 2269 1901 2317 cenosa
1945 2320 1946 2359 φ

295 2427 301 2438 .
347 2355 398 2416 Sic
415 2357 509 2416 etiam
531 2356 925 2437 Theodoretusquaestione
940 2374 981 2418 xu
994 2364 1025 2420 et
1038 2358 1116 2419 Pro·
1169 2360 1323 2440 quaedam,
1348 2365 1379 2420 et
1398 2358 1545 2419 altissima
1566 2354 1625 2416 luti
1647 2371 1761 2432 vorago
1782 2344 1901 2421 dareta
1945 2364 1946 2413 l

346 2448 463 2526 copias,
478 2455 509 2508 et
522 2449 614 2511 Beda.
637 2450 828 2575 Repugnant
849 2456 955 2511 tamen
976 2449 1116 2530 plerique
1169 2472 1264 2532 quam
1281 2452 1456 2525 indiscreta,
1474 2456 1505 2511 et
1519 2447 1661 2510 informis
1673 2451 1780 2507 natura
1790 2440 1900 2507 consset

346 2538 516 2601 Aristotelis
541 2540 721 2602 auctoritate
735 2540 826 2601 nixi⁸
829 2543 908 2622 ,qui
939 2543 1038 2603 maria
1064 2542 1117 2605 illa
1163 2546 1254 2625 jubet
1276 2546 1367 2620 Deus,
1394 2542 1545 2624 quidquid
1565 2559 1655 2619 aquae
1684 2538 1792 2600 salsum
1806 2536 1868 2605 erat,
1881 2531 1903 2588 el

345 2649 472 2710 prorsus
485 2651 505 2692 a
517 2651 548 2693 se
563 2633 698 2693 invicem
712 2633 873 2694 dissociata
883 2635 989 2696 credit.
1167 2639 1240 2699 satis
1243 2643 1358 2717 ,atque
1372 2635 1536 2697 arboribus
1549 2633 1742 2695 sterilitatem
1758 2628 1901 2696 allaturum,
1946 2616 1947 2691 l

386 2725 445 2785 IX.
471 2724 530 2785 Sed
546 2724 670 2803 utrique
693 2726 806 2786 rationi
825 2727 920 2787 Mosis
933 2727 1028 2788 verba
1047 2747 1118 2789 con
1167 2748 1206 2791 ex
1230 2729 1375 2791 omnibus
1407 2734 1499 2790 terrae
1532 2725 1715 2788 caritatibus
1751 2721 1947 2785 corrivatm

344 2822 475 2896 gruunt
492 2817 617 2877 Etenim
626 2835 715 2896 aquae
725 2836 845 2895 omnes
858 2819 976 2880 bootes
963 2825 1052 2881 ttota
1065 2820 1119 2882 illa
1167 2822 1280 2902 colligi,
1303 2828 1334 2883 et
1356 2821 1474 2883 aridam
1496 2836 1667 2899 emergere,
1688 2814 1788 2878 dulci
1781 2810 1903 2874 rneahu·

345 2909 391 2970 vis
404 2909 539 2988 vaporis,
553 2928 589 2970 uc
603 2910 706 2986 nubis,
727 2929 797 2989 quae
816 2916 932 2972 terram
945 2912 1115 2992 operiebat,
1168 2932 1255 2975 more
1281 2914 1319 2974 ad
1354 2913 1591 2994 perpetiitatem
1625 2909 1744 2971 relicto.
1777 2907 1825 2966 Est
1841 2901 1905 2964 enim

346 3001 379 3061 in
400 3006 484 3063 certa
451 3000 570 3062 tlooa
592 3002 710 3064 collect
688 3007 850 3083 tionesque
871 3004 971 3065 varias
990 3005 1118 3085 spissata
1167 3005 1317 3084 glutinis
1309 3013 1405 3067 mstar
1419 3004 1459 3066 ad
1472 3023 1509 3066 ea
1520 3002 1749 3083 conjungenda,
1760 2994 1948 3093 quediuisa

346 3094 429 3153 coiit.
452 3093 614 3173 Equibus
637 3096 862 3175 conceptaculis
881 3116 982 3158 rmum
996 3104 1119 3161 estma-
1168 3103 1251 3172 suut,
1228 3099 1449 3159 tmoderatus
1468 3097 1521 3158 ille
1535 3094 1767 3175 dulcisliquor3
1780 3076 1948 3155 tumver03

346 3186 468 3245 simum
489 3204 525 3246 ac
548 3186 759 3266 precipuum,
776 3189 835 3249 alia
855 3191 988 3265 minora,
1004 3210 1073 3271 quae
1087 3197 1119 3253 et
1167 3210 1208 3252 ne
1230 3210 1357 3272 prorsus
1382 3190 1531 3252 exsiccata
1556 3194 1650 3265 terra,
1677 3185 1784 3248 sterilis
1808 3188 1835 3244 et
1848 3178 1905 3240 inie-

347 3277 413 3355 ipsa
427 3277 693 3340 mariavoeantur.
706 3281 908 3353 Quareveluti
921 3283 1117 3346 distributive
1168 3285 1270 3345 cunda
1283 3280 1498 3345 redderetur.
1514 3303 1530 3340 ι)

347 3367 549 3446 intelligenda
575 3371 749 3432 istasunt:
784 3372 1007 3455 congregentur
1032 3393 1118 3457 aqum
1207 3377 1284 3437 Mihi
1296 3377 1362 3437 haec
1377 3375 1516 3437 Philonis
1529 3373 1634 3455 opinio
1652 3392 1721 3437 non
1733 3371 1835 3454 placet.
1848 3362 1907 3464 duit

348 3477 445 3520 omues
457 3459 488 3520 t'n
501 3480 590 3521 uuum
601 3461 704 3539 Ιοαιιιιι,
711 3464 840 3525 hocest
832 3484 866 3525 m
873 3484 966 3528 suum
973 3485 1115 3548 quaeque,
1168 3468 1313 3546 arbitror,
1328 3470 1496 3531 humorem
1509 3485 1637 3549 prorsus
1650 3483 1788 3539 omnem,
1803 3453 1909 3538 tmqui

348 3556 393 3625 ut,
421 3552 476 3613 etsi
489 3552 593 3633 plures
611 3555 673 3615 sint
693 3555 809 3617 collect
788 3562 898 3634 tiones,
918 3577 1000 3638 aqua
1011 3565 1117 3622 tamen
1168 3566 1254 3623 extra
1258 3563 1463 3669 ,circumque
1476 3566 1594 3621 terram
1608 3564 1686 3638 erat,
1704 3565 1769 3619 tum
1786 3550 1909 3636 quiinlu·

348 3644 450 3704 omnis
463 3651 546 3705 certo
561 3665 596 3706 ac
616 3646 768 3726 praefinito
788 3649 846 3708 sibi
873 3649 940 3712 loco
960 3652 1113 3716 consistat.
1169 3671 1221 3715 sus
1242 3655 1336 3715 erat
1328 3655 1398 3734 ipsi,
1426 3654 1461 3714 in
1482 3670 1583 3714 unum
1606 3652 1732 3714 alveum
1750 3648 1911 3719 luxissem

349 3736 406 3797 llic
432 3736 518 3797 enim
544 3739 731 3799 narrationis
762 3741 908 3803 Mosaicae
936 3761 1046 3823 scopus
1073 3751 1119 3807 est
1169 3746 1232 3806 vim
1247 3747 1426 3827 quamdam,
1442 3751 1590 3827 οῐέρραωι
1605 3745 1730 3807 subesse
1744 3740 1911 3806 oritana·
1926 3739 1948 3782 l*

348 3828 582 3907 demonstrare,
618 3831 883 3910 quemadmodum
923 3839 1014 3896 terrae
1047 3855 1119 3917 pars
1170 3836 1256 3917 bulo,
1273 3857 1369 3917 quam
1383 3855 1464 3907 amm
1478 3843 1591 3899 vocant
1599 3837 1733 3912 Hebraei,
1743 3850 1830 3917 quam
1838 3827 1912 3907 vulgo

348 3938 463 4000 magua
484 3922 523 3982 ad
545 3921 752 3984 animantium
769 3924 993 3987 habitationem
1005 3934 1119 3990 retecta
1170 3931 1274 3992 minus
1296 3931 1470 3993 observant.
1497 3931 1567 3993 Non
1590 3931 1676 3992 enim
1695 3919 1911 4001 terramsimpli·

348 4012 397 4088 sit,
414 4018 445 4074 et
458 4015 545 4094 aquis
557 4015 683 4089 nudata,
700 4034 770 4095 quaa
783 4016 934 4080 hactenus
948 4019 1041 4080 nullis
1057 4021 1118 4082 dis·
1170 4021 1245 4084 citer
1265 4029 1341 4103 puto
1365 4022 1542 4103 significari,
1564 4024 1618 4086 sed
1637 4030 1754 4086 terram
1766 4030 1911 4088 assuerant,

348 4111 441 4167 cretae
459 4106 610 4183 terminis,
629 4107 759 4187 impune
772 4114 871 4170 totam
884 4110 971 4172 illam
991 4112 1121 4175 inunda-
1170 4120 1201 4176 et
1222 4116 1354 4177 humore
1368 4116 1454 4177 nullo
1468 4115 1673 4178 madefactam
1677 4109 1914 4196 ,quusmodiptl

348 4195 435 4258 bant.
468 4201 509 4259 At
532 4204 602 4280 post
589 4200 755 4261 teditum
789 4220 808 4262 a
834 4203 898 4264 Deo
922 4205 1118 4278 mandatum,
1170 4225 1235 4269 sese
1249 4227 1314 4270 esse
1328 4208 1430 4285 debet,
1453 4214 1546 4289 atque
1564 4209 1611 4270 uti
1634 4209 1714 4271 solet
1731 4207 1914 4276 estuantem

349 4289 489 4350 eaedem
481 4310 515 4351 ur
529 4299 649 4354 certum
663 4293 798 4356 collectas
812 4294 934 4374 locam,
960 4316 1017 4358 sua
1034 4316 1121 4379 quae·
1170 4317 1278 4361 sereno
1305 4301 1383 4362 coelo
1411 4300 1556 4382 conspici,
1580 4301 1768 4380 jamdudum
1788 4291 1915 4359 imbribus

349 4399 421 4461 que,
452 4401 487 4444 ac
512 4384 614 4445 vicina
641 4385 739 4447 sibit
726 4392 818 4450 terrm
843 4389 942 4469 spatia
966 4390 1062 4469 uada,
1091 4397 1123 4453 et
1170 4394 1363 4473 compressis.
1393 4394 1458 4455 Hoc
1484 4412 1558 4455 vero
1581 4394 1621 4454 ad
1650 4394 1765 4455 divinae
1795 4383 1915 4472 potentia

349 4473 529 4536 habitabilia
542 4477 746 4556 reliquerunt.
769 4480 815 4540 lta
834 4480 869 4541 in
889 4500 990 4543 unum
1003 4482 1120 4561 locum,
1169 4486 1327 4564 specimen
1363 4491 1545 4566 usurpatum
1581 4486 1726 4562 videtur,
1756 4500 1821 4565 quae
1843 4479 1872 4539 in
1886 4490 1915 4535 eo

349 4584 509 4648 unamque
522 4570 804 4648 congregationem,
825 4572 964 4636 sednon
979 4576 1121 4637 eamdem
1170 4578 1342 4657 praesertim
1353 4578 1465 4640 enituit
1468 4577 1586 4659 qu,od,
1600 4596 1672 4640 eum
1687 4585 1801 4641 terram
1812 4570 1915 4636 univer·

385 4787 406 4827 a
421 4774 513 4829 Genea.
528 4716 590 4845 ab
610 4771 658 4826 Καὶ
679 4772 787 4849 συνήχθη
813 4775 842 4829 rb
865 4775 930 4849 ὕδωρ
957 4778 986 4832 rb
1006 4776 1121 4834 ὑποκάτω
1170 4781 1305 4853 φονφύσιν·
1321 4781 1561 4855 προστάττειὸθαδς,
1576 4782 1605 4836 rb
1618 4772 1915 4856 ptvttoptaothmlu

349 4853 519 4927 τοσονρανου
542 4853 639 4920 εἰςτὰς
664 4857 808 4931 συναγωγὰς
831 4857 920 4925 αὐτοῦ,
948 4861 990 4915 καλ
1015 4862 1083 4934 ὤφθη
1105 4860 1122 4931 ἡ
1168 4865 1210 4918 καὶ
1224 4860 1323 4937 ἀηονῖας
1337 4864 1416 4920 αἴτιον
1435 4865 1537 4938 ἔμελλεν
1559 4864 1655 4920 ἕσασθαι
1674 4866 1803 4938 σπαρτοῖς,
1819 4860 1856 4914 καὶ
1874 4855 1917 4910 bil·

349 4936 420 5011 ξηρὰ·
1169 4949 1260 5021 ὅρασιν,
1275 4946 1464 5022 ἔπισυναχθῆναι
1487 4947 1637 5023 supputata
1655 4955 1706 5004 τῶν
1726 4953 1769 5018 τῆς
1787 4939 1918 5012 ἁπάσηςῖνί

385 5021 505 5078 anlto
524 5023 562 5080 de
583 5028 711 5098 cosmop.
735 5025 806 5081 Μετὰ
824 5026 850 5082 δὲ
872 5033 965 5094 ταῦτα,
991 5026 1072 5098 ἐπειδὴ
1093 5028 1122 5084 ab
1170 5030 1342 5104 ἀραιωμάτων
1355 5030 1400 5100 τὴν
1415 5031 1441 5085 δὲ
1455 5030 1528 5104 ξηράν
1543 5031 1703 5104 ἀναφανῆναι,
1718 5036 1761 5100 τῆς
1778 5033 1819 5085 τσῦ
1834 5021 1918 5099 γλνώ(

348 5104 446 5178 σύμπαν
461 5105 527 5178 ὕδωρ
549 5106 582 5169 εἰς
606 5108 701 5161 ἅπασαν
725 5108 768 5177 την
784 5114 830 5183 γῆν
852 5109 996 5186 ἆνεαέχοτο,
1019 5113 1061 5166 καλ
1050 5112 1123 5166 lbi&
1169 5115 1265 5177 νοτίδος
1290 5113 1543 5183 ἔναπολειφθείσης
1522 5134 1555 5178 αις
1577 5116 1706 5188 διαμονήν·
1734 5114 1811 5168 αόλλα
1830 5108 1872 5182 γάρ
1890 5120 1918 5163 tlt

347 5187 488 5243 πάντων’
462 5193 536 5257 αντῆς
545 5188 696 5263 ἐπεφοιτήκει
712 5198 762 5247 τῶν
773 5199 863 5267 μερῶν,
877 5188 919 5248 οἷα
932 5199 1052 5268 σπογγιᾶς
1065 5194 1123 5248 ἀνα·
1171 5195 1235 5252 ἐστὶν
1259 5198 1429 5272 μεμετρημένη
1447 5199 1548 5271 plurale
1561 5197 1626 5263 νοτὶς
1645 5205 1695 5253 των
1710 5195 1874 5264 διεστηκότων·
1867 5184 1918 5239 ’παῖ

348 5277 486 5336 πιπωαῦιας
501 5271 635 5345 ἰκμάδα(
621 5295 654 5338 ως
676 5270 739 5329 εἶναι
760 5279 849 5351 τέλμα,
875 5279 917 5331 καλ
942 5279 1017 5349 βαδον
1043 5279 1122 5347 πηλὸν
1170 5280 1230 5353 ὑπὲρ
1244 5285 1288 5335 τοῦ
1310 5280 1342 5354 μὴ
1364 5283 1518 5338 παντάπασιν
1542 5282 1719 5338 ἇπααανθεῖσαν
1740 5278 1813 5347 ababa
1833 5275 1917 5347 {tutti

349 5353 494 5428 ἀμφοτέρων
518 5361 568 5411 τῶν
585 5359 715 5432 στοιχείων
732 5359 937 5433 ἀναδεδανμίνων,
951 5362 993 5414 ael
1003 5381 1123 5436 σογαεχν·
1170 5364 1211 5418 καὶ
1221 5367 1317 5437 arripio
1331 5364 1451 5437 γενέσθαι

350 5438 430 5509 μένων
443 5441 535 5511 τρόπον
549 5442 690 5514 φυράματος
703 5442 737 5506 εἰς
752 5443 809 5516 μίαν
824 5443 974 5517 ἂοιάαριτον,
988 5446 1029 5499 καὶ
1043 5444 1121 5518 ἅμσρ·

378 5583 388 5627 l
404 5583 452 5630 bib.
464 5585 502 5640 ill,
517 5597 566 5645 cap.
576 5588 650 5637 vet
661 5589 744 5637 llomll.
755 5592 835 5639 rr.-8
845 5590 893 5638 llb.
904 5590 925 5638 11
935 5594 984 5640 let.
