3948 6172
321 317 382 380 tta
830 308 1155 383 summittebant
1176 314 1395 382 adunarunt

322 485 511 548 extrinsecus
523 482 653 562 lacessit,
673 488 728 546 aut
751 482 854 563 allicit,
878 487 956 549 dum
979 504 1016 550 ea
1042 480 1090 548 sui
1142 484 1315 561 «Etenim,
1331 476 1436 543 sitatis
1450 472 1497 540 est
1511 470 1640 540 libertas
1660 470 1836 552 voluntatis,
1847 477 1894 551 ait

317 577 398 657 juris
425 578 551 639 interim
578 594 614 639 ac
634 576 733 639 libera
759 584 943 659 permanet,
972 576 1091 642 nedum
1139 582 1174 641 ut
1185 582 1250 639 tarn
1262 594 1326 638 non
1338 570 1435 657 possit
1443 568 1560 653 privari
1569 566 1634 645 illa,
1646 568 1723 630 sicut
1733 564 1896 631 aalma

322 670 497 751 perimitur,
513 676 567 731 aut
576 670 615 731 ab
630 686 666 732 ea
680 668 732 747 sic,
740 677 891 751 unquam
905 668 992 737 hoste
1007 668 1090 753 capi·
1139 668 1289 751 loquitur,
1315 683 1410 748 quam
1436 682 1495 726 nec
1522 662 1634 742 seipsa,
1661 661 1734 740 quia
1758 659 1896 740 quidquid

323 762 389 836 tali,
416 763 556 823 funditus
581 762 709 824 deletur.
741 763 905 843 Disputans
919 780 999 840 ergo
1013 766 1090 825 Ber·
1138 760 1273 826 voluerit
1286 774 1408 840 semper
1422 757 1493 832 erit,
1518 771 1590 817 cum
1614 748 1715 833 aliqua
1735 750 1895 827 voluntate,

323 854 440 916 nardus
453 854 491 916 de
503 850 569 931 co¹,
583 855 665 935 quod
678 852 836 936 Scriptura
845 872 987 917 nonraro
998 850 1088 931 tratti,
1138 856 1270 936 ideoque
1284 868 1356 914 cum
1370 846 1527 918 libertate:
1552 844 1753 908 maniiestum
1774 844 1897 925 proiecto

324 945 515 1028 conpellique
539 944 682 1009 homines
709 947 762 1026 ait,
783 944 890 1009 anihil
910 947 970 1009 hoc
991 948 1091 1028 impe·
1139 947 1208 1024 erit,
1223 944 1318 1009 talem
1329 942 1504 1005 libertatem
1519 958 1559 1002 ex
1576 939 1636 1000 hoc
1655 936 1720 1019 ipso
1735 936 1831 1011 nasu,
1846 956 1897 1019 quo

323 1035 409 1098 (111111
421 1034 511 1097 dicit:
527 1034 615 1098 ailoe
623 1037 738 1117 quippe
745 1036 889 1113 intendit,
902 1054 975 1097 cum
984 1042 1090 1106 terret,
1139 1046 1280 1102 ereatura
1292 1032 1452 1098 rationalis
1465 1040 1530 1095 est:
1546 1034 1618 1094 Esse
1630 1030 1767 1092 liberum
1785 1047 1898 1093 omnem

322 1128 436 1208 inquit,
458 1134 511 1189 aut
524 1128 668 1209 percutit,
692 1134 728 1188 ut
740 1126 832 1190 iaciat
844 1128 1047 1207 voluntarios
1060 1128 1092 1190 id
1139 1131 1307 1194 voluntatis
1320 1127 1480 1189 rationalis
1492 1130 1633 1197 motum,
1662 1120 1721 1183 hoc
1742 1122 1822 1203 ipso,
1846 1141 1897 1204 quo

322 1225 369 1283 est
382 1229 480 1294 ἑκόντας
499 1224 531 1282 et
551 1230 728 1303 amiantos,
745 1236 810 1282 non
837 1221 932 1283 salvet
958 1218 1091 1298 invitos,
1140 1223 1351 1286 voluntarius:
1381 1218 1490 1282 Amitti
1511 1238 1530 1280 a
1552 1216 1713 1277 voluntate
1735 1232 1803 1277 non
1822 1232 1897 1296 posse

323 1319 487 1394 qnatenus,
511 1313 588 1375 dum
601 1312 640 1376 de
662 1314 746 1375 malo
762 1319 864 1375 mutat
884 1314 1090 1389 voluntatem,
1140 1314 1362 1380 libertatem.»
1389 1314 1463 1387 Quae
1486 1306 1614 1391 quidem
1635 1302 1676 1369 ab
1690 1306 1778 1368 omni
1793 1308 1898 1370 radone
1956 1348 1957 1361 t

322 1406 357 1467 in
370 1406 490 1468 bonum
503 1404 1088 1480 nanctemtnonauicutltterutema
1141 1406 1287 1471 destituta
1312 1407 1407 1481 sunt;
1439 1414 1663 1481 necunquam
1690 1399 1845 1461 Bernardo
1871 1400 1896 1462 iu

323 1500 396 1561 Mox
424 1497 610 1560 necessitatis
644 1498 727 1559 illius
756 1498 925 1578 prementis
952 1494 1094 1578 exemplu
1142 1503 1282 1564 animum
1301 1502 1466 1560 venerunt.
1493 1497 1615 1569 Quanta
1644 1492 1742 1569 enim,
1772 1496 1803 1554 st
1818 1510 1897 1572 quam
1956 1470 1957 1559 l

323 1591 422 1672 ponit,
442 1589 698 1671 concupiscentiae
720 1588 858 1666 motus¹,
888 1596 920 1652 et
945 1591 1091 1670 impetus,
1141 1591 1291 1655 immania
1309 1594 1455 1671 portenta
1474 1586 1548 1648 inde
1570 1587 1764 1647 nascuntur!
1791 1584 1897 1646 Etenim

323 1703 359 1746 ae
393 1680 513 1765 teperet,
540 1700 607 1764 quc
634 1681 667 1743 iu
694 1678 829 1743 membri
856 1684 1001 1763 repupnot
1035 1676 1096 1762 ispi
1142 1674 1898 1758 libertatemeumnominat,noueaminterpretari

323 1775 439 1849 mentis,
452 1781 483 1836 et
492 1775 525 1837 id
538 1793 637 1855 genus
650 1774 721 1835 aba.
737 1775 829 1849 Tum,
847 1796 862 1833 u
877 1776 963 1850 Haec,
979 1772 1092 1853 inquit.
1143 1778 1246 1853 debet,
1263 1793 1333 1858 quie
1348 1772 1535 1837 estvolendi
1548 1770 1694 1843 bonius,
1714 1775 1748 1831 et
1763 1768 1894 1847 potentin
1956 1802 1957 1837 1

323 1867 429 1930 omnia
442 1867 546 1948 putari
563 1871 693 1948 possunt
709 1885 819 1946 cogere
836 1864 1040 1939 voluntatem,
1065 1868 1095 1926 et
1143 1871 1197 1932 sed
1211 1886 1306 1950 quam
1320 1862 1629 1930 actualeminscholis
1644 1866 1767 1930 vocant,
1776 1858 1896 1922 videlieet
1956 1842 1957 1895 l

324 1961 491 2042 praeripere
512 1960 716 2021 voluntatem.
738 1961 780 2019 At
797 1977 871 2020 vcro
896 1956 1096 2039 quantislibet
1144 1962 1313 2024 vetitionem
1329 1961 1441 2041 ipsam,
1463 1974 1557 2041 quam
1579 1970 1703 2017 necesse
1722 1958 1895 2015 1110111111

325 2053 394 2133 quis
420 2053 519 2128 intra,
548 2051 660 2112 lorisve
680 2049 906 2112 tentationibus
932 2056 1092 2130 urgeatur,
1145 2072 1210 2117 esse
1222 2053 1367 2128 liberam,
1381 2052 1407 2112 si
1419 2050 1521 2115 omnis
1532 2047 1700 2110 voluntatis
1709 2044 1807 2108 motio
1818 2044 1896 2108 libera

324 2144 422 2207 libera
431 2144 568 2225 proiecto
577 2160 709 2222 semper,
720 2143 920 2222 quantumad
933 2140 1096 2203 arbitrium
1145 2152 1200 2211 est.
1217 2144 1346 2207 Namde
1360 2140 1500 2225 potentia
1513 2141 1579 2220 ipsa
1592 2155 1686 2200 nemo
1700 2156 1775 2200 cum
1788 2136 1895 2199 11111111-
1956 2130 1957 2199 i

301 2242 453 2319 -spectat,
462 2236 605 2298 voluntas
615 2235 708 2295 crit.»
724 2234 821 2308 Quem
831 2235 978 2295 Bemardi
990 2232 1095 2294 locum
1144 2245 1214 2320 gat,
1242 2253 1337 2318 qtiam
1365 2239 1486 2297 certum
1512 2237 1559 2294 est
1583 2230 1686 2293 amitti
1712 2248 1780 2292 non
1803 2246 1893 2311 posse,

324 2327 361 2407 si,
386 2344 458 2390 cum
485 2325 685 2401 describebat,
715 2324 862 2387 attentius
889 2322 1098 2387 consideraret
1145 2329 1299 2413 quamdiu
1324 2328 1419 2390 homo
1444 2330 1506 2402 est,
1534 2323 1723 2402 rationisque
1752 2321 1892 2403 pmiceps
1956 2322 1957 2387 i

323 2420 399 2483 novi
411 2418 630 2496 antesignanus
643 2416 812 2498 dogmatis,
835 2414 974 2479 desiisset
991 2417 1030 2478 de
1042 2412 1095 2476 illa
1146 2424 1256 2504 Itaque
1270 2420 1401 2482 liberum
1415 2418 1568 2480 actionem
1580 2414 1762 2492 voluntatis,
1777 2432 1809 2476 ac
1820 2414 1893 2475 libcr-
1956 2424 1957 2447 i

324 2512 515 2589 necessitate,
531 2529 567 2573 aa
587 2510 736 2572 violentia
749 2508 895 2590 cogitare,
911 2527 981 2589 quae
995 2508 1038 2570 sic
1052 2511 1097 2570 est
1145 2516 1217 2577 tatis
1230 2512 1391 2592 intelligat,
1415 2515 1546 2592 oportet.
1573 2507 1758 2569 Hocautem
1772 2506 1893 2588 (1111111111

324 2603 452 2666 inimica
467 2602 622 2678 libertati,
638 2610 779 2664 utusum
793 2602 860 2681 ejus
882 2603 1035 2681 quietum,
1062 2618 1097 2662 ac
1147 2609 1307 2689 perspicue
1321 2604 1445 2679 falsum,
1469 2608 1501 2663 et
1522 2600 1694 2662 abhorrens
1716 2618 1737 2660 a
1758 2598 1893 2661 mmmuni
1956 2600 1957 2669 i

325 2702 471 2779 pacatum
482 2694 641 2776 impediat,
657 2710 722 2754 non
735 2698 772 2754 ut
785 2696 936 2771 amputet,
951 2698 982 2753 ei
998 2694 1097 2753 extin-
1146 2718 1211 2761 esse
1225 2714 1318 2760 sensu
1339 2692 1451 2757 videti
1479 2692 1600 2773 Quippe
1614 2691 1706 2761 latui,
1721 2697 1859 2767 amentes,
1870 2694 1893 2750 et
1956 2678 1957 2749 i

325 2796 411 2870 guat.
428 2786 538 2867 Atqui,
563 2803 636 2847 cum
662 2784 721 2846 ista
748 2787 815 2866 ipsu
841 2783 1097 2865 concupiscentiae
1145 2789 1265 2867 furiosi,
1281 2806 1359 2870 quos
1378 2785 1457 2848 velle
1471 2782 1604 2867 aliquid,
1629 2803 1666 2845 ac
1689 2784 1841 2846 voluntate
1858 2782 1893 2842 uti
1956 2818 1957 2879 t

325 2882 390 2959 vis,
416 2887 448 2944 et
469 2878 634 2941 necessitas
656 2884 763 2939 eontra
787 2876 981 2939 voluntatem
1008 2878 1095 2954 iacit,
1146 2900 1213 2960 sua,
1235 2883 1338 2943 fatuus
1358 2879 1398 2940 sit
1417 2880 1495 2960 ipse,
1520 2877 1575 2958 qui
1601 2882 1704 2956 neget,
1727 2877 1795 2958 jam
1817 2874 1892 2937 itcrc

326 2972 407 3055 quod
434 2976 548 3053 potest,
577 2988 643 3033 non
670 2989 739 3032 eam
763 2970 887 3052 proprie
914 2970 1009 3050 cogit,
1039 2988 1098 3031 nec
1149 2993 1241 3057 agere
1257 2972 1542 3052 omnesincipient3
1558 2988 1593 3030 ac
1610 2968 1715 3046 laude,
1728 2966 1892 3048 autvitnpe-

326 3064 476 3144 invitarit,
510 3065 576 3126 site
613 3062 773 3126 nolentem
802 3062 882 3124 vello
919 3062 1095 3142 compellit3
1147 3069 1278 3143 ratione,
1294 3083 1386 3146 poena
1401 3063 1477 3124 item
1498 3060 1602 3141 digni,
1618 3060 1892 3142 autpraemiotacu
1956 3068 1957 3083 ¹

327 3158 403 3239 quin
414 3174 496 3237 saepe
504 3156 673 3233 volentem,
689 3162 719 3218 et
730 3161 933 3236 spontaneam
946 3155 1046 3216 reddit
1060 3170 1098 3215 ex
1149 3180 1231 3223 rum.
1249 3158 1305 3220 Cui
1325 3163 1394 3217 tum
1420 3155 1529 3215 innata
1546 3154 1686 3214 humano
1700 3155 1804 3232 generi
1821 3152 1891 3227 ratio,
1956 3144 1957 3221 ἶ

326 3251 436 3327 invita,
451 3254 557 3329 estque
572 3248 758 3325 eommunis,
774 3254 805 3309 ct
818 3246 950 3308 usitatus
959 3246 1098 3307 intestini
1147 3258 1217 3314 tum
1244 3248 1419 3313 Bernardus
1441 3248 1507 3327 ipse
1532 3247 1690 3321 reclamat,
1719 3255 1756 3309 ut
1778 3245 1892 3327 superius

327 3343 410 3405 illius
432 3340 610 3405 certaminis
632 3340 742 3416 exitus,
757 3344 789 3401 et
808 3340 945 3402 victoriae
967 3338 1095 3415 irucurs,
1148 3344 1375 3407 adnotavimus.
1401 3340 1501 3416 Sane,
1521 3340 1547 3400 si
1574 3345 1606 3400 et
1626 3338 1761 3401 furimus
1782 3346 1891 3400 cratus

327 3434 474 3518 quamde
500 3439 652 3514 prostrata
675 3432 817 3494 libertate
850 3431 1098 3512 concupiscentia
1147 3435 1367 3503 rationuluest,
1381 3438 1411 3495 et
1428 3431 1527 3493 omitti
1538 3440 1693 3514 conpotes!
1707 3428 1890 3507 libertatum
1956 3430 1957 3509 i

326 3528 445 3588 tulerit.
463 3526 544 3587 Nam
566 3524 716 3605 quamdiu
736 3525 881 3586 voluntas
903 3523 1019 3585 invicta
1032 3541 1100 3604 per·
1148 3530 1248 3591 solum
1263 3545 1332 3608 quoe
1345 3525 1486 3606 potentia
1508 3529 1564 3603 est,
1592 3522 1719 3606 (ahoqui
1744 3524 1812 3586 novi
1829 3518 1890 3582 nihil

327 3618 416 3693 sistit,
439 3622 471 3678 et
487 3615 648 3678 domestici
667 3617 764 3677 hostis
778 3616 913 3697 impetus
927 3616 1096 3698 propulsat,
1149 3622 1291 3696 ufferret3
1316 3636 1417 3698 neque
1430 3617 1517 3678 velut
1530 3617 1696 3697 mysticum
1710 3614 1852 3696 quiddam,
1867 3617 1891 3672 et

326 3726 393 3773 non
408 3704 478 3771 iacit
502 3709 601 3784 inea,
617 3708 701 3787 quod
719 3712 833 3785 potest,
849 3707 903 3769 illa
921 3708 1097 3785 necessitas,
1149 3719 1261 3793 praeter
1269 3725 1468 3773 communem
1475 3707 1655 3788 opinionem
1665 3708 1790 3770 tantoid
1798 3707 1889 3776 labore,

328 3804 401 3884 quia
413 3819 479 3863 non
490 3798 603 3862 rationi
616 3796 828 3880 voluntatique
838 3800 1029 3873 dominatur,
1045 3802 1099 3862 sed
1148 3805 1334 3887 quodnemo
1344 3802 1505 3877 diffitetur,
1522 3816 1562 3863 ex
1575 3796 1735 3863 Bernardo
1752 3794 1890 3879 nugae)

327 3897 361 3958 in
389 3896 459 3973 illo,
483 3894 517 3955 111
543 3911 605 3974 quo
627 3892 827 3974 tyrannidem
850 3899 971 3955 exercet
995 3910 1097 3972 suam,
1148 3896 1203 3959 sed
1216 3896 1413 3973 tumaxime,
1428 3912 1498 3974 quae
1513 3893 1638 3955 actualis
1651 3892 1778 3970 dicium
1792 3891 1892 3955 evidens

328 3988 463 4073 appetitu
478 3982 630 4063 naturali,
655 3986 720 4047 sive
747 3986 858 4060 carnis,
887 4003 923 4047 ac
949 3986 1100 4049 membris
1149 3995 1209 4067 est,
1243 3988 1327 4069 quod
1360 3985 1499 4049 indidem
1533 3986 1688 4066 sequitur,
1723 3982 1892 4048 neuneu

255 4104 261 4113 ·
329 4078 477 4143 externis.
494 4077 706 4146 Quamobrem
725 4077 949 4141 inconsiderate
973 4097 1100 4159 prorsus
1151 4082 1289 4163 quidem,
1304 4078 1336 4142 et
1353 4086 1492 4141 amentm
1505 4077 1655 4140 libertatis
1669 4094 1730 4140 usn
1743 4075 1861 4141 cuttu.
1926 4070 1938 4099 '

329 4188 367 4234 ea
386 4170 457 4250 hoc,
472 4176 503 4233 et
516 4171 667 4234 similibus
681 4166 829 4233 bernardi
843 4170 930 4246 locis,
949 4177 980 4233 et
994 4188 1098 4234 exem·
1189 4172 1273 4235 XIV.
1308 4168 1397 4247 Quod
1428 4177 1459 4234 et
1493 4171 1587 4252 paulo
1624 4178 1695 4252 post
1731 4168 1891 4234 confirmat:
1956 4188 1957 4211 ¹

328 4266 387 4346 plis
400 4265 443 4326 ita
456 4280 557 4326 novus
581 4262 779 4343 dogmatistes
794 4262 933 4342 colligit:
961 4262 1028 4324 uin
1051 4263 1100 4325 his
1153 4287 1169 4325 u
1198 4267 1310 4343 Sexto,
1343 4265 1446 4344 lnquit
1475 4261 1514 4326 de
1549 4263 1746 4325 consectariis
1771 4259 1891 4324 doctina

330 4362 394 4429 tot,
423 4362 454 4417 et
475 4362 540 4418 tam
563 4352 758 4417 evidentibus
771 4355 970 4433 testimoniis,
986 4354 1100 4436 quibus
1150 4357 1298 4420 Bernardi
1311 4375 1416 4436 agens,
1429 4353 1605 4417 libertatem
1616 4356 1893 4437 voluntatisprorsus

329 4452 413 4510 totus
439 4447 491 4508 ille
516 4446 595 4509 liber
622 4446 733 4528 plenus
758 4455 823 4526 est,
852 4446 1098 4524 accuratissime,
1150 4468 1214 4513 esse
1228 4447 1474 4526 inamissibilem,
1490 4448 1718 4510 cumfierinon
1731 4443 1892 4531 possitqubl

329 4538 584 4618 satiatissimeque
611 4540 745 4602 declarat
771 4545 895 4601 sanctus
914 4539 1098 4616 Bernardus,
1149 4544 1293 4604 voluntas
1306 4559 1429 4622 semper
1444 4540 1530 4615 velit,
1546 4542 1572 4602 si
1585 4538 1674 4618 velit;
1695 4542 1795 4623 ipsum
1807 4544 1891 4601 auten

330 4646 427 4712 quam
460 4630 672 4692 necessitatem
706 4630 851 4693 excludat
884 4650 903 4692 a
933 4630 1098 4707 libertatc3
1150 4634 1229 4698 velle
1255 4635 1315 4696 hoc
1334 4635 1401 4715 ipso
1430 4639 1475 4695 est
1495 4632 1647 4712 liberum,
1670 4652 1733 4714 quo
1763 4638 1805 4696 est
1826 4628 1887 4690 velle

329 4739 442 4804 nempe
455 4723 531 4792 vim,
542 4723 736 4807 violentiam,
752 4722 1008 4804 compulsionem,
1017 4742 1102 4786 coae-
1150 4726 1353 4789 voluntatiso
1369 4727 1465 4806 Ergo,
1475 4742 1639 4787 cumeneo
1649 4724 1893 4806 quisqueliberum

331 4815 449 4877 tionem
463 4833 543 4890 eam,
560 4832 622 4894 qua
643 4812 712 4894 quis
739 4814 854 4876 invitus
873 4821 929 4889 est,
954 4834 1016 4896 qua
1036 4834 1101 4878 non
1149 4816 1263 4882 lrabeat
1281 4833 1374 4879 usum
1394 4816 1581 4891 voluntatis,
1609 4835 1672 4897 quo
1696 4815 1892 4879 rationaliter!

330 4907 409 4985 vult,
420 4924 555 4988 quanon
563 4912 609 4968 est
617 4905 1101 4981 voluntarius.»Quodhaetenus
1151 4922 1304 4987 erectura3
1317 4928 1420 4991 neque
1429 4910 1490 4973 hoc
1502 4908 1602 4981 amitti
1610 4909 1675 4971 ulla
1685 4908 1797 4991 injuria
1808 4904 1892 4990 possib

331 4996 433 5080 plene,
448 4999 631 5081 copioseque
651 4998 890 5061 confutavimus.
1150 5007 1186 5065 ut
1199 5003 1344 5065 voluntas
1363 5008 1448 5082 agat,
1465 5020 1501 5063 ac
1518 5001 1607 5079 velit,
1621 5002 1701 5063 nihil
1714 5006 1814 5064 auum
1826 4995 1891 5069 velit,

372 5092 449 5153 Xlll.
474 5091 534 5154 Sed
561 5111 626 5173 prae
648 5092 793 5154 omnibns
811 5091 945 5153 absurda
963 5092 1108 5154 suntilla'
1150 5095 1604 5171 nisilibere;omninonecesse
1617 5096 1664 5170 fit,
1679 5104 1893 5174 nunquamnon
1956 5096 1957 5121 ¹

333 5182 508 5263 corollaria,
521 5202 592 5264 quac
606 5202 645 5247 ex
657 5184 814 5248 &suardo
829 5184 941 5247 ibidem
950 5184 1100 5267 pertexit3
1150 5186 1246 5250 libere
1265 5204 1356 5268 egere
1373 5184 1581 5263 voluntatem,
1596 5202 1632 5247 ac
1647 5184 1773 5268 proinde
1790 5180 1892 5246 uatem

320 5296 352 5339 'e
378 5274 492 5358 quibus
526 5275 718 5359 explodenda
749 5276 885 5340 mantne
914 5276 973 5338 ista
1006 5282 1098 5339 sunt:
1152 5284 1207 5342 aut
1228 5278 1435 5361 vituperium,
1460 5292 1587 5359 poenam
1610 5284 1666 5340 aut
1689 5276 1846 5359 prumiam
1863 5268 1893 5332 ob
1956 5294 1957 5323 t

361 5478 373 5522 t
387 5479 441 5537 cap.
452 5486 530 5526 siue«
542 5477 557 5523 t
568 5477 639 5525 tacet.
652 5479 720 5525 1-8
731 5480 792 5525 mm.
804 5489 843 5524 vu.
