3936 6172
430 393 481 454 ou
501 386 660 455 orariola
681 380 1096 489 auturnacensis,
1120 384 1206 454 aar.
1229 393 1284 456 xa.
1307 347 1311 355 ’
1592 386 1649 457 sal

62 560 234 625 lactandus
244 556 266 634 ¹,
282 556 380 619 «Non
393 562 450 631 ast,
464 555 578 637 inquit,
593 555 749 617 munuum
761 568 826 615 mo-
918 552 1004 617 XIV.
1028 552 1186 631 Quocirca,
1202 568 1274 619 enm
1293 574 1332 619 aa
1345 547 1450 636 insita
1466 560 1498 621 et
1516 558 1653 621 naturali

64 663 110 719 urs
119 652 325 727 uoluntarius,
336 648 389 710 sed
403 649 608 724 uenenarium
621 647 693 727 quia
707 645 827 726 praesti-
877 646 1013 708 hominis
1021 645 1163 710 Mortale
1173 649 1370 711 concluderet
1379 646 1533 731 Pelagius,
1548 652 1653 731 potes-

65 746 135 809 tutis
146 743 280 824 legibus,
291 741 459 821 ciliciisque
473 740 693 825 deserviunt.»
878 740 949 799 tatis
972 757 1037 800 esse
1064 745 1178 802 nostra
1199 748 1360 821 peccatum
1381 760 1475 805 omne
1496 744 1606 819 vitare,
1622 746 1653 805 et

101 832 183 899 liiii.
201 836 271 897 Non
280 833 384 915 dispau
393 836 439 895 est
451 832 578 894 alterius
587 832 670 913 apud
683 828 829 892 eumdem
878 830 998 891 bonnm
1016 830 1129 908 ibcerc,
1153 851 1191 894 eo
1218 834 1319 913 quod,
1348 834 1409 895 nisi
1434 836 1592 915 integrum
1619 834 1653 897 id

67 929 270 1006 Augustinnm
293 927 355 988 loci
378 926 478 1001 ratio,
506 924 561 1005 qui
585 923 625 985 ad
652 921 830 983 institutum
877 922 1016 1000 haberet,
1028 924 1207 985 necessitate
1220 927 1353 1005 quadm
1366 930 1571 1006 premeretur,
1581 944 1652 1006 quae

67 1035 206 1104 pasena,
221 1024 253 1081 et
272 1030 320 1096 ee,
347 1036 418 1098 qnae
442 1030 537 1097 supra
560 1013 734 1090 doomlnus',
757 1013 829 1073 iila*
877 1015 1012 1076 libertati
1026 1016 1239 1078 eunomiaest
1251 1037 1260 1093 ;
1275 1017 1388 1080 idcirco
1411 1021 1450 1081 de
1472 1019 1531 1081 hac
1553 1020 1650 1099 possi·

68 1114 186 1175 suenda
199 1126 390 1192 magnopere
404 1108 526 1185 attinet,
540 1113 576 1170 nt
597 1122 667 1169 eam
687 1104 830 1167 uidelicet
878 1107 997 1169 bilitate
1027 1109 1188 1170 contendit
1221 1111 1435 1190 Augustinus,
1460 1112 1651 1192 mseritque,

68 1202 290 1279 ammaum,
318 1218 389 1283 qnae
412 1214 484 1263 oum
508 1198 649 1262 libertale
675 1197 831 1259 coherere
880 1199 971 1278 culpa
984 1198 1228 1281 primipotentis
1242 1209 1307 1264 ess'a
1323 1200 1494 1278 sublatam,
1510 1224 1546 1266 ac
1559 1223 1653 1285 prop·

69 1314 148 1381 posse
162 1299 201 1359 ab
215 1294 271 1358 illo
281 1294 393 1357 dicitarr
405 1289 626 1372 intelligamus,
643 1288 827 1370 generatim,
879 1297 965 1352 terea
992 1292 1129 1354 liberum
1155 1294 1318 1356 arbitrium
1340 1302 1484 1357 nostrum
1501 1296 1653 1358 aunuen-

71 1393 179 1454 eteirca
192 1388 329 1470 spadam
343 1386 540 1461 considerari,
553 1400 616 1445 non
625 1383 708 1444 circa
722 1381 830 1459 singu·-
879 1383 964 1444 tibus
974 1383 997 1460 ⁸,
1024 1390 1056 1447 et
1083 1386 1290 1448 vincientibus
1314 1388 1533 1468 cupiditatibus
1545 1388 1653 1450 subdi-

70 1485 140 1544 lnres
160 1478 310 1543 actiones.
325 1478 496 1559 scripserat
515 1475 657 1556 Pelagius
675 1473 713 1535 de
732 1472 830 1533 libera
881 1482 960 1549 tum,
977 1476 1040 1538 aaa
1052 1478 1163 1559 pratia,
1180 1479 1240 1539 nisi
1254 1479 1294 1541 ad
1306 1481 1498 1559 peccandum
1510 1478 1652 1557 valere⁷;

71 1574 217 1637 rolunute
229 1570 319 1635 sic¹s
340 1564 630 1631 rVoluntatisanim
644 1564 783 1641 arbitrio,
797 1576 832 1626 aa
880 1569 1097 1648 adjustitiam
1130 1570 1256 1632 nonnisi
1283 1572 1433 1634 divinitus
1464 1572 1651 1649 liharamn,

72 1664 284 1730 deliberatione
317 1662 478 1746 privatur,
513 1659 665 1740 quidquid
698 1656 833 1719 natarali
881 1662 1096 1742 adjutumque,
1109 1672 1174 1723 non
1188 1663 1302 1725 valere.
1317 1678 1333 1723 a
1349 1664 1439 1738 Quod
1448 1665 1604 1741 universe,
1619 1670 1658 1727 ut

73 1759 239 1823 serenitate
262 1754 496 1834 oomnmglurr.
512 1766 528 1812 a
545 1749 634 1827 Quod
652 1750 771 1812 dictam
788 1748 833 1811 ita
878 1753 945 1833 jam
957 1754 1111 1830 diximus,
1129 1754 1364 1835 intelligendum
1382 1762 1445 1834 est,
1460 1755 1507 1818 nti
1519 1757 1655 1819 liberum

72 1846 185 1933 castigat
199 1848 395 1928 Augustinus
410 1858 418 1908 t
435 1842 718 1908 uathicaonunlla
731 1852 831 1922 quas*
882 1845 1046 1908 arbitrium
1074 1846 1174 1926 mutia
1200 1846 1383 1910 destitutam
1417 1858 1456 1910 ex
1490 1847 1656 1929 Augustini

73 1938 111 2007 lio
122 1950 173 2007 est.
188 1936 348 2022 Perquam
364 1936 449 2002 enim
462 1937 633 1999 absurdum
646 1942 702 2013 est,
713 1939 750 1995 ut
762 1931 832 1996 ideo
881 1940 1001 2016 mente,
1023 1937 1102 1999 nihil
1115 1938 1191 2000 boni
1211 1939 1307 2019 possit
1329 1951 1432 2020 agere,
1447 1940 1557 2003 saliem
1570 1943 1655 2021 qnod

74 2032 210 2113 dicamus,
224 2050 295 2096 non
314 2032 470 2115 pertinere
491 2028 531 2091 ad
554 2025 748 2090 voluntatem
761 2040 833 2089 nase
881 2030 918 2091 ad
935 2035 1086 2092 aternam
1100 2030 1231 2093 salutem
1251 2032 1397 2112 pertinet.
1422 2032 1529 2113 Neque
1549 2012 1656 2096 tamin

75 2126 338 2211 tram,quodbeati
349 2144 414 2188 esse
424 2112 832 2202 uolumus,quiuiuomuino
882 2127 1047 2203 propterea
1064 2112 1198 2185 liberum
1218 2142 1283 2185 non
1301 2126 1358 2202 est,
1377 2131 1511 2186 autnon
1525 2125 1565 2186 ad
1579 2138 1654 2188 aon·

76 2223 220 2285 nolanon
235 2212 606 2302 possumuanascioqua,
622 2211 653 2276 ct
665 2215 831 2275 bonacon·
883 2213 1093 2295 sentiendum,
1117 2214 1402 2278 &mandendumre
1420 2217 1501 2298 juris
1523 2222 1569 2279 est
1585 2219 1634 2280 sni
1644 2240 1653 2295 ;

76 2312 216 2376 ablutione
238 2315 381 2386 naturae3
395 2326 454 2372 nec
473 2300 746 2382 dicereaudemas,
762 2304 832 2367 ideo
883 2308 1032 2387 qnoniam
1059 2308 1102 2370 lta
1130 2306 1251 2370 honum
1281 2308 1434 2388 ejusmodi
1464 2308 1564 2372 lucere
1591 2322 1657 2372 non

78 2406 162 2469 Qum
178 2420 244 2467 non
258 2402 464 2479 volumtatem,
479 2402 533 2463 sed
546 2399 759 2462 necessitatem
773 2398 833 2458 ha·
884 2404 1001 2478 potest,
1017 2401 1099 2461 utin
1112 2400 1243 2479 singulis
1256 2401 1430 2463 actionibus
1452 2401 1486 2463 in
1506 2402 1655 2481 potestate

77 2492 282 2578 lerajuaitia,
299 2495 373 2577 qaia
385 2510 450 2556 non
462 2498 564 2574 potest
577 2491 657 2553 veile
667 2504 829 2570 peceare»
884 2509 940 2552 sua
952 2492 1077 2567 habeat,
1086 2493 1304 2571 quodcumque
1317 2493 1415 2554 vitare
1428 2500 1601 2572 peccatum,
1616 2494 1655 2555 ab

77 2588 265 2670 quiquidem
279 2587 365 2649 loeus
378 2582 586 2671 superiorililii
601 2593 766 2660 germanas
775 2582 832 2659 cst,
883 2601 982 2663 eoque
996 2584 1154 2645 continere
1168 2602 1212 2661 se,
1228 2583 1382 2664 siquidem
1395 2583 1480 2645 velit.
1506 2582 1559 2646 Est
1582 2605 1655 2666 ergo

77 2696 157 2762 mem
170 2698 206 2743 ex
225 2680 339 2761 quinio
362 2676 442 2740 libro
456 2674 491 2737 da
513 2672 641 2738 Ciuitate
663 2670 720 2736 Dei
740 2672 834 2753 panio
882 2672 1046 2736 necessitas
1057 2675 1111 2736 illa
1125 2672 1198 2736 mali
1211 2675 1262 2736 val
1275 2672 1447 2738 secundum
1456 2676 1656 2756 negationem

77 2767 835 2855 unproculimas.0uorsumuarospectataque
883 2765 1094 2847 intelligenda,
1117 2768 1201 2846 quod
1215 2758 1289 2828 boni
1313 2764 1392 2829 nihii
1417 2768 1520 2831 facere
1542 2775 1655 2849 polest,

78 2876 153 2928 meus
165 2864 197 2928 in
209 2882 251 2928 eo
265 2864 359 2927 luerit
378 2861 562 2940 Augustini,
577 2874 616 2921 ex
629 2850 746 2937 Pelagii
763 2856 834 2947 opi·
883 2856 932 2920 vel
946 2859 1155 2921 necessarium
1169 2856 1252 2920 idam
1265 2867 1321 2938 est,
1336 2878 1372 2921 ac
1395 2865 1479 2921 certo
1500 2858 1653 2939 fauturum,

78 2956 168 3036 done,
187 2964 218 3021 et
249 2962 313 3019 tota
326 2948 379 3017 illa
397 2960 507 3017 contra
526 2950 611 3014 hunc
630 2950 836 3032 disputatione
871 2952 1009 3031 etquod
1023 2944 1321 3032 infallibiievocant.
1342 2946 1407 3012 Hoc
1420 2970 1493 3012 vero
1506 2948 1654 3031 libertati,

80 3048 280 3132 colligidebet.
654 3125 658 3130 .
884 3044 995 3123 atejus
1014 3042 1221 3122 indifferentia
1234 3041 1435 3105 nihilobessa
1457 3045 1656 3125 perspicuum

112 3138 173 3203 iria
187 3130 333 3222 Pelagius
341 3136 374 3200 ia
388 3126 566 3210 humanis',
583 3130 614 3198 ei
627 3134 732 3198 liberis
744 3128 837 3196 actio-
885 3137 952 3211 est;
980 3128 1245 3221 quemadmodum
1264 3152 1367 3214 neque
1390 3133 1468 3196 honi
1491 3137 1657 3217 appetendi

80 3232 156 3296 nibus
180 3230 402 3312 distinguenda
431 3242 496 3292 esse
524 3227 659 3304 dicebat,
691 3250 707 3286 a
734 3242 834 3307 posse,
884 3225 1036 3307 generalis
1068 3218 1121 3288 iila
1154 3226 1319 3289 necesitas
1350 3227 1502 3289 voluntati
1530 3226 1656 3310 plenam
1715 3240 1718 3247 ’

80 3324 158 3404 reda,
173 3331 202 3389 et
216 3343 297 3388 essa.
313 3327 404 3385 Posse
418 3321 451 3383 in
469 3325 592 3396 natura,
608 3320 687 3382 veile
702 3320 736 3380 in
750 3315 835 3380 arbi·
885 3316 978 3400 eripit
997 3316 1131 3399 eligendi
1151 3330 1223 3381 cam
1246 3314 1446 3401 indifferentia
1459 3326 1652 3400 patestatem.

80 3420 218 3497 t1io‚cssc
233 3420 267 3480 in
284 3414 394 3479 effectu
408 3414 537 3476 locabat.
563 3435 579 3473 o
601 3410 837 3475 Poaibilitataa
926 3403 1243 3474 Animadvertendum
1256 3419 1398 3497 est-vero,
1412 3408 1653 3494 possibilitatem,

81 3530 141 3591 argo
161 3510 309 3583 vocabat,
333 3510 517 3590 potestatem
538 3526 557 3567 a
579 3513 701 3582 natura,
726 3503 837 3583 atejus
886 3501 924 3565 de
939 3523 1000 3584 qua
1014 3509 1102 3566 tanta
1115 3494 1187 3567 aum
1204 3502 1380 3583 Pelagianis
1401 3504 1576 3585 Augustino
1598 3505 1658 3568 luit

81 3620 187 3667 auemre
201 3621 381 3667 concessam
394 3599 558 3676 voluntati,
575 3617 636 3679 qus
653 3598 774 3658 bonum
788 3597 837 3657 vel
885 3594 990 3658 inillis
1003 3596 1091 3658 libris
1106 3597 1276 3671 contentio,
1292 3592 1461 3678 duplicitei
1469 3598 1578 3679 accipi.
1595 3598 1658 3660 Aut

82 3690 182 3759 malum
195 3692 345 3776 amplecti
359 3698 468 3776 potest,
487 3688 566 3753 Huic
581 3686 667 3751 nulla
681 3702 759 3770 opus
773 3707 838 3750 esse
886 3690 969 3751 enim
1004 3685 1180 3751 naturalem
1213 3684 1390 3751 facultatem
1422 3692 1453 3751 et
1485 3691 1657 3769 potentiam

82 3788 164 3867 gratia
182 3787 332 3871 putabat,
347 3786 429 3846 utin
442 3785 562 3845 bonum
576 3776 749 3859 inclinaret,
766 3798 838 3843 curn
887 3781 1049 3862 significat,
1065 3802 1127 3862 qua
1139 3783 1219 3845 velle
1231 3782 1327 3844 libere
1340 3800 1514 3863 possumus,
1530 3801 1610 3862 quae,
1622 3789 1658 3844 nt

82 3875 108 3939 id
118 3880 245 3943 naturali
258 3872 418 3955 monitate,
434 3896 470 3938 aa
483 3877 546 3938 suis
560 3872 677 3936 viribus
691 3877 838 3953 praestare
886 3877 1069 3955 potestatem
1094 3880 1236 3937 exerceat
1248 3880 1348 3950 suam,
1376 3872 1443 3934 aliis
1469 3870 1657 3952 adjumentis

84 3977 177 4049 posset.
199 3974 264 4035 ileo
288 3974 414 4047 umen,
436 3969 468 4031 ct
487 3967 594 4048 gratiae
618 3967 684 4047 ejus
712 3970 839 4027 eatenus
886 3986 964 4048 opus
996 3962 1105 4043 habeb
1134 3972 1189 4028 aut
1215 3966 1356 4028 eamdem
1379 3962 1466 4026 illam
1487 3966 1657 4045 potentiam

82 4062 230 4144 imputari,
253 4060 338 4144 quod
356 4067 475 4123 naturae
498 4056 604 4140 ipsius,
628 4058 839 4120 etroluutatis
887 4058 1028 4139 designat
1053 4057 1201 4120 omnibus
1227 4058 1267 4118 ad
1294 4052 1451 4136 agendm
1478 4056 1657 4118 necessariis

84 4150 114 4215 sit
143 4154 299 4233 conditor,
333 4172 464 4233 eamque
497 4151 673 4213 libertatem
707 4148 839 4211 inseruit
887 4149 1235 4231 instructampraesidiis
1249 4149 1303 4227 ita,
1320 4154 1355 4210 ut
1368 4148 1448 4210 nihil
1461 4143 1655 4227 electionem,

83 4242 208 4327 homini;
225 4253 373 4311 eceteram
385 4245 465 4307 velle
479 4244 563 4325 quod
582 4241 703 4305 rectum
725 4246 787 4318 est,
808 4246 839 4303 et
888 4245 919 4306 ci
943 4243 1134 4305 structionem
1160 4238 1226 4322 ejus
1240 4238 1369 4303 liberam
1395 4245 1546 4319 moretur,
1561 4260 1658 4322 quam

83 4338 166 4420 reipsa
178 4342 338 4422 perlicere,
354 4344 447 4419 atque
461 4355 526 4399 esse
541 4336 672 4412 bonum,
688 4340 789 4396 toturn
803 4324 838 4396 in
887 4334 1047 4416 ipsiusmet
1071 4333 1247 4396 arbitrium.
1277 4332 1377 4414 Atque
1395 4332 1462 4395 haro
1475 4328 1660 4416 possibilitas

83 4431 191 4495 arbitrio
214 4453 282 4496 esse
304 4428 484 4503 voluntatis,
501 4429 567 4491 sine
582 4444 640 4509 ope
653 4420 718 4488 ulia
730 4426 838 4507 gratiae
886 4428 1040 4510 prosaica,
1057 4434 1089 4489 et
1108 4420 1269 4509 'completa
1285 4424 1350 4488 siva
1368 4426 1400 4489 io
1417 4432 1487 4488 criu
1502 4427 1657 4508 completa,

83 4522 186 4588 Christi.
202 4526 283 4588 Hinc
295 4521 555 4607 possehaminem
569 4514 754 4594 asserebat⁸‚
770 4516 838 4580 sine
887 4521 937 4582 vel
950 4518 1075 4583 secundo
1089 4519 1246 4581 nominari
1259 4517 1338 4581 solet
1356 4514 1391 4579 in
1413 4517 1545 4598 echolis3
1574 4521 1660 4601 prior

84 4613 135 4678 ulio
148 4637 210 4681 esse
224 4623 362 4699 peccato,
384 4614 538 4696 siqnidem
551 4613 645 4675 vallat
660 4606 754 4695 (quod
767 4631 839 4692 pro·
887 4618 993 4675 autem
1006 4602 1060 4701 illa
1074 4620 1196 4690 renata,
1226 4612 1276 4673 vel
1299 4617 1331 4672 ia
1353 4622 1421 4673 actu
1430 4613 1544 4694 primo.
1573 4613 1660 4675 Sicut

84 4706 300 4787 priumestloci
317 4708 400 4770 iilius
413 4710 651 4787 argumentum,
668 4703 751 4766 unde
765 4722 836 4766 sen·
886 4703 1012 4769 uidendi
1056 4698 1242 4785 possibilitas
1282 4701 1441 4765 inwrdum
1483 4698 1659 4767 naturalem

83 4798 166 4864 laub
177 4796 230 4865 ilia
242 4803 427 4882 deprompta
437 4797 494 4880 est)
514 4798 610 4879 «ipsa
618 4816 683 4857 non
692 4794 837 4877 peccandi
886 4792 985 4879 ipsam
996 4792 1121 4859 vivendi
1139 4788 1336 4874 facultatem,
1358 4796 1418 4858 hoe
1431 4800 1530 4873 astula
1545 4804 1659 4877 ὁρατικὴν

84 4886 282 4973 pandunt
314 4890 426 4973 (aicbat
451 4887 601 4970 Pelagius)
626 4907 691 4950 non
713 4892 778 4949 tam
806 4889 838 4950 in
887 4899 988 4971 aucupa
1002 4882 1129 4967 indicat,
1144 4889 1315 4970 quaestum
1324 4887 1657 4967 morbo,veltenebris,

85 4978 188 5048 uoluit
197 4986 358 5069 potestate,
371 5003 465 5066 quam
479 4984 513 5045 in
526 4988 646 5043 naturae
658 4980 838 5043 necesitate
888 5002 929 5044 nc
951 4982 1070 5064 possint
1091 4974 1209 5060 videre,
1233 4972 1365 5043 caunas
1390 4978 1488 5042 oculis
1501 4982 1656 5063 suppetit3

84 5080 129 5139 aa
144 5074 297 5161 Quidquid
316 5077 352 5138 in
369 5082 489 5139 natura
503 5070 682 5138 necessitate
701 5070 838 5153 positum
888 5074 1047 5136 interdum
1070 5066 1196 5156 plenam
1224 5073 1439 5153 integramque
1462 5068 1657 5152 patestatem,

85 5171 176 5243 etad
184 5177 303 5233 naturae
312 5170 467 5250 pertinere
480 5187 545 5230 non
559 5166 719 5228 dubitatur
735 5173 839 5227 aucto-
888 5176 924 5228 ut
937 5185 1009 5229 cum
1023 5173 1053 5229 et
1071 5169 1138 5228 sani
1158 5166 1239 5228 oculi
1259 5171 1342 5242 sunt,
1360 5170 1392 5226 et
1408 5164 1463 5226 lux
1482 5165 1592 5226 affluit.
1615 5167 1658 5225 lle

84 5262 381 5345 annaquenaum.
404 5276 417 5323 a
887 5260 946 5322 hae
954 5260 1088 5342 perlecta
1096 5256 1296 5342 possibilitate
1306 5256 1444 5337 loquitur
1455 5258 1657 5336 Augustinus,

106 5480 117 5524 l
129 5481 173 5528 un.
187 5484 204 5539 l,
215 5497 235 5532 e.
247 5483 324 5530 spa
336 5483 402 5541 Apud
413 5485 474 5540 aaa.
483 5483 499 5528 l.
511 5482 538 5530 aa
552 5482 601 5529 aa.
618 5484 640 5527 el
654 5483 716 5529 drot.
727 5493 748 5526 a.
760 5480 870 5526 κιαι-ιδ
881 5481 941 5537 Aug.
952 5480 968 5526 l.
979 5480 1007 5528 ds
1015 5482 1076 5530 Grai.
1087 5481 1170 5533 dimi,
1182 5492 1202 5531 a.
1214 5478 1293 5526 lte-l
1307 5476 1571 5526 hildemandus.
1582 5488 1659 5524 ur.-

86 5540 165 5601 lirul
173 5547 227 5604 Aug.
249 5547 298 5594 isid.
310 5559 331 5593 a.
346 5542 426 5594 are-it
437 5544 496 5602 aaa.
507 5536 631 5603 sp.1n⁴·'i
644 5542 705 5590 iciam
733 5540 775 5591 lib.
786 5534 818 5588 iii
828 5534 920 5590 addon.
934 5546 954 5589 t.
969 5555 1019 5590 sarr.
