3934 6172
13 4980 15 4995 ί

373 339 424 399 DE
443 337 604 400 OPlFlOEO
626 339 700 400 SEX
729 340 891 414 DIERUM,
913 341 984 403 LlB.
1009 342 1037 416 l,
1060 341 1143 404 CAP.
1167 342 1203 403 X.
1525 340 1583 400 189

47 506 134 567 ectum
144 500 426 563 mtcriuseonditum
435 500 538 577 urae,
553 500 617 562 sive
628 501 767 562 coelestes
817 502 1012 582 igniconstat
1030 508 1152 578 etaere,
1174 502 1320 563 sitamen
1339 506 1386 561 cst
1400 500 1483 560 ullus
1496 499 1581 559 lunae

47 598 115 658 aba
132 595 263 673 reliquos.
289 594 333 654 Ex
358 612 421 673 quo
450 595 544 655 etiam
565 593 768 673 Philosdphos
816 595 910 674 globo
923 595 1041 656 vicinus
1062 595 1156 674 ignis3
1176 594 1215 655 de
1238 612 1299 672 quc
1318 591 1462 653 dubitant
1482 592 1582 672 philo-

46 689 146 766 qcntiles
154 687 247 766 arguit
259 686 401 761 Basilius,
417 687 471 765 qui
482 686 612 748 unicum
624 691 768 747 tantum-
817 687 917 767 sophi,

46 781 116 841 nodo
128 778 228 841 colum
248 796 322 847 esse,
337 796 395 839 nec
407 778 513 857 plures
524 777 593 839 fieri
607 778 769 858 possejac·
860 778 908 838 ΙΙΙ.
923 780 998 839 Mox
1017 796 1091 840 vero
1105 777 1199 839 refert
1217 776 1355 853 Basilius,
1375 775 1583 854 quorumdam

46 873 135 934 uiuet.
151 871 249 951 «quod
261 877 326 941 tota
336 871 465 932 coelestis
478 870 769 951 corporissubstau-
819 889 883 933 esse
910 871 1106 945 sententiam,
1142 870 1265 945 coelum,
1297 869 1381 949 quod
1414 868 1449 928 in
1476 867 1584 947 primis

45 965 122 1025 ticin
143 964 224 1024 unius
251 962 444 1024 molitionem
470 969 548 1024 esset
566 972 766 1042 expema⁶3r
821 962 957 1027 Geueseos
982 963 1085 1024 verbis
1107 963 1245 1043 ponitur.
1261 962 1345 1023 idem
1367 978 1433 1022 esse
1448 977 1519 1021 cum
1533 978 1582 1036 co,

46 1073 100 1118 eim
114 1073 145 1117 cx
163 1055 283 1117 adverso
302 1055 546 1117 innumerabiles
564 1055 616 1116 alii
632 1054 771 1116 coelestes
819 1057 904 1136 quod
927 1056 1062 1117 mcuudo
1083 1056 1132 1116 die
1155 1059 1434 1127 commemoratum
1456 1052 1510 1113 sed
1523 1052 1586 1113 illic

47 1149 301 1227 omeeueputent,
316 1165 352 1208 ac
365 1148 501 1209 mundos
515 1146 769 1208 innumerabiles.
820 1148 1000 1209 summatim
1028 1148 1097 1209 coeli
1122 1167 1158 1208 ac
1184 1153 1276 1209 terrm
1290 1145 1469 1207 nominibus
1489 1149 1585 1205 totam

47 1242 191 1320 tpseantem
202 1239 327 1300 Basilius
342 1258 381 1301 ex
394 1258 491 1319 eoque
502 1238 694 1310 Ambrosius,
706 1256 771 1300 non
820 1241 930 1302 mundi
952 1241 1100 1302 fabricam
1114 1239 1276 1319 complecti
1288 1239 1425 1313 Mosem3
1442 1236 1606 1316 deinceps·

46 1332 297 1407 adumsecundum,
321 1332 482 1393 sedetiam
501 1331 631 1395 tertium
644 1331 770 1407 coelum,
821 1339 926 1395 autem
935 1333 1145 1413 particulatim
1155 1333 1311 1393 declarare
1318 1329 1450 1408 singula,
1466 1334 1498 1390 et
1506 1329 1587 1390 inter

47 1422 587 1486 erPcnlocssedemonstrct¹.Namet
602 1424 768 1503 Propheta,
820 1425 887 1487 haec
903 1426 1015 1486 coelum
1039 1424 1173 1487 οοοιιοιίο
1186 1424 1236 1484 die
1263 1427 1460 1502 procreatum
1473 1421 1585 1482 dicere.

50 1516 138 1577 ιοοΙοο
155 1516 295 1577 coelorum
315 1517 493 1590 nominans,
516 1515 589 1577 lacit
610 1521 646 1576 ut
666 1515 772 1595 plures
822 1519 898 1585 Quae
910 1518 1001 1579 uobis
1012 1518 1117 1597 opinio
1129 1515 1257 1597 probata
1270 1520 1317 1576 est
1328 1515 1426 1595 eapite
1440 1515 1585 1576 secundo.

48 1608 220 1688 irtdliqamus.
231 1609 375 1670 tlocverc
384 1608 554 1670 nibiloesse
563 1608 773 1669 incredibilius
822 1612 924 1678 Quare
938 1628 1039 1671 unum
1048 1609 1214 1689 utrobique
1227 1608 1340 1669 coelum
1349 1625 1414 1668 esse
1423 1606 1587 1683 credimus;

47 1699 334 1779 epternillisorbibus,
353 1719 409 1781 per
431 1718 509 1779 quos
532 1706 651 1780 septem
672 1700 772 1762 sidera
821 1703 856 1763 in
874 1721 937 1782 quo
961 1702 1205 1763 consentientem
1229 1699 1380 1761 hebemus
1404 1699 1590 1778 chrysosto-

47 1790 211 1872 intimaque
232 1792 316 1854 inter
338 1811 371 1854 se
384 1792 587 1854 consensione
613 1797 771 1868 asserunt;
821 1813 921 1856 mum.
946 1796 1026 1855 Nam
1047 1795 1081 1855 iu
1107 1792 1235 1854 homilia
1261 1797 1371 1871 quarta
1399 1790 1432 1851 in
1457 1789 1590 1854 Genesim

46 1885 185 1960 mediam
202 1885 333 1947 insertos
344 1885 478 1946 invicem
487 1885 607 1960 volunt,
621 1885 772 1964 quemad-
822 1888 940 1961 asserit,
964 1886 1078 1948 coelirm
1092 1891 1164 1946 ante
1178 1891 1292 1946 terram
1307 1881 1466 1945 eonditum
1483 1883 1588 1958 fuisse,

46 1976 142 2037 nedum
151 1995 229 2039 urna
247 1977 325 2039 inse
337 1982 447 2039 mutuo
457 1976 729 2038 innitimini.»
822 1983 858 2040 ut
871 1984 903 2040 et
917 1978 1045 2039 homilia
1066 1978 1167 2057 prima
1179 1977 1257 2037 tomi
1270 1976 1381 2055 quinti.
1403 1978 1445 2036 At
1454 1993 1528 2036 vero
1542 1995 1589 2038 se·

74 2068 109 2127 il.
129 2068 178 2130 Sed
206 2069 390 2132 Ambrosius
418 2070 503 2131 bunc
532 2069 635 2131 Basilii
668 2069 773 2130 locum
822 2072 924 2133 cundo
944 2071 994 2132 die
1018 2070 1095 2132 illud
1108 2070 1192 2130 idem
1212 2068 1325 2130 coelum
1353 2068 1391 2129 ad
1410 2086 1505 2147 aquas
1515 2069 1591 2130 diri·

45 2158 114 2238 piam
123 2161 330 2241 elegantiarum
353 2162 492 2224 oratione
509 2161 660 2242 depinxit,
683 2163 773 2242 cnjus
822 2164 951 2224 mendas
975 2163 1063 2223 velut
1082 2167 1206 2242 septum
1227 2161 1396 2241 quoddam,
1411 2167 1442 2221 et
1461 2179 1589 2224 murum

46 2251 122 2332 lepore
136 2254 283 2316 hilarmda
299 2260 347 2316 est
373 2255 442 2317 haec
456 2259 562 2316 nemra
580 2255 769 2333 disputatio:
822 2254 1102 2317 adhibitumiuisse
1117 2274 1125 2313 ε
1142 2254 1252 2328 «Quid
1263 2253 1322 2314 sibi
1335 2252 1453 2325 volunt,
1474 2254 1589 2333 inquit,

50 2344 283 2426 ebrudiuqnit',
307 2347 401 2408 coelos
414 2347 565 2408 coelomm
587 2346 621 2406 in
635 2346 688 2407 illo
702 2346 770 2407 lau·
823 2347 882 2408 ista
910 2347 1015 2431 verba,
1046 2345 1114 2407 Fiat
1140 2345 1396 2407 firmamentum?
1428 2345 1591 2425 Tanquam

47 2435 151 2497 maun
170 2439 335 2500 Dominum
361 2432 523 2499 constituit
544 2438 650 2499 choro.
674 2439 773 2512 Quem
821 2439 936 2501 diceret
962 2440 1117 2519 quispiam
1143 2439 1283 2499 humana
1313 2437 1421 2515 lingua
1448 2437 1588 2517 loquens,

47 2524 345 2611 iniantespbiloscphi
364 2532 503 2612 quinque
516 2530 676 2593 stellarum
687 2531 772 2608 solis,
822 2532 988 2593 maceriem
1012 2531 1160 2611 aliquam,
1184 2536 1216 2591 et
1242 2533 1363 2609 septum
1382 2529 1589 2608 interjectum,

47 2619 148 2682 cttune
165 2622 328 2701 globorum
346 2640 520 2684 consonum
533 2628 656 2684 motum
673 2623 773 2684 intro-
822 2642 858 2685 ac
883 2633 1060 2704 separans&
1078 2645 1090 2680 ι
1113 2620 1306 2682 Existimavit
1315 2639 1389 2700 ergo
1407 2622 1590 2702 chrysosto-

48 2709 173 2787 luant,
185 2734 320 2795 quorum
340 2715 479 2789 orbibus,
495 2715 543 2775 rel
558 2715 660 2794 potius
674 2715 774 2793 globis
822 2733 903 2791 mus,
930 2717 1042 2777 coelum
1070 2721 1141 2775 ante
1164 2713 1279 2790 lucem,
1305 2718 1336 2773 et
1354 2713 1443 2774 initio
1460 2732 1592 2793 operum

48 2814 327 2869 mnnemmemorant
336 2808 453 2884 omnia,
467 2824 546 2885 quos
557 2807 616 2867 sibi
629 2808 772 2885 innexos,
822 2808 964 2869 omnium
987 2827 1006 2868 a
1029 2809 1091 2868 Deo
1114 2824 1179 2868 ease
1202 2811 1353 2881 creatum,
1379 2824 1414 2866 ac
1434 2824 1551 2867 novum
1564 2806 1592 2867 ei

48 2897 147 2959 ardut
166 2900 292 2962 insertos
315 2901 432 2962 versari
453 2905 549 2973 retro,
575 2900 773 2962 etcontrario
823 2901 973 2961 duntaxat
995 2900 1180 2961 attributum
1202 2897 1339 2959 officium
1363 2897 1414 2958 die
1438 2898 1590 2973 secundm

48 2992 131 3050 cetera
149 3000 230 3054 motu
254 2993 333 3054 ferri
360 2992 561 3065 arbitrantur,
589 3009 688 3071 eoque
709 2992 773 3053 im·
822 3011 893 3072 quae
914 2998 961 3053 est
978 2997 1009 3052 et
1026 2992 1235 3053 recentiorum
1255 2989 1590 3069 quorumdamopinio.

48 3079 119 3159 pta,
128 3090 155 3145 et
161 3086 390 3165 motuipsorum
397 3085 522 3147 orbium
536 3084 658 3145 dulcem
667 3102 774 3163 quem-
822 3085 896 3146 Ideo
910 3102 987 3158 non,
1011 3089 1047 3144 ut
1062 3085 1095 3144 S.
1118 3084 1253 3144 Thomas
1264 3082 1349 3155 dicit,
1365 3082 1478 3142 coelum
1489 3082 1592 3162 ipsum

48 3170 105 3247 daur
123 3182 148 3235 ct
170 3177 295 3257 plenum
321 3177 492 3253 suavitatis,
522 3182 616 3256 atque
638 3177 723 3253 artis,
742 3182 775 3238 et
822 3177 872 3238 die
885 3176 1019 3238 secundo
1031 3177 1160 3236 existere
1174 3175 1301 3254 caepisse
1310 3174 1425 3249 docuit,
1441 3179 1477 3234 ut
1484 3175 1519 3235 in
1529 3175 1593 3236 fine

48 3264 169 3338 mium
180 3269 402 3331 modulaminis
419 3286 531 3329 sonum
552 3268 651 3329 reddi.
668 3289 684 3326 ι)
698 3269 772 3345 Sed,
822 3269 929 3348 capitis
943 3267 1294 3340 secundimemiuimus3
1310 3265 1434 3327 tametsi
1448 3285 1549 3328 unum
1562 3273 1594 3329 et

48 3357 339 3441 tamphilosophorum
352 3362 430 3421 alios
441 3378 543 3422 unum
555 3362 772 3422 tantummode
822 3361 906 3422 idem
919 3360 1032 3421 ooelum
1044 3359 1198 3439 iutelligit,
1213 3359 1297 3438 quod
1318 3359 1353 3418 in
1366 3360 1493 3420 exordio
1507 3360 1591 3436 libri,

49 3446 136 3525 titium,
150 3453 220 3514 alios
241 3472 331 3522 vero,
346 3453 590 3515 innumerabiles
604 3471 669 3514 csse
680 3454 773 3533 paulo
823 3457 854 3514 et
879 3453 914 3512 in
928 3452 978 3513 die
1005 3452 1140 3514 secundo
1168 3451 1359 3512 nominatur.
1391 3451 1479 3512 Unde
1500 3452 1594 3513 etiem

49 3546 95 3600 me
109 3542 226 3606 mutat
247 3546 355 3614 ambo,
374 3546 428 3625 qui
442 3546 597 3621 convenit,
616 3546 656 3605 ab
667 3545 773 3606 omni-
822 3545 967 3606 adversus
981 3544 1179 3624 philosophos
1191 3543 1336 3623 disputat,
1350 3544 1405 3622 qui
1417 3543 1594 3623 pluresesse

49 3627 87 3690 hos
101 3638 303 3715 septemorbes
325 3638 456 3700 totidem
481 3637 612 3717 planetis
625 3636 773 3699 attribui?
822 3637 915 3698 coelos
937 3636 1138 3712 arbitrantur,
1168 3654 1240 3697 cum
1260 3637 1356 3697 unius
1378 3639 1593 3699 tantummode

50 3723 233 3804 ltprimum
253 3748 323 3793 esse
337 3731 490 3792 duntaxat
502 3729 616 3790 coelum
634 3729 773 3789 arbitrati
822 3730 921 3790 Moses
944 3729 1135 3791 mentionem
1162 3729 1265 3791 faciat.
1288 3729 1376 3803 Quod
1393 3735 1498 3792 autem
1524 3730 1595 3792 curli

50 3821 243 3901 entreptcnos
254 3823 350 3884 orbes
363 3823 501 3883 siderum
514 3821 686 3884 errantium
698 3840 775 3884 con·
823 3821 963 3883 celorum
992 3822 1023 3882 in
1042 3821 1173 3884 Psalmis
1198 3826 1362 3897 vocantu,
1391 3822 1510 3883 beced
1536 3823 1595 3883 lin-

50 3907 194 3975 sumti
221 3917 272 3977 Sic
285 3915 411 3995 opinor.
427 3917 507 3976 Nam
520 3931 621 3975 unum
642 3914 681 3975 ab
708 3915 775 3977 istis
822 3932 893 3994 gum
910 3914 1069 3976 Hebraicoe
1088 3914 1309 3994 proprietatem
1323 3914 1479 3993 pertinere
1491 3920 1592 3993 putat,

50 4000 136 4081 aum,
148 4005 232 4069 idest
250 4014 390 4088 systema
402 4007 526 4069 orbium
544 4007 578 4067 in
591 4025 624 4067 se
640 4007 774 4069 invicem
823 4024 893 4085 quae
918 4006 1032 4087 plurali
1045 4024 1188 4083 numero,
1217 4024 1282 4067 non
1302 4005 1463 4085 singulari,
1479 4024 1594 4068 nornen

50 4088 201 4173 ¹stratorum,
221 4100 298 4180 poni
322 4100 429 4161 Patres
447 4099 493 4160 illi
514 4103 665 4160 asserunt.
681 4100 775 4161 Extra
823 4097 900 4158 illud
918 4097 1028 4159 efferre
1041 4099 1133 4173 solet3
1149 4098 1183 4159 in
1197 4116 1259 4176 quo
1273 4116 1293 4158 a
1306 4097 1418 4158 Basilio
1442 4099 1592 4177 dissentit,

51 4186 214 4259 umectum
232 4192 322 4254 eliud
344 4191 378 4253 in
398 4191 583 4268 sublimiori,
607 4209 643 4253 ac
655 4192 775 4271 puriori
824 4189 878 4270 qui
891 4190 984 4251 coelos
1004 4208 1069 4252 esse
1101 4190 1237 4251 diversos
1261 4190 1379 4251 asserit.
1410 4190 1595 4252 Severianus

51 4277 125 4337 muudi
141 4279 226 4359 plaga
254 4281 429 4356 collocant,
455 4281 520 4342 imo
544 4298 639 4360 snpra
663 4279 774 4341 mnndi
826 4281 1025 4343 Gabalitenus
1041 4282 1161 4356 itidem,
1177 4288 1212 4344 ut
1230 4282 1479 4361 Chrysostemus,
1495 4301 1595 4344 urium

52 4358 310 4450 insuperabilem
317 4372 549 4433 universitatem
562 4372 596 4432 in
610 4390 672 4451 quo
685 4372 774 4432 statio
826 4374 939 4434 coelum
946 4374 1114 4448 consutuit,
1124 4374 1218 4452 idque
1225 4373 1327 4452 primo
1337 4373 1386 4435 die
1395 4366 1592 4454 productum,

52 4457 223 4525 ethemmm
246 4464 419 4533 mentium
439 4463 478 4525 de
496 4483 558 4545 quo
572 4470 665 4525 antea
678 4465 776 4544 capite
825 4466 904 4526 Nam
931 4468 1037 4526 omnia
1059 4466 1160 4545 primo
1186 4465 1236 4526 die
1255 4466 1388 4542 condita,
1411 4485 1465 4529 sex
1484 4469 1596 4531 deinde

53 4552 146 4614 tundo
157 4556 299 4619 eximus.
311 4557 452 4618 Tertium
464 4575 539 4619 vero
553 4556 676 4633 coelum,
690 4556 776 4635 regio
825 4556 935 4619 diebus
954 4557 1116 4637 perpolita,
1141 4562 1173 4618 et
1192 4556 1280 4617 novis
1294 4557 1475 4621 ministeriis
1490 4566 1596 4641 aptata

54 4641 174 4708 aalma
196 4649 319 4725 mundi,
343 4648 412 4710 orbi
439 4649 776 4728 serpentiumque
826 4655 910 4710 sunt.

75 4844 168 4903 obtat.
186 4850 262 4907 hom.
277 4866 310 4906 111
326 4853 359 4908 in
372 4855 514 4908 rreeoem.
534 4850 618 4921 Πόσος
631 4854 675 4919 τῆς
694 4849 777 4913 οὐσίας
827 4851 949 4923 φίρεοίαι,
971 4850 1013 4913 ote
1045 4852 1087 4904 καί
1105 4848 1250 4925 ἔνηρρίσθαι
1272 4854 1343 4925 φασίν
1364 4853 1439 4929 ίτίρῳ
1456 4857 1498 4912 τὸν
1513 4859 1595 4933 ἔτερον

13 4956 15 4977 ι
54 4927 307 5008 ῆιίμιίωοώμως
321 4933 354 4996 εἰς
367 4933 411 5003 τὴν
424 4941 469 4989 τοῦ
483 4933 536 4997 aaa<
553 4935 667 4990 σίοταοιν
681 4933 776 4989 ἀπανα-
825 4934 887 4989 κατὰ
906 4933 950 5003 τὴν
972 4933 1053 4989 είαόνα
1072 4941 1123 4989 τῶν
1141 4936 1222 4990 κάδων
1238 4942 1288 4990 τῶν
1304 4936 1343 5000 είς·
1351 4936 1474 5007 ἀλλήλους
1495 4939 1596 5016 ipsasq-

54 5008 152 5151 Ηίάίέί.
172 5097 200 5153 ‘0
217 5101 245 5155 ct
265 5101 364 5174 ψαλρος
385 5100 512 5173 διορίζων
526 5099 641 5174 ciperet<
653 5100 775 5173 οίρανῶν,
824 5020 995 5158 κότοωίίνιηε.
1012 5101 1088 5160 hom.
1108 5118 1136 5158 11
1149 5106 1181 5158 itt
1196 5103 1266 5160 Gen.
1285 5104 1315 5157 Τί
1330 5101 1391 5169 ἔστι,
1405 5107 1530 5179 γενηθήτω
1543 5128 1597 5163 οτι-

13 5246 14 5253 ¹
52 5171 179 5234 duaa„
199 5182 260 5255 ἡμῖν
280 5183 376 5238 ίννοιαν
390 5182 537 5254 ἐνεποίησεν·
566 5178 595 5237 οὗ
619 5185 649 5252 δή
670 5203 731 5239 ποτε
749 5183 775 5237 δὲ
826 5186 975 5258 ρέωμαςίις
995 5187 1024 5238 ἂν
1043 5185 1108 5240 eluet
1132 5205 1167 5250 τις
1180 5187 1279 5260 qiidam
1303 5184 1439 5262 ἀνθρωπίνῃ
1455 5191 1546 5264 τειχίον
1560 5211 1595 5258 τι,

13 5278 14 5283 ’
53 5258 104 5347 {²⁴¹³
112 5265 279 5340 ΐψόοξοτνρα
293 5274 343 5322 τῶν
361 5262 776 5334 intertentationes&
824 5269 865 5321 καί
881 5269 1022 5342 διάφραγμα
1037 5271 1146 5357 οιαιροῦν
1163 5268 1267 5342 μεταξὺ,
1286 5271 1326 5323 καί
1347 5274 1474 5344 Ιρωριοιρόν
1496 5271 1596 5345 ίργαζό·

52 5339 205 5419 Ἇῖίμςσριδίνι
227 5349 297 5423 παρὰ
319 5352 415 5405 πάντων
434 5351 570 5424 συμφώνως
594 5349 774 5424 ὁμολογοῦνται
827 5370 910 5424 μενον.

69 5476 241 5535 Ι111·ι.ιιι-ι
253 5490 320 5537 sna.
334 5491 374 5537 uu
384 5490 517 5539 trram
527 5502 577 5549 ιιι.
590 5501 615 5538 ιι.
