4004 6168
359 412 419 471 aro
899 409 1096 473 cernuum
1115 409 1168 472 an
1189 409 1345 472 crenus
1367 411 1393 472 ιι

357 577 456 652 tihile,
478 584 508 639 et
521 578 710 652 delectabile,
730 584 789 640 etc.
804 583 882 639 esset
896 576 1034 652 rebellio,
1050 576 1123 655 quia
1170 575 1304 637 terretur
1316 576 1355 636 ad
1377 575 1628 651 delectationem,
1649 576 1734 657 quod
1755 575 1883 656 quidem
1904 574 1933 635 in

356 669 513 731 inclinatio
526 671 673 751 potentie
689 669 842 731 inferioris
856 668 1123 731 eddclectandum
1171 666 1268 729 altera
1290 669 1462 747 questione
1488 670 1646 731 articulol
1666 668 1781 730 falsum
1804 668 1933 728 demum

355 767 462 823 contra
482 762 635 840 judicium
671 763 813 839 rationis,
842 767 875 822 et
898 761 1061 823 difficultas
1089 761 1123 821 iu
1171 759 1340 836 trahimus,
1355 759 1395 820 ab
1408 766 1561 822 eotamen
1575 760 1785 822 infelicissimo
1799 766 1932 834 statuae

354 852 558 929 refrenando,
579 861 638 918 etc.
652 881 666 909 ι
686 875 718 915 ιι.
733 856 764 915 a.
789 855 865 916 add
878 854 1016 934 primum
1028 871 1121 932 ergn-
1171 853 1386 932 desperatione
1399 871 1517 914 rerum.
1533 853 1708 932 cujusmodi
1726 852 1931 927 meminimus,

355 952 496 1008 mentum
504 947 583 1021 dico,
595 947 679 1028 quod
688 952 837 1008 neutrum
848 947 978 1007 istorum
988 964 1027 1007 cx
1037 945 1124 1026 puris
1171 945 1263 1023 louge
1285 944 1422 1022 abesset,
1449 964 1506 1006 nec
1529 950 1687 1026 pemamm
1704 945 1933 1019 diceremr,aat
1995 910 1996 1005 i

354 1038 545 1100 naturalibus
568 1044 669 1119 potest
695 1038 815 1100 heberi.
854 1039 933 1098 Cum
960 1037 1120 1116 probatur,
1171 1037 1339 1116 corruptio,
1355 1037 1574 1117 peruereioque
1587 1036 1930 1111 namrm,sedhomim's,

353 1128 426 1207 quia
437 1131 577 1210 opposita
587 1131 716 1191 istorum
730 1136 803 1190 sunt
815 1148 926 1209 poenae.
939 1131 1023 1203 Dico,
1039 1130 1123 1209 quod
1172 1133 1207 1189 ut
1217 1128 1334 1188 animal
1341 1134 1397 1203 est,
1409 1129 1558 1189 naturalis
1565 1129 1749 1209 proprietas,
1756 1134 1790 1189 et
1797 1127 1931 1189 conditie.

352 1240 428 1296 non,
451 1223 505 1284 sed
516 1223 706 1284 conditiones
725 1222 892 1290 naturales,
908 1221 987 1283 sicut
999 1240 1064 1281 uon
1078 1225 1124 1282 est
1211 1220 1257 1280 Ad
1272 1220 1443 1281 secundum
1456 1223 1639 1301 respondeo,
1654 1220 1741 1300 quod
1749 1220 1933 1298 Augustinus

351 1331 453 1393 poenae
466 1313 539 1375 bovi
552 1314 644 1383 mori,
660 1314 714 1375 sed
727 1313 879 1386 naturale,
891 1317 922 1374 ct
934 1313 1019 1393 quod
1033 1331 1124 1394 appe·
1173 1312 1331 1373 contendit
1344 1318 1452 1374 contra
1463 1314 1481 1374 J
1485 1314 1644 1390 ulianam,
1660 1312 1932 1392 concupiscentiam

353 1404 428 1465 titus
441 1405 507 1484 ejus
522 1405 639 1467 leretur
652 1407 687 1467 in
701 1424 793 1467 suum
815 1404 1005 1477 delectabile,
1028 1409 1086 1466 etc.
1101 1431 1115 1460 ι
1172 1420 1238 1465 esse
1251 1403 1376 1481 maiam,
1392 1409 1423 1465 et
1433 1404 1610 1486 pudendam,
1627 1403 1868 1483 intelligendum
1880 1420 1933 1462 non

353 1496 462 1558 eedem
482 1497 577 1559 habet
591 1497 713 1559 Gabriel
736 1498 806 1558 diet.
821 1513 894 1573 xxx,
911 1502 1008 1576 quoeet
1023 1516 1046 1573 1,
1062 1503 1121 1559 art.
1174 1495 1212 1556 de
1226 1495 1371 1557 facultate
1384 1497 1451 1576 ipsa
1461 1497 1639 1577 appetendi,
1655 1496 1719 1570 sed,
1731 1501 1769 1556 ut
1782 1496 1850 1575 ipse
1860 1512 1930 1556 sanc.

354 1607 391 1663 11,
408 1589 506 1664 concl,
521 1609 544 1650 1.
560 1611 573 1647 a
588 1590 636 1652 td
647 1590 826 1651 salvandam
834 1589 866 1650 in
880 1590 981 1668 primo
996 1596 1124 1668 parente
1173 1587 1281 1649 doctor
1306 1596 1388 1667 saepe
1413 1588 1560 1662 declarat,
1577 1590 1617 1651 alc
1637 1588 1675 1650 iis
1688 1587 1931 1668 appetitionibus,

353 1681 608 1760 tranquillitatem
643 1684 872 1761 potentiarum,
916 1698 1039 1742 necesse
1079 1687 1125 1742 est
1174 1680 1286 1759 quibus
1314 1698 1384 1740 caro
1415 1681 1594 1762 concupiscit
1624 1679 1764 1743 adrerum
1795 1680 1932 1761 apiritma
1997 1678 1998 1701 ³

353 1790 467 1849 ponere
481 1773 600 1834 donum
619 1774 772 1835 voluntati
791 1773 1035 1851 superadditum,
1050 1774 1125 1852 quia
1174 1772 1262 1834 Tom.
1280 1772 1428 1847 1V,serm.
1441 1790 1499 1835 rur
1514 1772 1639 1833 enacim
1652 1771 1763 1833 Psalrn.
1780 1774 1933 1847 mummi

353 1865 478 1925 rebellio
503 1865 617 1927 virium
633 1866 761 1928 inferior
789 1865 937 1926 voluntati
963 1871 1126 1928 recteest
1173 1865 1315 1943 quaudo,
1343 1882 1466 1945 nempe,
1491 1865 1524 1926 id
1557 1865 1640 1944 quod
1662 1882 1727 1925 non
1750 1864 1835 1939 licet,
1851 1863 1932 1925 libet:

354 1957 502 2018 manuelis
525 1958 626 2032 idest,
652 1958 790 2038 sequitur
808 1958 959 2037 principie
985 1963 1122 2032 nemra,
1172 1960 1250 2016 tom,
1275 1957 1329 2032 Vl,
1344 1956 1398 2016 lib.
1422 1955 1458 2017 de
1478 1955 1600 2018 Coctia.
1629 1974 1696 2036 cap.
1716 1972 1785 2030 rru,
1815 1959 1935 2017 mittet

355 2054 414 2108 etc.
428 2072 443 2107 a
462 2050 542 2110 Item
555 2051 651 2110 conel.
669 2068 694 2110 ιι
704 2056 735 2111 et
747 2068 799 2111 111.
814 2050 935 2113 Verum
951 2049 1125 2111 scholastici
1172 2048 1322 2127 quoniam
1348 2047 1388 2109 ab
1411 2048 1592 2128 hujusmodi
1612 2047 1858 2128 appetitionibus
1879 2065 1933 2107 nou
1998 2046 1999 2089 Ὗ

356 2140 535 2203 referuntur
548 2142 643 2203 etiem
652 2142 691 2203 ah
706 2142 783 2204 aliis.
1175 2139 1299 2219 penitus
1310 2158 1417 2216 vacua,
1429 2159 1465 2201 aa
1476 2140 1576 2201 libera
1585 2141 1665 2201 foret
1678 2142 1759 2220 plura
1774 2140 1933 2216 naturaie

1178 2249 1215 2292 ea
1228 2231 1322 2293 etiam
1333 2231 1399 2293 tore
1413 2234 1557 2306 concedo,
1570 2233 1604 2293 in
1624 2251 1687 2312 quo
1708 2232 1853 2293 homines
1868 2250 1932 2293 eru-

684 2350 798 2430 §ffi
1177 2322 1350 2401 beeccreut;
1366 2324 1725 2404 malamquetateornon
1738 2325 1934 2406 solumpoem·

1178 2417 1243 2489 lenc
1253 2416 1406 2478 sedetiam
1412 2415 1637 2498 primordialem
1648 2417 1932 2497 concupiscentiam,

399 2509 521 2587 ltaque,
544 2508 593 2570 hie
606 2508 835 2589 pretermissis,
850 2507 890 2568 ad
911 2507 1048 2588 primum
1062 2527 1126 2571 res·
1177 2509 1307 2582 malam,
1333 2510 1483 2588 inquam,
1501 2508 1628 2590 playa'ca
1654 2514 1685 2570 et
1701 2508 1857 2570 materiali
1864 2556 1872 2585 ,
1904 2518 1934 2569 ut

359 2599 1127 2681 pondeo,duplex,amedistinguiconcupisccntioe
1177 2602 1281 2663 schola
1299 2602 1448 2681 loquitur,
1473 2619 1538 2662 non
1551 2619 1625 2662 vero
1639 2601 1751 2662 morali
1767 2608 1800 2662 et
1819 2600 1935 2680 sommi

361 2707 475 2768 genus:
489 2692 601 2773 poemle
615 2692 759 2769 alterum,
781 2693 955 2770 cujusmodi
972 2711 1057 2755 nrmc
1070 2702 1127 2772 cet,
1178 2693 1314 2755 malitie:
1332 2693 1525 2754 Hancunam
1539 2694 1624 2754 enim
1641 2693 1804 2755 excludere
1821 2694 1933 2755 dicendi

361 2802 397 2844 uc
410 2801 481 2844 vere
495 2782 611 2857 rebelle,
624 2785 708 2864 quod
715 2785 830 2864 jugum
841 2784 969 2845 rationis
977 2785 1034 2846 sibi
1044 2786 1130 2866 prius
1179 2791 1252 2845 sunt
1265 2786 1372 2847 Patres
1384 2785 1440 2862 illi,
1463 2785 1519 2865 qui
1532 2784 1588 2845 hos
1603 2783 1700 2846 animi
1719 2788 1825 2845 motus
1846 2785 1933 2846 mans
2000 2816 2001 2861 ι

362 2875 544 2956 impositum
558 2876 736 2953 excusserit,
752 2881 783 2937 ct
800 2880 1013 2955 contraquam
1028 2879 1129 2957 prima
1178 2895 1242 2938 esse
1256 2884 1505 2957 negantzneque
1525 2882 1581 2938 aut
1600 2876 1645 2937 ita
1665 2876 1861 2956 accipiendus
1877 2880 1931 2936 tu·
2000 2868 2001 2875 '

361 2967 497 3029 hominis
509 2966 877 3051 qonditio,etconstitutio
889 2967 993 3037 terret,
1001 2970 1130 3030 rationis
1179 2969 1331 3048 gustiuus,
1344 2970 1399 3049 qui
1420 2970 1536 3031 malam
1554 2987 1619 3031 esse
1642 2969 1716 3031 dicit
1727 2970 1933 3049 concupiscen-

362 3058 528 3139 imperium
557 3078 659 3140 neque
686 3065 842 3141 expectet,
871 3078 974 3140 neque
1002 3061 1125 3123 audiet:
1178 3062 1266 3137 tiam,
1278 3062 1366 3142 quasi
1386 3061 1461 3122 velit
1474 3078 1543 3123 eam
1558 3079 1624 3122 csse
1640 3061 1800 3122 moraliter
1818 3059 1930 3135 malam,

361 3150 494 3211 alterum
517 3150 729 3232 primordiale,
755 3170 830 3213 nam
856 3153 900 3214 ita
917 3170 1006 3229 voco,
1029 3154 1129 3233 cujus-
1177 3172 1214 3215 ac
1240 3171 1348 3215 veram
1372 3153 1489 3233 peccati
1513 3155 1664 3214 rationem
1689 3152 1850 3229 habcrc;‹
1869 3170 1932 3213 nam

362 3241 447 3302 modi
456 3260 520 3303 non
535 3248 591 3320 est,
607 3245 661 3305 sed
672 3244 855 3323 eseepotuit,
870 3244 1014 3324 quodque
1026 3244 1129 3307 verius
1176 3246 1243 3325 ipsa
1254 3246 1380 3325 quidem
1393 3245 1641 3326 concupiscentia
1652 3251 1774 3306 nonest
1785 3250 1931 3325 peccamus

362 3333 501 3410 immune,
523 3333 654 3396 solutum
675 3342 767 3415 atquc
790 3335 897 3411 crica,
913 3353 1008 3414 quarn
1021 3335 1129 3398 rebelle
1176 3338 1210 3398 in
1234 3339 1433 3418 regeneratis,
1453 3337 1578 3417 quando
1603 3337 1649 3397 illi
1668 3338 1709 3398 ad
1732 3337 1931 3417 illicitaopera

361 3425 485 3502 dixeris,
507 3429 654 3506 quoniam
672 3427 800 3507 quidem
811 3427 964 3489 rationem
985 3434 1126 3490 antever-
1177 3447 1241 3489 non
1256 3429 1458 3504 consentitur,
1475 3450 1490 3487 r
1508 3428 1562 3489 lib.
1581 3426 1641 3489 lde
1664 3426 1764 3509 Nupt.
1779 3436 1809 3489 et
1821 3446 1928 3509 aarum.

360 3521 449 3590 teret,
472 3519 591 3598 ipsique
605 3520 774 3582 identidem
797 3525 1002 3599 repugnaret,
1018 3526 1050 3580 at
1063 3538 1126 3581 non
1176 3540 1244 3601 cap.
1256 3538 1338 3596 xxm,
1353 3541 1386 3584 n.
1416 3520 1456 3581 25
1474 3526 1529 3582 aut
1544 3520 1587 3580 ita
1616 3520 1817 3600 accipiendus
1847 3518 1929 3581 Julia-

359 3606 525 3687 plusquam
538 3608 722 3691 ferretque
735 3616 810 3671 tunc
823 3611 925 3691 prima
939 3611 1128 3673 lorethomi·
1175 3631 1246 3691 uus,
1260 3614 1314 3693 qui
1347 3614 1552 3691 contradicit,
1587 3613 1674 3692 quasi
1695 3630 1765 3674 eam
1785 3613 1858 3674 velit
1876 3629 1930 3672 eme

359 3716 438 3762 num
465 3700 616 3779 conditio,
643 3707 674 3761 ct
699 3702 778 3764 ratio
807 3704 946 3782 corporis
971 3703 1126 3780 animalis,
1176 3704 1330 3766 moraliter
1345 3705 1576 3783 bonam,ciquc
1601 3705 1666 3765 vim
1695 3708 1779 3766 recte
1808 3704 1885 3771 iacti
1902 3721 1932 3764 ac

359 3791 446 3853 nullo
473 3793 702 3873 supernaturali
725 3792 807 3854 dono
831 3811 924 3874 supra
945 3811 1017 3854 euos
1036 3795 1125 3870 fines,
1176 3797 1280 3858 meriti
1292 3797 1430 3859 tribum:
1451 3797 1520 3857 alta
1532 3798 1578 3856 vis
1602 3794 1824 3876 intelligamus,
1847 3795 1933 3857 libili

358 3884 593 3965 naturalemque
603 3885 733 3946 modum
747 3886 855 3946 evecti.
865 3887 912 3947 De
925 3886 1019 3967 primi
1032 3905 1126 3966 genc-
1175 3907 1249 3951 nem
1271 3889 1398 3965 bonam,
1412 3889 1491 3950 sicut
1504 3888 1588 3949 bona
1608 3893 1656 3949 cst
1682 3894 1824 3949 creatura
1841 3887 1930 3967 panis,

359 3977 403 4037 ris
423 3978 670 4058 concupiscentia
689 3977 829 4056 loquitur
851 3978 1026 4057 Apostolus,
1040 3996 1126 4040 eam-
1175 3999 1212 4042 ac
1225 3982 1301 4057 vini,
1325 3980 1467 4061 manetis
1489 3998 1526 4042 ea
1540 3980 1623 4041 male
1647 3981 1765 4041 utendo
1784 3986 1926 4059 munitm.

359 4087 420 4148 quc
442 4076 605 4149 peccatum
623 4069 736 4130 merito
761 4068 849 4146 dixit,
865 4088 930 4131 non
944 4070 1028 4149 quod
1041 4088 1124 4146 vere,
1174 4075 1197 4137 l.
1215 4076 1258 4135 ΙΙΙ
1274 4079 1351 4135 rotat.
1366 4072 1480 4135 Julian.
1493 4072 1620 4153 perfect.
1636 4090 1664 4133 c.
1679 4090 1737 4147 xx,
1750 4090 1785 4134 n.
1800 4074 1849 4133 ll.
1864 4071 1933 4133 llalr

358 4163 527 4242 etproprie
541 4167 701 4242 peccatum
720 4161 770 4237 sit,
798 4162 863 4236 sed,
892 4163 975 4242 quod
997 4162 1127 4225 illiusee
1176 4167 1273 4247 igitur
1281 4172 1360 4228 esset
1370 4163 1555 4245 primigenia
1565 4182 1691 4245 quoque
1702 4163 1933 4245 concupiscentis

358 4256 429 4313 cuni
456 4259 581 4333 peccato
608 4252 812 4330 necessitudo,
835 4260 865 4315 et
893 4254 1127 4333 conjunctio,is
1171 4258 1310 4340 physica,
1335 4264 1365 4318 ct
1391 4255 1591 4318 materialiter
1607 4261 1750 4317 tantum:
1778 4257 1826 4317 uti
1849 4255 1933 4317 etiam

359 4351 523 4424 respectus,
540 4351 633 4426 etque
647 4345 807 4423 habitudo,
823 4364 893 4426 qne
902 4363 996 4426 supra
1008 4347 1128 4407 notari-
1173 4348 1382 4433 peccabilitas,
1395 4355 1489 4428 atque
1506 4346 1685 4409 mortalitas.
1700 4348 1837 4427 Matique
1849 4347 1932 4424 hujus

360 4452 447 4511 mus;
475 4436 589 4516 quibus
610 4437 662 4498 hic
689 4437 766 4499 illud
789 4438 882 4499 ctiam
905 4438 1124 4517 adjungimus3
1175 4449 1250 4503 tunc
1272 4458 1397 4520 quoque
1414 4440 1531 4519 pudor,
1546 4457 1582 4500 cc
1606 4438 1704 4499 rubor
1717 4444 1796 4500 esset
1814 4437 1931 4516 aliquis:

303 4578 315 4591 .
359 4544 443 4602 eum,
460 4527 566 4606 inquo
585 4529 624 4588 sit
636 4529 765 4609 hujusce
777 4529 899 4608 generis
912 4531 1128 4609 concupiscen·
1175 4553 1234 4595 nec
1255 4551 1329 4594 sane
1353 4533 1489 4593 mirum:
1518 4530 1730 4591 emrbcscimus
1763 4529 1843 4591 enim
1872 4545 1932 4588 nou

358 4620 497 4696 tia,cum
511 4619 578 4681 haec
591 4620 703 4700 inipso
717 4626 791 4682 nata
804 4621 844 4683 sit
857 4640 896 4684 ex
909 4622 1010 4702 culpa,
1025 4623 1126 4702 indig·
1176 4644 1312 4698 mamm,
1336 4631 1428 4704 atque
1444 4622 1542 4684 animi
1557 4622 1670 4696 solum,
1692 4623 1748 4683 sed
1768 4621 1858 4683 ctiam
1872 4636 1930 4680 cor·

360 4711 539 4791 numplanc
550 4711 626 4784 iore,
642 4714 691 4778 cui
707 4715 787 4775 Deus
801 4732 942 4795 unquam
953 4713 1126 4791 subveniat,
1177 4719 1261 4799 poris
1273 4717 1360 4794 vitia,
1375 4734 1445 4796 quae
1459 4734 1479 4776 a
1492 4715 1583 4794 culpa
1598 4714 1721 4793 sejungi
1735 4712 1931 4795 potuisscjam

360 4804 643 4891 etopituletur,rel
656 4805 728 4866 solie
747 4806 821 4887 ipsis
835 4806 1128 4868 naturalibuseuxi·
1177 4811 1386 4872 ostendimus:
1416 4826 1452 4868 aa
1478 4825 1584 4869 rerum
1611 4824 1686 4867 sanc
1713 4804 1930 4886 quamplurium

359 4897 428 4974 liis,
450 4902 544 4976 atque
571 4897 769 4978 suppetitiis,
795 4916 866 4976 qum
889 4898 914 4958 si
937 4898 1046 4974 desint,
1072 4918 1130 4962 nac
1177 4903 1352 4980 ingenuum
1365 4916 1520 4979 quemque
1537 4897 1751 4977 suppndct,in
1764 4897 1930 4977 quibusnec

360 4989 509 5069 appetitui
523 4989 733 5067 satisresistat,
748 5008 806 5050 nce
819 4996 943 5070 peccato
953 4991 1007 5051 diu
1020 4992 1129 5053 saltem
1177 4998 1337 5073 peccatum
1347 4992 1438 5063 inest,
1455 5009 1513 5052 nec
1527 4989 1637 5064 fomes,
1655 4993 1710 5055 aut
1724 4986 1863 5049 illecebra
1875 4983 1929 5046 uu

360 5080 523 5157 abstineat,
538 5081 572 5142 in
586 5086 728 5161 statuque
740 5083 780 5143 sit
803 5101 873 5144 vere
883 5084 1009 5160 miserm
1020 5084 1127 5165 despe-
1178 5086 1306 5166 peccati.
1316 5085 1372 5145 Hic
1385 5102 1471 5159 vero,
1482 5100 1544 5162 quo
1558 5080 1682 5161 planius
1693 5080 1759 5156 fiat,
1770 5081 1864 5141 Βειιιιι
1874 5092 1928 5135 m

360 5173 550 5252 rationisque
565 5191 706 5243 summae,
723 5191 817 5252 quern
828 5181 941 5236 vocant
954 5183 986 5237 et
999 5177 1128 5238 damna·
1179 5181 1395 5258 possenaturre
1404 5175 1497 5248 illius,
1509 5172 1764 5252 atqueappetitus
1775 5176 1924 5235 aurium,

361 5264 465 5326 tionis.
495 5266 601 5334 Porro,
626 5265 776 5344 qnoniam
798 5266 1020 5341 munimentis
1037 5269 1130 5349 hujus
1179 5271 1213 5331 in
1238 5286 1299 5349 quo
1325 5266 1494 5329 identidem
1514 5265 1647 5327 existant
1665 5263 1700 5324 ni
1717 5268 1833 5333 motus,
1848 5266 1925 5337 uque

362 5374 472 5436 expers
496 5355 577 5418 ioret
600 5357 856 5438 concupiscentiae
876 5354 1129 5439 puree'naturae,
1181 5361 1368 5438 affectiones,
1383 5353 1921 5439 quibueacaroconcupiseitadrcrsus

363 5466 466 5527 neque
480 5454 584 5510 ortum
597 5449 738 5529 exculpa
751 5449 888 5527 duceret,
904 5452 1024 5514 etiamsi
1047 5455 1134 5515 dare-
1183 5452 1351 5534 Spiritum,
1379 5469 1415 5512 aa
1447 5449 1525 5511 libet
1547 5448 1598 5521 id,
1627 5447 1714 5527 qnod
1735 5463 1798 5507 non
1820 5443 1916 5536 licettt

362 5545 425 5612 tur,
441 5539 517 5616 iore,
538 5545 574 5601 ut
600 5540 710 5620 requeti
723 5541 872 5621 pondere,
897 5549 990 5624 atque
1014 5545 1134 5627 impetu
1182 5543 1493 5606 animadvertendum
1519 5544 1575 5613 cst,
1601 5555 1698 5617 quam
1724 5539 1756 5598 in
1782 5535 1840 5597 istie
1861 5526 1917 5591 ml
