4096 6166
742 428 869 490 LIBER
890 427 1009 506 UNUS,
1033 432 1120 493 OAP.
1141 434 1179 493 V.
1690 440 1751 501 669

93 640 118 673 „
204 592 425 657 Arausicanam
439 592 484 655 ait
501 593 657 674 synodum
679 592 847 671 Augustini
867 611 935 655 sen-
982 594 1093 658 sicanoe
1105 596 1411 660 Patresdecretasaa
1424 619 1440 657 a
1454 598 1493 659 ab
1506 600 1643 679 antiquis
1656 602 1754 663 Patri·

13 683 137 783 :raum
163 687 267 748 tenffis
289 685 480 766 explanasse,
502 685 625 766 quade
645 687 744 765 petia
763 686 935 747 canonibus
980 684 1040 747 hus
1048 688 1087 748 da
1099 689 1189 749 certis
1201 689 1432 769 seripturarum
1439 691 1649 753 voluminibus
1659 692 1754 756 indae

14 790 102 849 quma
163 779 229 840 suis
240 778 351 851 edidit,
368 778 460 858 idque
482 785 607 840 auctme
628 778 739 858 probat
759 779 799 838 R.
817 778 850 838 P.
869 777 933 837 Sir·
982 779 1350 860 praeparraumcoliata
1363 800 1427 844 esse
1438 783 1658 862 profitentur,»
1672 786 1754 848 atde

163 871 292 948 mondo,
316 872 370 950 qui
395 870 435 931 ad
460 871 636 933 Arelatense
664 870 829 933 concilium
853 869 935 930 cuca
984 870 1143 948 gratiaci
1164 871 1401 934 liberoarbitrio
1425 873 1501 935 fides
1520 876 1669 937 catholiea
1683 895 1754 938 san·

163 978 284 1025 annum
321 963 379 1023 475
419 962 479 1025 hoc
509 963 653 1025 observat
686 981 693 1023 :
737 984 753 1020 a
780 964 934 1024 Caeterum
983 961 1122 1023 ciratus?
1153 964 1298 1025 Nuncubi
1326 965 1491 1046 appellavit
1522 967 1755 1044 Augustinum?

162 1054 261 1135 gravi,
275 1073 312 1116 ao
325 1055 482 1117 diuturnae
496 1053 708 1135 contentioni,
724 1073 794 1135 quae
808 1055 934 1117 sanetis-
983 1072 1078 1133 quem
1093 1054 1120 1115 si
1134 1055 1336 1135 interpretem
1348 1056 1463 1119 habere
1483 1058 1584 1133 vellet,
1599 1060 1756 1122 nominari

163 1146 269 1222 simos,
285 1152 316 1208 et
328 1145 519 1209 doctissimos
534 1147 681 1227 utrinque
694 1146 777 1208 viros
791 1145 825 1206 in
837 1146 937 1207 Gallia
983 1145 1034 1206 vel
1046 1145 1148 1208 solum
1175 1149 1370 1227 oportuisset.
1393 1150 1482 1210 Nune
1502 1154 1534 1211 et
1553 1149 1659 1212 Patres
1678 1152 1756 1213 anti-

162 1244 289 1300 centum
304 1239 437 1319 amplius
450 1257 550 1301 annos
564 1240 710 1316 exercuit,
722 1238 818 1302 finem
828 1245 936 1320 postea
983 1254 1077 1315 quos,
1093 1246 1124 1299 et
1137 1238 1313 1319 Scripturas
1334 1240 1486 1317 designat,
1500 1260 1634 1321 quorum
1659 1262 1757 1305 esea·

136 1373 139 1378 ,
162 1331 290 1392 taudem
304 1330 408 1392 attulit
427 1330 565 1411 synodus
586 1331 775 1393 Arausioana
789 1330 935 1408 secunda,
984 1329 1088 1389 tentiis
1103 1348 1237 1393 canones
1252 1350 1323 1393 suos
1336 1334 1519 1412 composuit.
1535 1334 1646 1411 Igitur,
1661 1341 1698 1395 ut
1711 1341 1756 1397 est

161 1440 233 1503 quae
246 1427 346 1484 totam
358 1423 397 1484 de
411 1423 520 1500 gratia,
531 1428 563 1484 et
571 1422 668 1485 libero
679 1423 806 1488 arbitrio
816 1428 936 1484 contro·
984 1438 1115 1484 acumen
1140 1423 1289 1504 epistolae,
1314 1424 1497 1504 interpretes
1522 1433 1615 1487 erunt
1635 1427 1754 1506 antiqui

161 1515 294 1579 versiam
308 1533 347 1577 ex
361 1515 459 1576 sancti
471 1515 637 1591 Augustini
652 1516 804 1577 sententia
815 1533 937 1595 compo-
984 1514 1092 1575 Patres
1111 1533 1234 1576 necnon
1257 1516 1425 1597 Scripturas
1446 1535 1552 1591 sacrae,
1575 1518 1755 1580 Arausicani

160 1608 234 1669 suit.
262 1628 279 1665 a
316 1609 438 1683 Ergone
471 1606 623 1687 interpres
655 1607 714 1669 erit
746 1607 937 1683 Augustinus
984 1604 1235 1686 eoncillii3'quod
1250 1608 1385 1688 profecta
1400 1609 1495 1671 nimis
1508 1610 1720 1671 estohtusum.

161 1698 344 1762 Arausicani
359 1698 507 1761 consilii?
525 1700 586 1773 Qui
599 1699 808 1779 potiusquam
837 1701 937 1761 Arau·
1026 1698 1156 1759 Possunt
1169 1698 1278 1759 eadem
1297 1700 1335 1762 de
1357 1699 1521 1763 Coelestiuo
1544 1702 1626 1782 Papa
1648 1709 1756 1764 contm
1782 1732 1811 1777 0,
1824 1732 1926 1778 enni.

162 1791 306 1852 sieanum
332 1791 498 1853 concilium
524 1792 689 1867 Augustini
718 1812 725 1852 :
760 1792 825 1852 Hoa
851 1792 937 1853 enim
985 1788 1145 1868 epistolam
1163 1789 1266 1869 objici,
1280 1792 1335 1871 qui
1355 1792 1395 1853 ad
1417 1793 1574 1873 episcopos
1599 1794 1704 1856 Galliae
1717 1796 1755 1856 de
1786 1786 1912 1882 insana·

162 1884 243 1944 ratio
263 1884 330 1964 ipsa
349 1883 464 1959 dictat;
480 1889 515 1944 ut
528 1883 583 1963 qui
605 1902 645 1945 ex
666 1883 840 1959 Augustino
861 1902 935 1946 con·
984 1879 1156 1957 Augustino
1170 1882 1318 1958 scribens,
1333 1883 1412 1945 nihil
1420 1884 1459 1945 de
1469 1902 1506 1946 eo
1516 1890 1645 1946 testatur
1656 1886 1753 1964 aliud,
1781 1839 1928 1936 roiieiritiir

162 1975 346 2037 maersmm
372 1976 509 2054 aliquam
542 1976 664 2053 decidit,
693 1978 866 2056 presertim
898 1976 937 2038 de
984 1990 1080 2051 quam
1101 1994 1117 2031 a
1140 1979 1253 2035 sanetas
1276 1974 1498 2036 reeordationis
1520 1976 1623 2038 virum
1649 1976 1754 2056 fuism,
1793 1955 1914 2044 “iiiii

161 2066 329 2143 Augustini
356 2073 456 2128 ortam
482 2070 645 2141 sententia,
675 2068 701 2128 is
728 2068 937 2143 Augustinum
984 2065 1039 2143 qui
1052 2065 1246 2127 inRomanae
1255 2066 1334 2128 sedis
1347 2069 1567 2130 communione
1579 2087 1701 2149 semper
1710 2075 1757 2131 est

163 2157 360 2239 interpretari
372 2159 510 2234 dicatur3
525 2159 585 2220 hoc
596 2165 643 2221 est
656 2160 846 2221 siementem
857 2160 934 2239 ejas,
984 2155 1120 2233 habitus,
1136 2175 1194 2219 nec
1208 2176 1349 2237 unquam
1363 2160 1448 2221 hune
1462 2159 1591 2222 sinntrae
1612 2162 1758 2241 suspicio-

163 2268 200 2311 ac
223 2268 349 2312 sensum
372 2257 591 2329 exponerent
610 2251 680 2326 hoe,
703 2252 787 2331 quod
807 2251 937 2332 probare
985 2248 1034 2309 nis
1046 2266 1156 2309 rumor
1168 2252 1415 2330 aspersit:quem
1429 2257 1524 2314 tanta
1537 2253 1758 2314 scientiaeolim

163 2342 241 2421 vult,
250 2342 418 2404 affirmasse
431 2342 484 2404 iile
497 2343 649 2406 videatur.
666 2345 736 2405 Non
750 2344 835 2405 enim
849 2344 938 2406 aliter
985 2337 1080 2401 fiisse
1094 2342 1306 2419 meminimus,
1322 2343 1435 2422 inquit,
1449 2348 1484 2403 ut
1505 2345 1585 2404 inter
1596 2345 1757 2420 magistros
1826 2338 1832 2354 ⁰

164 2435 322 2508 usuvenit,
339 2436 458 2514 quoties
478 2453 550 2496 cunr
563 2435 714 2497 haereticis
736 2438 775 2498 de
794 2437 938 2512 dogmate
986 2429 1121 2508 optimos
1134 2433 1225 2493 etiam
1239 2452 1258 2494 a
1270 2433 1348 2494 meis
1372 2434 1610 2513 praecessoribus
1630 2435 1759 2498 habere·

164 2525 268 2606 aliquo
296 2527 522 2601 contendimus,
552 2528 636 2607 qnod
671 2527 830 2607 Scriptum
862 2533 937 2589 teste
985 2524 1078 2581 tur.»
1096 2523 1170 2596 Quae
1188 2530 1223 2584 ut
1244 2525 1404 2585 verissima
1424 2532 1507 2602 sunt,
1522 2532 1555 2587 et
1576 2531 1642 2587 tam
1659 2528 1758 2590 excel·

165 2636 340 2680 asseverare
363 2619 511 2695 nitimur,
542 2637 638 2698 quam
664 2625 719 2694 ut,
747 2619 813 2698 ejus
839 2620 938 2681 allatis
985 2610 1060 2673 lenti
1076 2613 1302 2693 doctoredigna
1315 2617 1479 2695 praeconia,
1494 2617 1538 2677 ita
1551 2636 1758 2699 noneospec-

165 2710 280 2786 verbis,
303 2729 340 2772 ea
367 2712 409 2772 sie
435 2711 635 2787 intelligenda
662 2729 726 2772 esse
750 2726 935 2791 pugnemus,
984 2706 1064 2782 tant,
1084 2711 1121 2765 nt
1144 2707 1351 2785 posteriorum
1387 2710 1527 2771 omniurn
1555 2711 1756 2773 concinorum

168 2803 327 2882 quomvo
358 2802 507 2864 catholiea
540 2803 633 2865 sentit
665 2802 819 2879 Ecclesia;
854 2803 938 2883 quod
985 2795 1139 2876 interpres
1166 2798 1275 2861 haberi
1302 2800 1422 2875 debeat,
1449 2820 1521 2862 eum
1548 2802 1614 2881 ejus
1640 2804 1754 2883 potius,

168 2893 272 2973 ipsum
286 2900 332 2956 est
346 2894 540 2976 interpretari
555 2894 756 2975 scripturam,
984 2892 1134 2968 tanquam
1159 2888 1293 2951 doctoris
1316 2897 1348 2952 et
1369 2893 1525 2971 magistri,
1554 2894 1666 2973 placita
1691 2913 1757 2956 non

206 2986 348 3067 idipsum
362 2985 810 3067 Arausicanatumsynodusin
820 2986 939 3064 Augus·
985 2980 1079 3041 modo
1103 2987 1250 3043 venerata
1278 2983 1327 3057 sit,
1358 2985 1412 3045 sed
1436 2985 1530 3047 etiam
1556 2986 1757 3065 interpretata

163 3078 232 3138 tino
246 3077 380 3138 instituit
392 3077 501 3151 facere,
517 3079 601 3158 quod
610 3079 746 3159 epistolae
760 3079 938 3159 scriptores
985 3072 1157 3151 posteritas,
1171 3078 1207 3134 nt
1219 3092 1237 3135 a
1247 3074 1349 3154 pravis
1362 3076 1513 3153 sensibus,
1521 3095 1599 3156 quos
1606 3079 1758 3140 sermonis

166 3169 275 3230 eadem
308 3169 361 3230 illa
399 3171 436 3231 P.
473 3170 630 3232 Sirmoudi
669 3171 937 3233 animadversione
985 3161 1097 3224 inillis
1119 3164 1288 3227 obscuritas
1301 3174 1433 3246 pareret,
1449 3168 1564 3230 veriori
1583 3169 1755 3232 hacinter·

166 3259 283 3321 discere
291 3265 422 3340 poterat.
431 3262 469 3322 In
477 3280 540 3340 qua
548 3262 704 3342 modum
713 3262 936 3342 Arehtensem,
984 3255 1155 3332 pretatione
1169 3262 1327 3336 pangeret·

166 3350 255 3429 cujus
276 3352 405 3413 Faustus
433 3353 570 3415 Reiensis
594 3355 755 3435 episcopus
782 3356 935 3432 meminit,
1025 3347 1119 3408 Panlo
1133 3349 1228 3409 otiam
1250 3349 1331 3410 istud
1345 3349 1499 3412 incautius
1518 3351 1658 3431 injectos
1672 3353 1755 3416 vide·

5 3476 141 3523 maana
167 3449 274 3504 contra
296 3444 644 3507 Praedestinatianorum
665 3447 811 3508 haeresim
825 3447 936 3509 eollec·
984 3442 1036 3498 tur
1049 3438 1176 3519 01³i⁸i⁰¹a
1188 3442 1226 3502 de
1238 3441 1411 3518 Memfim
1420 3443 1757 3522 ⁸5¹1⁰d⁰r11md¹1fflssm
1808 3478 1902 3523 ranas

5 3533 118 3576 usnemu
166 3534 335 3596 nmtuuse
348 3536 448 3598 docet.
465 3537 540 3611 oua
548 3537 674 3599 lraeresis
691 3556 759 3599 aex
771 3537 936 3614 Augustini
984 3532 1245 3594 oecumenicarum
1273 3534 1456 3596 auctoritate
1477 3536 1620 3615 probato,
1641 3539 1756 3617 quinta
1788 3532 1873 3630 pras·
1893 3536 1916 3574 θ’

5 3585 92 3629 barsan
104 3595 134 3630 ex
1815 3583 1926 3630 orentius.

5 3641 131 3735 mmm
166 3626 268 3687 verbis
301 3627 381 3688 male
418 3629 579 3690 intellectis
612 3629 739 3690 initium
771 3631 936 3710 sumpsisse
986 3623 1251 3705 Constantinopoli
1273 3626 1399 3702 hahitae,
1419 3632 1450 3689 et
1469 3628 1668 3691 Florentinis.
1689 3630 1755 3690 Prl·

5 3743 131 3799 sagmaria
166 3718 323 3797 ‹licitur3a
341 3721 425 3800 quod
436 3720 620 3783 idemeston
631 3720 707 3783 male
719 3721 932 3802 interpretata.
985 3731 1085 3792 mum,
1099 3717 1183 3796 quod
1200 3735 1265 3780 uon
1286 3719 1344 3780 uni
1364 3719 1394 3780 id
1409 3719 1581 3797 Augustino
1604 3721 1757 3782 tributum

5 3798 132 3895 mm„
164 3809 209 3871 Ac
221 3827 340 3887 revera,
349 3817 386 3873 ut
394 3811 752 3874 ihidemP.Sirmondus
764 3813 933 3892 adnotavit,
984 3809 1076 3869 estin
1089 3809 1198 3888 quinta
1211 3812 1342 3890 synodo,
1357 3811 1411 3871 sad
1428 3811 1498 3871 aliis
1519 3830 1642 3891 quoque
1657 3812 1754 3873 Patri-

35 3903 94 3949 sura
164 3900 513 3983 absurdaeilliopinioni
528 3925 540 3962 ι
555 3904 936 3984 nonnullisqnorumdam
984 3897 1054 3974 ins,
1082 3901 1270 3976 Athanasio,
1299 3901 1426 3974 Hilario,
1456 3903 1580 3979 Basilio,
1603 3904 1756 3980 Gregoriie

162 3991 317 4069 librorum
332 4012 459 4056 suorum
475 3997 635 4058 sententiis
646 3996 728 4058 uam
742 3998 937 4074 munire,aut
984 3990 1116 4065 duobus,
1147 3992 1318 4069 Theologo,
1344 3998 1376 4054 et
1399 3993 1556 4073 Nysseno,
1579 3996 1754 4074 Ambrosio,

163 4084 229 4146 vim
242 4087 366 4164 addere,
382 4093 505 4149 sanetus
519 4090 708 4164 Augustinus
727 4089 937 4168 quorumdam
984 4081 1172 4163 Theophilo,
1195 4084 1327 4164 Cyrillo,
1343 4085 1458 4147 Joanni
1481 4087 1757 4167 Constantinopoli·

163 4175 198 4236 in
225 4177 321 4239 Gallia
349 4179 577 4259 episcoporum,
604 4179 796 4260 aliorumque
820 4180 936 4259 iudicio
984 4179 1069 4247 tana,
1087 4176 1195 4253 Leoni,
1213 4176 1332 4238 Proclo.
1359 4177 1404 4238 ita
1421 4178 1598 4240 Gennadius
1620 4179 1653 4239 in
1675 4179 1755 4240 libro

162 4268 346 4346 videbatur3
362 4276 398 4331 ut
412 4270 451 4332 ab
462 4272 516 4332 illo
530 4279 702 4352 propterea,
717 4289 788 4332 eum
801 4271 835 4332 in
849 4277 937 4334 caete·
984 4263 1019 4326 de
1044 4264 1166 4347 Spiritu
1187 4277 1296 4346 morto,
1321 4267 1420 4349 eapite
1444 4269 1558 4348 primo.
1582 4270 1693 4351 Atque,
1720 4277 1757 4333 ut

164 4360 207 4422 ris
219 4362 348 4423 maximi
359 4362 505 4440 facerent,
520 4365 721 4426 vehementer
733 4364 792 4424 hac
801 4363 835 4424 in
848 4370 936 4444 perte
984 4358 1136 4438 peculiare
1142 4360 1290 4438 quiddam
1296 4361 1469 4438 Augustino
1479 4380 1659 4424 cancamum
1669 4364 1755 4427 vide·

163 4451 388 4515 dissiderent.»
416 4456 490 4517 Haee
516 4457 541 4516 si
566 4455 646 4517 hene
671 4456 756 4536 apud
785 4473 818 4517 se
842 4456 936 4518 abhas
983 4451 1100 4511 aturin
1113 4450 1308 4513 hachonoris
1318 4454 1582 4533 praerogativaan
1593 4461 1757 4535 propterea

164 4546 369 4624 expenderet,
403 4565 565 4627 nunqnam
596 4548 776 4610 Arausiaani
814 4549 936 4610 concidi
984 4541 1126 4604 onmium
1139 4543 1331 4622 synodorum
1343 4547 1756 4627 tontopostoo,deqnonon·

5 4701 19 4734 ο
40 4690 59 4733 Δ
94 4700 140 4733 aa·
166 4636 367 4717 interpretem
380 4637 495 4701 faceret
514 4640 740 4716 Augustinum;
755 4640 844 4719 cujus
859 4641 935 4702 adeo
983 4634 1060 4694 dum
1074 4636 1203 4711 cognitis
1216 4635 1279 4696 illis
1291 4637 1507 4698 controversiis
1514 4638 1691 4702 habitarum
1697 4640 1757 4702 erit

40 4701 93 4787 uit
165 4736 244 4790 esset
257 4730 403 4807 ambigua
416 4731 568 4792 librorum
581 4733 745 4805 sententia,
761 4738 797 4792 ut
809 4732 849 4793 ab
863 4750 935 4793 eru·
983 4725 1156 4806 interpres?
1168 4730 1233 4804 Age
1246 4745 1340 4806 porro
1355 4774 1364 4804 ,
1379 4746 1451 4789 oum
1464 4729 1573 4791 eadem
1586 4731 1640 4791 illa
1651 4731 1754 4793 eonci-

8 4795 118 4905 ᾟζ·
165 4820 933 4904 ditissimis,acsanctissimisGaiiiarumepiscopis,
983 4816 1038 4894 lias
1051 4836 1121 4896 (1¹¹ae
1146 4818 1185 4879 ‘¹0
1198 4818 1372 4896 Auium
1392 4825 1458 4881 iam
1475 4822 1645 4883 h⁰¹¹⁰fffi⁰³
1658 4829 1756 4885 mm·
1792 4848 1913 4905 samson

5 4900 143 4947 'ww‘
166 4911 200 4972 in
213 4913 419 4994 suspicionem
436 4915 640 4976 adduceretur
653 4914 765 4977 erroris
787 4914 885 4995 impii,
901 4933 937 4976 ae
984 4914 1051 4983 unt,
1087 4910 1120 4969 in
1152 4911 1298 4972 Omnibus
1329 4911 1418 4973 illum
1453 4930 1517 4974 8⁸⁸⁶
1547 4915 1750 4993 sequendum,
1778 4904 1814 5012 ,⁰
1844 4909 1903 4947 Μ’

166 5004 294 5081 nefarii;
310 5023 405 5087 mam
427 5007 565 5085 quidem,
578 5025 636 5069 nee
654 5007 715 5068 alio
734 5024 807 5067 sane
829 5007 935 5085 modo,
983 5002 1259 5082 praecipiensque
1280 5003 1318 5064 de
1340 5003 1401 5065 tide
1421 5012 1528 5065 contm
1549 5005 1755 5069 haresesdis·
1800 4955 1927 5065 animi*

166 5113 261 5176 quarn
287 5097 531 5177 interpretando,
557 5098 667 5179 procul
694 5096 733 5157 ab
763 5098 935 5175 Augustino
983 5094 1113 5172 putavit,
1128 5095 1259 5174 quinam
1273 5095 1428 5157 hoedoct.
1451 5096 1546 5157 abbas
1567 5098 1650 5160 tueri
1671 5105 1754 5180 pota-

164 5187 284 5268 depulit
304 5189 494 5251 Maudeana
516 5189 672 5271 synodus3
694 5194 788 5268 atque
809 5189 852 5250 ita
870 5207 935 5250 non
982 5183 1043 5245 rit?
1067 5186 1138 5246 Non
1163 5187 1249 5248 enim
1272 5205 1381 5268 pauca,
1405 5206 1507 5267 neque
1528 5191 1755 5253 contemnenda

164 5280 366 5361 interpretem
402 5282 597 5345 decretorum
631 5299 761 5343 suorum
793 5279 936 5342 adhibuit
983 5282 1055 5339 sunt
1077 5278 1242 5353 Augustini
1262 5278 1419 5357 dogmata,
1444 5299 1515 5360 quae
1537 5281 1587 5343 vel
1611 5282 1753 5344 Ecclesiae

162 5372 383 5450 Augustinum‚
397 5374 451 5437 sed
466 5394 523 5454 pro
544 5374 639 5453 hujus
652 5374 706 5435 ilia
723 5372 825 5453 potius
838 5372 933 5434 intar-
984 5370 1148 5444 universae,
1166 5371 1215 5431 vel
1233 5371 1449 5449 theologorum
1463 5378 1518 5434 aut
1530 5375 1684 5450 omnium,
1699 5381 1754 5437 aut

163 5464 412 5542 pretesegcssit.
982 5463 1164 5538 maltorum,
1180 5461 1754 5548 neeintimisubsellii,judiciorepro·

204 5553 287 5622 Quid
300 5555 384 5634 quod
394 5555 428 5617 in
440 5550 705 5637 pretatione'ipsa,
715 5554 826 5636 synodi
833 5555 932 5617 Arata
983 5556 1109 5617 bantur.
1126 5553 1175 5617 stt
1185 5553 1264 5616 illud
1284 5556 1419 5636 exempli
1432 5575 1533 5635 eausa,
1549 5560 1635 5639 quod
1647 5559 1755 5623 midos

6 4965 59 5000 Mil
69 4962 115 5000 m·
