<?xml version="1.0" encoding="UTF-8"?>
<!DOCTYPE html PUBLIC "-//W3C//DTD XHTML 1.0 Transitional//EN"
    "http://www.w3.org/TR/xhtml1/DTD/xhtml1-transitional.dtd">
<html xmlns="http://www.w3.org/1999/xhtml" xml:lang="en" lang="en">
 <head>
  <title>
</title>
<meta http-equiv="Content-Type" content="text/html;charset=utf-8" />
  <meta name='ocr-system' content='tesseract 3.04.00' />
  <meta name='ocr-capabilities' content='ocr_page ocr_carea ocr_par ocr_line ocrx_word'/>
</head>
<body>
  <div class='ocr_page' id='page_1' title='image "./dogmatatheologi00goog_0649.png"; bbox 0 0 4004 6168; ppageno 0'>
   <div class='ocr_carea' id='block_1_1' title="bbox 341 377 1490 445">
    <p class='ocr_par' dir='ltr' id='par_1_1' title="bbox 341 377 1490 445">
     <span class='ocr_line' id='line_1_1' title="bbox 341 377 1490 445; baseline 0 -4"><span class='ocrx_word' id='word_1_1' title='bbox 341 377 402 441; x_wconf 64' lang='grc'><strong>001</strong></span> <span class='ocrx_word' id='word_1_2' title='bbox 773 382 821 443; x_wconf 85' lang='lat' dir='ltr'><strong>DE</strong></span> <span class='ocrx_word' id='word_1_3' title='bbox 842 382 976 445; x_wconf 83' lang='lat' dir='ltr'><strong>PELAG.</strong></span> <span class='ocrx_word' id='word_1_4' title='bbox 990 382 1049 444; x_wconf 75' lang='lat' dir='ltr'><strong>ffl&#39;</strong></span> <span class='ocrx_word' id='word_1_5' title='bbox 1069 378 1303 445; x_wconf 73' lang='lat' dir='ltr'><strong>semirutae.</strong></span> <span class='ocrx_word' id='word_1_6' title='bbox 1325 380 1490 445; x_wconf 81' lang='lat' dir='ltr'>HAERESI</span> 
     </span>
    </p>
   </div>
   <div class='ocr_carea' id='block_1_2' title="bbox 342 542 1911 721">
    <p class='ocr_par' dir='ltr' id='par_1_2' title="bbox 342 542 1911 721">
     <span class='ocr_line' id='line_1_2' title="bbox 342 542 1911 629; baseline 0.005 -27"><span class='ocrx_word' id='word_1_7' title='bbox 342 542 387 602; x_wconf 84' lang='lat' dir='ltr'><strong>Ex</strong></span> <span class='ocrx_word' id='word_1_8' title='bbox 418 560 483 623; x_wconf 87' lang='lat' dir='ltr'><strong>quo</strong></span> <span class='ocrx_word' id='word_1_9' title='bbox 515 544 695 624; x_wconf 76' lang='lat' dir='ltr'><strong>synodalem</strong></span> <span class='ocrx_word' id='word_1_10' title='bbox 726 546 914 627; x_wconf 85' lang='lat' dir='ltr'><strong>seripserunt</strong></span> <span class='ocrx_word' id='word_1_11' title='bbox 946 547 1107 629; x_wconf 84' lang='lat' dir='ltr'><strong>epistolam</strong></span> <span class='ocrx_word' id='word_1_12' title='bbox 1161 546 1367 628; x_wconf 87' lang='lat' dir='ltr'><strong>phrenetieus,</strong></span> <span class='ocrx_word' id='word_1_13' title='bbox 1382 553 1420 609; x_wconf 88' lang='lat' dir='ltr'><strong>ut</strong></span> <span class='ocrx_word' id='word_1_14' title='bbox 1430 546 1646 629; x_wconf 83' lang='lat' dir='ltr'><strong>requiesceret,</strong></span> <span class='ocrx_word' id='word_1_15' title='bbox 1655 547 1911 626; x_wconf 69' lang='lat' dir='ltr'><strong>nomentanae</strong></span> 
     </span>
     <span class='ocr_line' id='line_1_3' title="bbox 343 633 1911 721; baseline 0.005 -27"><span class='ocrx_word' id='word_1_16' title='bbox 343 633 612 715; x_wconf 59' lang='lat' dir='ltr'><strong>appropiquans</strong></span> <span class='ocrx_word' id='word_1_17' title='bbox 632 655 669 698; x_wconf 85' lang='lat' dir='ltr'><strong>aa</strong></span> <span class='ocrx_word' id='word_1_18' title='bbox 688 656 861 701; x_wconf 87' lang='lat' dir='ltr'><strong>convenere</strong></span> <span class='ocrx_word' id='word_1_19' title='bbox 880 655 970 717; x_wconf 82' lang='lat' dir='ltr'><strong>rxvrr,</strong></span> <span class='ocrx_word' id='word_1_20' title='bbox 993 640 1028 701; x_wconf 92' lang='lat' dir='ltr'><strong>in</strong></span> <span class='ocrx_word' id='word_1_21' title='bbox 1046 656 1109 721; x_wconf 86' lang='lat' dir='ltr'><strong>qua</strong></span> <span class='ocrx_word' id='word_1_22' title='bbox 1156 638 1250 713; x_wconf 88' lang='lat' dir='ltr'><strong>fotus,</strong></span> <span class='ocrx_word' id='word_1_23' title='bbox 1273 657 1292 700; x_wconf 90' lang='lat' dir='ltr'><strong>a</strong></span> <span class='ocrx_word' id='word_1_24' title='bbox 1317 640 1449 703; x_wconf 84' lang='lat' dir='ltr'><strong>vinculis</strong></span> <span class='ocrx_word' id='word_1_25' title='bbox 1470 644 1576 702; x_wconf 87' lang='lat' dir='ltr'><strong>tamen</strong></span> <span class='ocrx_word' id='word_1_26' title='bbox 1599 639 1911 702; x_wconf 76' lang='lat' dir='ltr'><strong>anommumationn</strong></span> 
     </span>
    </p>
   </div>
   <div class='ocr_carea' id='block_1_3' title="bbox 255 726 1913 5320">
    <p class='ocr_par' dir='ltr' id='par_1_3' title="bbox 255 726 1913 5320">
     <span class='ocr_line' id='line_1_4' title="bbox 344 726 1911 806; baseline 0.004 -20"><span class='ocrx_word' id='word_1_27' title='bbox 344 726 478 789; x_wconf 86' lang='lat' dir='ltr'><strong>Caelestii</strong></span> <span class='ocrx_word' id='word_1_28' title='bbox 492 728 703 791; x_wconf 86' lang='lat' dir='ltr'><strong>meminerunt</strong></span> <span class='ocrx_word' id='word_1_29' title='bbox 711 734 783 793; x_wconf 88' lang='lat' dir='ltr'><strong>anta</strong></span> <span class='ocrx_word' id='word_1_30' title='bbox 806 749 934 793; x_wconf 76' lang='lat' dir='ltr'><strong>annosa</strong></span> <span class='ocrx_word' id='word_1_31' title='bbox 954 732 989 793; x_wconf 91' lang='lat' dir='ltr'><strong>in</strong></span> <span class='ocrx_word' id='word_1_32' title='bbox 999 732 1108 794; x_wconf 88' lang='lat' dir='ltr'><strong>eadem</strong></span> <span class='ocrx_word' id='word_1_33' title='bbox 1157 731 1301 795; x_wconf 90' lang='lat' dir='ltr'><strong>nondum</strong></span> <span class='ocrx_word' id='word_1_34' title='bbox 1326 736 1373 795; x_wconf 88' lang='lat' dir='ltr'><strong>ast</strong></span> <span class='ocrx_word' id='word_1_35' title='bbox 1392 731 1526 795; x_wconf 84' lang='lat' dir='ltr'><strong>eraditus</strong></span> <span class='ocrx_word' id='word_1_36' title='bbox 1546 749 1612 793; x_wconf 88' lang='lat' dir='ltr'><strong>esse</strong></span> <span class='ocrx_word' id='word_1_37' title='bbox 1629 731 1812 806; x_wconf 69' lang='lat' dir='ltr'><strong>salrendrur</strong></span> <span class='ocrx_word' id='word_1_38' title='bbox 1834 733 1911 793; x_wconf 86' lang='lat' dir='ltr'><strong>ssed</strong></span> 
     </span>
     <span class='ocr_line' id='line_1_5' title="bbox 340 818 1913 905; baseline 0.004 -26"><span class='ocrx_word' id='word_1_39' title='bbox 340 818 418 880; x_wconf 89' lang='lat' dir='ltr'><strong>urbe</strong></span> <span class='ocrx_word' id='word_1_40' title='bbox 451 819 608 897; x_wconf 85' lang='lat' dir='ltr'><strong>damnati,</strong></span> <span class='ocrx_word' id='word_1_41' title='bbox 643 826 674 883; x_wconf 92' lang='lat' dir='ltr'><strong>et</strong></span> <span class='ocrx_word' id='word_1_42' title='bbox 706 823 828 885; x_wconf 74' lang='lat' dir='ltr'><strong>oonedii</strong></span> <span class='ocrx_word' id='word_1_43' title='bbox 864 824 1067 905; x_wconf 87' lang='lat' dir='ltr'><strong>Diospolitsni</strong></span> <span class='ocrx_word' id='word_1_44' title='bbox 1096 843 1105 900; x_wconf 87' lang='lat'>;</span> <span class='ocrx_word' id='word_1_45' title='bbox 1157 824 1293 885; x_wconf 88' lang='lat' dir='ltr'><strong>duorum</strong></span> <span class='ocrx_word' id='word_1_46' title='bbox 1301 824 1458 887; x_wconf 78' lang='lat' dir='ltr'>mensium</span> <span class='ocrx_word' id='word_1_47' title='bbox 1471 824 1515 885; x_wconf 92' lang='lat' dir='ltr'><strong>illi</strong></span> <span class='ocrx_word' id='word_1_48' title='bbox 1534 824 1669 904; x_wconf 88' lang='lat' dir='ltr'><strong>spatium</strong></span> <span class='ocrx_word' id='word_1_49' title='bbox 1684 824 1732 884; x_wconf 83' lang='lat' dir='ltr'><strong>ud</strong></span> <span class='ocrx_word' id='word_1_50' title='bbox 1745 824 1913 903; x_wconf 79' lang='lat' dir='ltr'><strong>resipiscen-</strong></span> 
     </span>
     <span class='ocr_line' id='line_1_6' title="bbox 327 912 1912 994; baseline 0.003 -24"><span class='ocrx_word' id='word_1_51' title='bbox 327 915 522 990; x_wconf 67' lang='lat' dir='ltr'><strong>,rogantque</strong></span> <span class='ocrx_word' id='word_1_52' title='bbox 552 912 599 973; x_wconf 89' lang='lat' dir='ltr'><strong>uti</strong></span> <span class='ocrx_word' id='word_1_53' title='bbox 623 913 766 977; x_wconf 69' lang='lat' dir='ltr'><strong>herenas</strong></span> <span class='ocrx_word' id='word_1_54' title='bbox 792 915 919 977; x_wconf 88' lang='lat' dir='ltr'><strong>illorum</strong></span> <span class='ocrx_word' id='word_1_55' title='bbox 950 916 1105 994; x_wconf 83' lang='lat' dir='ltr'><strong>dogmate,</strong></span> <span class='ocrx_word' id='word_1_56' title='bbox 1157 913 1234 973; x_wconf 89' lang='lat' dir='ltr'><strong>dum</strong></span> <span class='ocrx_word' id='word_1_57' title='bbox 1246 913 1355 975; x_wconf 87' lang='lat' dir='ltr'><strong>datum</strong></span> <span class='ocrx_word' id='word_1_58' title='bbox 1369 918 1425 990; x_wconf 90' lang='lat' dir='ltr'><strong>est,</strong></span> <span class='ocrx_word' id='word_1_59' title='bbox 1441 912 1540 975; x_wconf 88' lang='lat' dir='ltr'><strong>danea</strong></span> <span class='ocrx_word' id='word_1_60' title='bbox 1559 912 1912 994; x_wconf 78' lang='lat' dir='ltr'><strong>abAbiasuiscpiseopis</strong></span> 
     </span>
     <span class='ocr_line' id='line_1_7' title="bbox 339 1000 1386 1083; baseline 0.008 -22"><span class='ocrx_word' id='word_1_61' title='bbox 339 1000 540 1066; x_wconf 76' lang='lat' dir='ltr'><strong>dveaorrecti</strong></span> <span class='ocrx_word' id='word_1_62' title='bbox 557 1004 650 1067; x_wconf 86' lang='lat' dir='ltr'><strong>ambo</strong></span> <span class='ocrx_word' id='word_1_63' title='bbox 664 1006 736 1083; x_wconf 90' lang='lat' dir='ltr'><strong>sint,</strong></span> <span class='ocrx_word' id='word_1_64' title='bbox 756 1007 819 1068; x_wconf 82' lang='lat' dir='ltr'><strong>sire</strong></span> <span class='ocrx_word' id='word_1_65' title='bbox 832 1026 897 1069; x_wconf 88' lang='lat' dir='ltr'><strong>non</strong></span> <span class='ocrx_word' id='word_1_66' title='bbox 910 1007 983 1080; x_wconf 89' lang='lat' dir='ltr'><strong>sint,</strong></span> <span class='ocrx_word' id='word_1_67' title='bbox 1000 1015 1105 1069; x_wconf 90' lang='lat' dir='ltr'><strong>aucto·</strong></span> <span class='ocrx_word' id='word_1_68' title='bbox 1155 1005 1386 1069; x_wconf 68' lang='lat' dir='ltr'><strong>rescriberetur.</strong></span> 
     </span>
     <span class='ocr_line' id='line_1_8' title="bbox 338 1093 1910 1185; baseline 0.003 -30"><span class='ocrx_word' id='word_1_69' title='bbox 338 1093 428 1155; x_wconf 88' lang='lat' dir='ltr'><strong>ritate</strong></span> <span class='ocrx_word' id='word_1_70' title='bbox 452 1113 508 1157; x_wconf 91' lang='lat' dir='ltr'><strong>sua</strong></span> <span class='ocrx_word' id='word_1_71' title='bbox 525 1098 720 1159; x_wconf 89' lang='lat' dir='ltr'><strong>condemnet.</strong></span> <span class='ocrx_word' id='word_1_72' title='bbox 751 1099 832 1173; x_wconf 86' lang='lat' dir='ltr'><strong>Quin</strong></span> <span class='ocrx_word' id='word_1_73' title='bbox 859 1104 891 1161; x_wconf 91' lang='lat' dir='ltr'><strong>et</strong></span> <span class='ocrx_word' id='word_1_74' title='bbox 925 1100 1106 1162; x_wconf 84' lang='lat' dir='ltr'><strong>Coelestium</strong></span> <span class='ocrx_word' id='word_1_75' title='bbox 1174 1098 1280 1160; x_wconf 81' lang='lat' dir='ltr'><strong>XIV.</strong></span> <span class='ocrx_word' id='word_1_76' title='bbox 1305 1097 1422 1159; x_wconf 87' lang='lat' dir='ltr'><strong>Eodem</strong></span> <span class='ocrx_word' id='word_1_77' title='bbox 1445 1102 1584 1177; x_wconf 89' lang='lat' dir='ltr'><strong>tempore</strong></span> <span class='ocrx_word' id='word_1_78' title='bbox 1606 1096 1695 1185; x_wconf 81' lang='lat' dir='ltr'><strong>lectra</strong></span> <span class='ocrx_word' id='word_1_79' title='bbox 1719 1101 1793 1158; x_wconf 89' lang='lat' dir='ltr'><strong>sunt</strong></span> <span class='ocrx_word' id='word_1_80' title='bbox 1815 1097 1910 1159; x_wconf 76' lang='lat' dir='ltr'><strong>boma</strong></span> 
     </span>
     <span class='ocr_line' id='line_1_9' title="bbox 336 1186 1911 1271; baseline 0.001 -24"><span class='ocrx_word' id='word_1_81' title='bbox 336 1186 440 1267; x_wconf 75' lang='lat' dir='ltr'><strong>Ipsum</strong></span> <span class='ocrx_word' id='word_1_82' title='bbox 455 1189 495 1251; x_wconf 91' lang='lat' dir='ltr'><strong>sd</strong></span> <span class='ocrx_word' id='word_1_83' title='bbox 512 1190 742 1271; x_wconf 73' lang='lat' dir='ltr'><strong>presbyterium</strong></span> <span class='ocrx_word' id='word_1_84' title='bbox 760 1192 819 1252; x_wconf 87' lang='lat' dir='ltr'><strong>diei</strong></span> <span class='ocrx_word' id='word_1_85' title='bbox 838 1193 1012 1271; x_wconf 82' lang='lat' dir='ltr'><strong>pervenisse</strong></span> <span class='ocrx_word' id='word_1_86' title='bbox 1027 1192 1105 1253; x_wconf 84' lang='lat' dir='ltr'><strong>refe·</strong></span> <span class='ocrx_word' id='word_1_87' title='bbox 1157 1189 1273 1269; x_wconf 75' lang='lat' dir='ltr'><strong>Pelagii</strong></span> <span class='ocrx_word' id='word_1_88' title='bbox 1290 1187 1427 1265; x_wconf 51' lang='lat' dir='ltr'><strong>fideret</strong></span> <span class='ocrx_word' id='word_1_89' title='bbox 1447 1207 1520 1251; x_wconf 87' lang='lat' dir='ltr'><strong>cum</strong></span> <span class='ocrx_word' id='word_1_90' title='bbox 1533 1189 1606 1252; x_wconf 84' lang='lat' dir='ltr'><strong>fidei</strong></span> <span class='ocrx_word' id='word_1_91' title='bbox 1614 1189 1813 1270; x_wconf 82' lang='lat' dir='ltr'><strong>professione,</strong></span> <span class='ocrx_word' id='word_1_92' title='bbox 1827 1206 1911 1268; x_wconf 83' lang='lat' dir='ltr'><strong>quom</strong></span> 
     </span>
     <span class='ocr_line' id='line_1_10' title="bbox 336 1280 1911 1362; baseline 0.001 -23"><span class='ocrx_word' id='word_1_93' title='bbox 336 1284 421 1355; x_wconf 88' lang='lat' dir='ltr'><strong>runt,</strong></span> <span class='ocrx_word' id='word_1_94' title='bbox 450 1282 534 1359; x_wconf 88' lang='lat' dir='ltr'><strong>quod</strong></span> <span class='ocrx_word' id='word_1_95' title='bbox 557 1282 591 1343; x_wconf 93' lang='lat' dir='ltr'><strong>in</strong></span> <span class='ocrx_word' id='word_1_96' title='bbox 612 1282 686 1343; x_wconf 82' lang='lat' dir='ltr'><strong>Asia</strong></span> <span class='ocrx_word' id='word_1_97' title='bbox 699 1283 814 1347; x_wconf 71' lang='lat' dir='ltr'><strong>buum</strong></span> <span class='ocrx_word' id='word_1_98' title='bbox 838 1302 903 1346; x_wconf 86' lang='lat' dir='ltr'><strong>esse</strong></span> <span class='ocrx_word' id='word_1_99' title='bbox 926 1285 1105 1347; x_wconf 88' lang='lat' dir='ltr'><strong>Milevitana</strong></span> <span class='ocrx_word' id='word_1_100' title='bbox 1154 1282 1274 1355; x_wconf 86' lang='lat' dir='ltr'><strong>callide,</strong></span> <span class='ocrx_word' id='word_1_101' title='bbox 1289 1281 1565 1362; x_wconf 80' lang='lat' dir='ltr'><strong>fraudulenterque</strong></span> <span class='ocrx_word' id='word_1_102' title='bbox 1578 1280 1911 1361; x_wconf 62' lang='lat' dir='ltr'><strong>conreptemadluna·</strong></span> 
     </span>
     <span class='ocr_line' id='line_1_11' title="bbox 336 1372 1911 1453; baseline 0.001 -22"><span class='ocrx_word' id='word_1_103' title='bbox 336 1372 484 1450; x_wconf 81' lang='lat' dir='ltr'><strong>synodice</strong></span> <span class='ocrx_word' id='word_1_104' title='bbox 503 1379 609 1436; x_wconf 82' lang='lat' dir='ltr'><strong>ramat</strong></span> <span class='ocrx_word' id='word_1_105' title='bbox 620 1372 643 1436; x_wconf 52' lang='grc' dir='ltr'>ἰ</span> <span class='ocrx_word' id='word_1_106' title='bbox 660 1375 737 1441; x_wconf 78' lang='lat' dir='ltr'><strong>Quas</strong></span> <span class='ocrx_word' id='word_1_107' title='bbox 757 1376 882 1452; x_wconf 87' lang='lat' dir='ltr'><strong>quidem</strong></span> <span class='ocrx_word' id='word_1_108' title='bbox 900 1394 983 1438; x_wconf 90' lang='lat' dir='ltr'><strong>anno</strong></span> <span class='ocrx_word' id='word_1_109' title='bbox 996 1376 1105 1439; x_wconf 88' lang='lat' dir='ltr'><strong>eodem</strong></span> <span class='ocrx_word' id='word_1_110' title='bbox 1153 1374 1302 1444; x_wconf 88' lang='lat' dir='ltr'><strong>centium,</strong></span> <span class='ocrx_word' id='word_1_111' title='bbox 1316 1380 1351 1434; x_wconf 92' lang='lat' dir='ltr'><strong>ut</strong></span> <span class='ocrx_word' id='word_1_112' title='bbox 1362 1373 1479 1453; x_wconf 87' lang='lat' dir='ltr'><strong>saripsi,</strong></span> <span class='ocrx_word' id='word_1_113' title='bbox 1490 1374 1626 1447; x_wconf 89' lang='lat' dir='ltr'><strong>miserat,</strong></span> <span class='ocrx_word' id='word_1_114' title='bbox 1641 1391 1706 1435; x_wconf 88' lang='lat' dir='ltr'><strong>una</strong></span> <span class='ocrx_word' id='word_1_115' title='bbox 1719 1389 1791 1435; x_wconf 90' lang='lat' dir='ltr'><strong>cum</strong></span> <span class='ocrx_word' id='word_1_116' title='bbox 1805 1372 1911 1453; x_wconf 78' lang='lat' dir='ltr'><strong>Praylii</strong></span> 
     </span>
     <span class='ocr_line' id='line_1_12' title="bbox 336 1462 1910 1548; baseline 0.001 -25"><span class='ocrx_word' id='word_1_117' title='bbox 336 1462 408 1524; x_wconf 88' lang='lat' dir='ltr'><strong>data</strong></span> <span class='ocrx_word' id='word_1_118' title='bbox 421 1471 476 1540; x_wconf 86' lang='lat' dir='ltr'><strong>est,</strong></span> <span class='ocrx_word' id='word_1_119' title='bbox 492 1483 531 1527; x_wconf 85' lang='lat' dir='ltr'><strong>er</strong></span> <span class='ocrx_word' id='word_1_120' title='bbox 544 1466 674 1528; x_wconf 78' lang='lat' dir='ltr'><strong>ranulis</strong></span> <span class='ocrx_word' id='word_1_121' title='bbox 691 1466 796 1531; x_wconf 82' lang='lat' dir='ltr'><strong>Milesi</strong></span> <span class='ocrx_word' id='word_1_122' title='bbox 813 1468 920 1530; x_wconf 88' lang='lat' dir='ltr'><strong>habito</strong></span> <span class='ocrx_word' id='word_1_123' title='bbox 936 1470 1103 1548; x_wconf 77' lang='lat' dir='ltr'><strong>provinciae</strong></span> <span class='ocrx_word' id='word_1_124' title='bbox 1155 1465 1427 1546; x_wconf 79' lang='lat' dir='ltr'><strong>Hierosolymitani</strong></span> <span class='ocrx_word' id='word_1_125' title='bbox 1440 1466 1713 1532; x_wconf 87' lang='lat' dir='ltr'><strong>commendatitiis,</strong></span> <span class='ocrx_word' id='word_1_126' title='bbox 1732 1463 1797 1545; x_wconf 83' lang='lat' dir='ltr'><strong>(qui</strong></span> <span class='ocrx_word' id='word_1_127' title='bbox 1809 1464 1910 1525; x_wconf 86' lang='lat' dir='ltr'><strong>loanni</strong></span> 
     </span>
     <span class='ocr_line' id='line_1_13' title="bbox 336 1553 1910 1638; baseline 0.002 -24"><span class='ocrx_word' id='word_1_128' title='bbox 336 1553 862 1637; x_wconf 80' lang='lat' dir='ltr'><strong>Numidie,cuiSilvanuspraeluit;</strong></span> <span class='ocrx_word' id='word_1_129' title='bbox 875 1559 1104 1636; x_wconf 84' lang='lat' dir='ltr'><strong>etAuguslinus</strong></span> <span class='ocrx_word' id='word_1_130' title='bbox 1152 1558 1360 1638; x_wconf 65' lang='lat' dir='ltr'><strong>arneomai)</strong></span> <span class='ocrx_word' id='word_1_131' title='bbox 1390 1559 1438 1619; x_wconf 90' lang='lat' dir='ltr'><strong>lta</strong></span> <span class='ocrx_word' id='word_1_132' title='bbox 1465 1557 1613 1634; x_wconf 80' lang='lat' dir='ltr'><strong>ealestii,</strong></span> <span class='ocrx_word' id='word_1_133' title='bbox 1641 1575 1677 1619; x_wconf 88' lang='lat' dir='ltr'><strong>ee</strong></span> <span class='ocrx_word' id='word_1_134' title='bbox 1704 1557 1821 1635; x_wconf 83' lang='lat' dir='ltr'><strong>Pelag&#39;i</strong></span> <span class='ocrx_word' id='word_1_135' title='bbox 1850 1557 1910 1617; x_wconf 84' lang='lat' dir='ltr'><strong>fieta</strong></span> 
     </span>
     <span class='ocr_line' id='line_1_14' title="bbox 335 1644 1909 1728; baseline 0.003 -23"><span class='ocrx_word' id='word_1_136' title='bbox 335 1644 417 1706; x_wconf 90' lang='lat' dir='ltr'><strong>inter</strong></span> <span class='ocrx_word' id='word_1_137' title='bbox 429 1645 505 1707; x_wconf 87' lang='lat' dir='ltr'><strong>alios</strong></span> <span class='ocrx_word' id='word_1_138' title='bbox 518 1646 625 1722; x_wconf 83' lang='lat' dir='ltr'><strong>adfuit,</strong></span> <span class='ocrx_word' id='word_1_139' title='bbox 641 1652 672 1709; x_wconf 91' lang='lat' dir='ltr'><strong>et</strong></span> <span class='ocrx_word' id='word_1_140' title='bbox 681 1648 715 1709; x_wconf 90' lang='lat' dir='ltr'><strong>in</strong></span> <span class='ocrx_word' id='word_1_141' title='bbox 730 1653 830 1711; x_wconf 87' lang='lat' dir='ltr'><strong>totum</strong></span> <span class='ocrx_word' id='word_1_142' title='bbox 843 1667 890 1711; x_wconf 75' lang='grc' dir='ltr'><strong>ιιι</strong></span> <span class='ocrx_word' id='word_1_143' title='bbox 902 1649 1048 1728; x_wconf 86' lang='lat' dir='ltr'><strong>episcopi.</strong></span> <span class='ocrx_word' id='word_1_144' title='bbox 1065 1652 1103 1712; x_wconf 89' lang='lat' dir='ltr'><strong>In</strong></span> <span class='ocrx_word' id='word_1_145' title='bbox 1155 1649 1306 1711; x_wconf 65' lang='lat' dir='ltr'><strong>ooubssio</strong></span> <span class='ocrx_word' id='word_1_146' title='bbox 1320 1650 1479 1713; x_wconf 88' lang='lat' dir='ltr'><strong>Zosimum</strong></span> <span class='ocrx_word' id='word_1_147' title='bbox 1491 1650 1568 1712; x_wconf 89' lang='lat' dir='ltr'><strong>adeo</strong></span> <span class='ocrx_word' id='word_1_148' title='bbox 1581 1650 1748 1728; x_wconf 67' lang='lat' dir='ltr'><strong>deripitur</strong></span> <span class='ocrx_word' id='word_1_149' title='bbox 1761 1648 1909 1711; x_wconf 73' lang='lat' dir='ltr'><strong>adibim-</strong></span> 
     </span>
     <span class='ocr_line' id='line_1_15' title="bbox 334 1736 1907 1823; baseline 0.003 -26"><span class='ocrx_word' id='word_1_150' title='bbox 334 1736 429 1815; x_wconf 86' lang='lat' dir='ltr'><strong>hujus</strong></span> <span class='ocrx_word' id='word_1_151' title='bbox 442 1738 592 1817; x_wconf 88' lang='lat' dir='ltr'><strong>syuodiaa</strong></span> <span class='ocrx_word' id='word_1_152' title='bbox 610 1738 749 1801; x_wconf 85' lang='lat' dir='ltr'><strong>scribunt</strong></span> <span class='ocrx_word' id='word_1_153' title='bbox 764 1741 880 1815; x_wconf 86' lang='lat' dir='ltr'><strong>Patres,</strong></span> <span class='ocrx_word' id='word_1_154' title='bbox 895 1758 928 1802; x_wconf 91' lang='lat' dir='ltr'><strong>se</strong></span> <span class='ocrx_word' id='word_1_155' title='bbox 942 1742 1102 1823; x_wconf 84' lang='lat' dir='ltr'><strong>Carthagi·</strong></span> <span class='ocrx_word' id='word_1_156' title='bbox 1153 1758 1210 1805; x_wconf 86' lang='lat' dir='ltr'><strong>uas</strong></span> <span class='ocrx_word' id='word_1_157' title='bbox 1222 1742 1398 1813; x_wconf 78' lang='lat' dir='ltr'><strong>acerrimae,</strong></span> <span class='ocrx_word' id='word_1_158' title='bbox 1413 1749 1446 1803; x_wconf 89' lang='lat' dir='ltr'><strong>et</strong></span> <span class='ocrx_word' id='word_1_159' title='bbox 1458 1741 1811 1822; x_wconf 80' lang='lat' dir='ltr'><strong>increpatoriaslitteras</strong></span> <span class='ocrx_word' id='word_1_160' title='bbox 1822 1739 1907 1815; x_wconf 78' lang='lat' dir='ltr'><strong>derat,</strong></span> 
     </span>
     <span class='ocr_line' id='line_1_16' title="bbox 334 1829 1909 1913; baseline 0.003 -23"><span class='ocrx_word' id='word_1_161' title='bbox 334 1829 439 1891; x_wconf 86' lang='lat' dir='ltr'><strong>nensis</strong></span> <span class='ocrx_word' id='word_1_162' title='bbox 465 1830 633 1909; x_wconf 78' lang='lat' dir='ltr'><strong>provincie</strong></span> <span class='ocrx_word' id='word_1_163' title='bbox 652 1830 825 1893; x_wconf 80' lang='lat' dir='ltr'><strong>imitatione</strong></span> <span class='ocrx_word' id='word_1_164' title='bbox 852 1833 1051 1908; x_wconf 76' lang='lat' dir='ltr'><strong>convenisse3</strong></span> <span class='ocrx_word' id='word_1_165' title='bbox 1073 1840 1104 1896; x_wconf 86' lang='lat' dir='ltr'><strong>et</strong></span> <span class='ocrx_word' id='word_1_166' title='bbox 1153 1832 1266 1911; x_wconf 87' lang='lat' dir='ltr'><strong>quibus</strong></span> <span class='ocrx_word' id='word_1_167' title='bbox 1279 1833 1548 1913; x_wconf 85' lang='lat' dir='ltr'><strong>utrumqueralde</strong></span> <span class='ocrx_word' id='word_1_168' title='bbox 1561 1834 1909 1902; x_wconf 57' lang='lat' dir='ltr'><strong>commendamentum</strong></span> 
     </span>
     <span class='ocr_line' id='line_1_17' title="bbox 334 1920 1909 2001; baseline 0.001 -18"><span class='ocrx_word' id='word_1_169' title='bbox 334 1921 443 1983; x_wconf 87' lang='lat' dir='ltr'><strong>eadem</strong></span> <span class='ocrx_word' id='word_1_170' title='bbox 456 1920 520 1984; x_wconf 87' lang='lat' dir='ltr'><strong>fera</strong></span> <span class='ocrx_word' id='word_1_171' title='bbox 533 1921 572 1983; x_wconf 90' lang='lat' dir='ltr'><strong>de</strong></span> <span class='ocrx_word' id='word_1_172' title='bbox 585 1922 720 2001; x_wconf 82' lang='lat' dir='ltr'><strong>Pelagio,</strong></span> <span class='ocrx_word' id='word_1_173' title='bbox 742 1940 777 1984; x_wconf 87' lang='lat' dir='ltr'><strong>ao</strong></span> <span class='ocrx_word' id='word_1_174' title='bbox 792 1923 934 1986; x_wconf 86' lang='lat' dir='ltr'><strong>Caelestia</strong></span> <span class='ocrx_word' id='word_1_175' title='bbox 952 1925 1101 1988; x_wconf 76' lang='lat' dir='ltr'><strong>sentiunt.</strong></span> <span class='ocrx_word' id='word_1_176' title='bbox 1151 1934 1353 1997; x_wconf 76' lang='lat' dir='ltr'><strong>accusatores,</strong></span> <span class='ocrx_word' id='word_1_177' title='bbox 1367 1928 1547 1995; x_wconf 77' lang='lat' dir='ltr'><strong>Erotemae</strong></span> <span class='ocrx_word' id='word_1_178' title='bbox 1560 1927 1711 1989; x_wconf 66' lang='lat' dir='ltr'><strong>Maurum</strong></span> <span class='ocrx_word' id='word_1_179' title='bbox 1721 1925 1909 1987; x_wconf 81' lang='lat' dir='ltr'><strong>uehementer</strong></span> 
     </span>
     <span class='ocr_line' id='line_1_18' title="bbox 336 2012 1909 2098; baseline 0.003 -25"><span class='ocrx_word' id='word_1_180' title='bbox 336 2012 480 2092; x_wconf 85' lang='lat' dir='ltr'><strong>Utrisque</strong></span> <span class='ocrx_word' id='word_1_181' title='bbox 493 2014 652 2093; x_wconf 91' lang='lat' dir='ltr'><strong>respondit</strong></span> <span class='ocrx_word' id='word_1_182' title='bbox 671 2015 889 2093; x_wconf 87' lang='lat' dir='ltr'><strong>Innocentius;</strong></span> <span class='ocrx_word' id='word_1_183' title='bbox 913 2016 1001 2095; x_wconf 72' lang='lat' dir='ltr'><strong>enjus</strong></span> <span class='ocrx_word' id='word_1_184' title='bbox 1019 2018 1104 2098; x_wconf 88' lang='lat' dir='ltr'><strong>prior</strong></span> <span class='ocrx_word' id='word_1_185' title='bbox 1152 2017 1307 2095; x_wconf 85' lang='lat' dir='ltr'><strong>suggillat.</strong></span> <span class='ocrx_word' id='word_1_186' title='bbox 1331 2019 1467 2098; x_wconf 81' lang='lat' dir='ltr'><strong>Apparet</strong></span> <span class='ocrx_word' id='word_1_187' title='bbox 1483 2023 1590 2081; x_wconf 66' lang='lat' dir='ltr'><strong>umen</strong></span> <span class='ocrx_word' id='word_1_188' title='bbox 1608 2035 1647 2078; x_wconf 81' lang='lat' dir='ltr'><strong>ex</strong></span> <span class='ocrx_word' id='word_1_189' title='bbox 1669 2017 1718 2093; x_wconf 90' lang='lat' dir='ltr'><strong>iis,</strong></span> <span class='ocrx_word' id='word_1_190' title='bbox 1737 2035 1810 2096; x_wconf 83' lang='lat' dir='ltr'><strong>ques</strong></span> <span class='ocrx_word' id='word_1_191' title='bbox 1828 2015 1909 2078; x_wconf 78' lang='lat' dir='ltr'><strong>refert</strong></span> 
     </span>
     <span class='ocr_line' id='line_1_19' title="bbox 334 2105 1908 2187; baseline 0.003 -23"><span class='ocrx_word' id='word_1_192' title='bbox 334 2105 375 2165; x_wconf 90' lang='lat' dir='ltr'><strong>ad</strong></span> <span class='ocrx_word' id='word_1_193' title='bbox 397 2105 654 2183; x_wconf 88' lang='lat' dir='ltr'><strong>Carthaginenses</strong></span> <span class='ocrx_word' id='word_1_194' title='bbox 681 2107 838 2187; x_wconf 84' lang='lat' dir='ltr'><strong>epiecopus</strong></span> <span class='ocrx_word' id='word_1_195' title='bbox 865 2109 1005 2171; x_wconf 84' lang='lat' dir='ltr'><strong>eonsules</strong></span> <span class='ocrx_word' id='word_1_196' title='bbox 1038 2129 1103 2175; x_wconf 91' lang='lat' dir='ltr'><strong>non</strong></span> <span class='ocrx_word' id='word_1_197' title='bbox 1152 2108 1354 2187; x_wconf 85' lang='lat' dir='ltr'><strong>Augustinus,</strong></span> <span class='ocrx_word' id='word_1_198' title='bbox 1365 2111 1508 2173; x_wconf 89' lang='lat' dir='ltr'><strong>nondum</strong></span> <span class='ocrx_word' id='word_1_199' title='bbox 1519 2108 1908 2171; x_wconf 78' lang='lat' dir='ltr'><strong>exeommunimtianemlu·</strong></span> 
     </span>
     <span class='ocr_line' id='line_1_20' title="bbox 334 2195 1907 2281; baseline 0.003 -24"><span class='ocrx_word' id='word_1_200' title='bbox 334 2195 460 2264; x_wconf 87' lang='lat' dir='ltr'><strong>hebet¹,</strong></span> <span class='ocrx_word' id='word_1_201' title='bbox 482 2197 536 2257; x_wconf 91' lang='lat' dir='ltr'><strong>scd</strong></span> <span class='ocrx_word' id='word_1_202' title='bbox 553 2201 688 2273; x_wconf 88' lang='lat' dir='ltr'><strong>tentum,</strong></span> <span class='ocrx_word' id='word_1_203' title='bbox 705 2197 982 2272; x_wconf 70' lang='lat' dir='ltr'><strong>OuiutoCateadass</strong></span> <span class='ocrx_word' id='word_1_204' title='bbox 1000 2209 1103 2281; x_wconf 89' lang='lat' dir='ltr'><strong>poste·</strong></span> <span class='ocrx_word' id='word_1_205' title='bbox 1152 2203 1200 2260; x_wconf 87' lang='lat' dir='ltr'><strong>tos</strong></span> <span class='ocrx_word' id='word_1_206' title='bbox 1214 2201 1282 2263; x_wconf 90' lang='lat' dir='ltr'><strong>illos</strong></span> <span class='ocrx_word' id='word_1_207' title='bbox 1300 2201 1403 2263; x_wconf 88' lang='lat' dir='ltr'><strong>fuisse.</strong></span> <span class='ocrx_word' id='word_1_208' title='bbox 1419 2203 1548 2264; x_wconf 79' lang='lat' dir='ltr'><strong>Exstant</strong></span> <span class='ocrx_word' id='word_1_209' title='bbox 1559 2201 1673 2265; x_wconf 84' lang='lat' dir='ltr'><strong>Zosimi</strong></span> <span class='ocrx_word' id='word_1_210' title='bbox 1692 2201 1830 2280; x_wconf 82' lang='lat' dir='ltr'><strong>epistole</strong></span> <span class='ocrx_word' id='word_1_211' title='bbox 1845 2218 1907 2262; x_wconf 85' lang='lat' dir='ltr'><strong>cum</strong></span> 
     </span>
     <span class='ocr_line' id='line_1_21' title="bbox 335 2286 1907 2373; baseline 0.006 -25"><span class='ocrx_word' id='word_1_212' title='bbox 335 2287 400 2349; x_wconf 90' lang='lat' dir='ltr'><strong>rior</strong></span> <span class='ocrx_word' id='word_1_213' title='bbox 411 2288 451 2349; x_wconf 90' lang='lat' dir='ltr'><strong>sd</strong></span> <span class='ocrx_word' id='word_1_214' title='bbox 470 2286 664 2353; x_wconf 84' lang='lat' dir='ltr'><strong>Mileviteuos</strong></span> <span class='ocrx_word' id='word_1_215' title='bbox 686 2291 1020 2368; x_wconf 87' lang='lat' dir='ltr'><strong>Patres‚datev1Cal.</strong></span> <span class='ocrx_word' id='word_1_216' title='bbox 1047 2295 1102 2356; x_wconf 90' lang='lat' dir='ltr'><strong>Fe·</strong></span> <span class='ocrx_word' id='word_1_217' title='bbox 1153 2292 1270 2373; x_wconf 79' lang='lat' dir='ltr'><strong>Pelagii</strong></span> <span class='ocrx_word' id='word_1_218' title='bbox 1297 2293 1485 2373; x_wconf 83' lang='lat' dir='ltr'><strong>professione</strong></span> <span class='ocrx_word' id='word_1_219' title='bbox 1506 2300 1583 2356; x_wconf 90' lang='lat' dir='ltr'><strong>tarn.</strong></span> <span class='ocrx_word' id='word_1_220' title='bbox 1602 2293 1742 2355; x_wconf 89' lang='lat' dir='ltr'><strong>lcoucil.</strong></span> <span class='ocrx_word' id='word_1_221' title='bbox 1769 2311 1788 2356; x_wconf 92' lang='lat' dir='ltr'><strong>e</strong></span> <span class='ocrx_word' id='word_1_222' title='bbox 1810 2292 1907 2372; x_wconf 85' lang='lat' dir='ltr'><strong>quibus</strong></span> 
     </span>
     <span class='ocr_line' id='line_1_22' title="bbox 335 2380 1906 2465; baseline 0.003 -25"><span class='ocrx_word' id='word_1_223' title='bbox 335 2380 488 2456; x_wconf 86' lang='lat' dir='ltr'><strong>bruerias,</strong></span> <span class='ocrx_word' id='word_1_224' title='bbox 518 2381 685 2460; x_wconf 85' lang='lat' dir='ltr'><strong>adscriptos</strong></span> <span class='ocrx_word' id='word_1_225' title='bbox 710 2382 805 2447; x_wconf 88' lang='lat' dir='ltr'><strong>habet</strong></span> <span class='ocrx_word' id='word_1_226' title='bbox 830 2383 971 2445; x_wconf 85' lang='lat' dir='ltr'><strong>eonsules</strong></span> <span class='ocrx_word' id='word_1_227' title='bbox 1000 2387 1103 2449; x_wconf 91' lang='lat' dir='ltr'><strong>Hono·</strong></span> <span class='ocrx_word' id='word_1_228' title='bbox 1153 2385 1324 2464; x_wconf 87' lang='lat' dir='ltr'><strong>posteriori,</strong></span> <span class='ocrx_word' id='word_1_229' title='bbox 1339 2404 1400 2465; x_wconf 92' lang='lat' dir='ltr'><strong>qua</strong></span> <span class='ocrx_word' id='word_1_230' title='bbox 1415 2386 1578 2465; x_wconf 80' lang='lat' dir='ltr'><strong>Pelagium</strong></span> <span class='ocrx_word' id='word_1_231' title='bbox 1598 2385 1717 2461; x_wconf 89' lang='lat' dir='ltr'><strong>laudat,</strong></span> <span class='ocrx_word' id='word_1_232' title='bbox 1730 2384 1906 2464; x_wconf 80' lang='lat' dir='ltr'><strong>subscriptas</strong></span> 
     </span>
     <span class='ocr_line' id='line_1_23' title="bbox 333 2472 1906 2558; baseline 0.002 -25"><span class='ocrx_word' id='word_1_233' title='bbox 333 2473 427 2548; x_wconf 90' lang='lat' dir='ltr'><strong>rium,</strong></span> <span class='ocrx_word' id='word_1_234' title='bbox 443 2478 476 2534; x_wconf 92' lang='lat' dir='ltr'><strong>et</strong></span> <span class='ocrx_word' id='word_1_235' title='bbox 490 2472 717 2550; x_wconf 85' lang='lat' dir='ltr'><strong>Constantium,</strong></span> <span class='ocrx_word' id='word_1_236' title='bbox 741 2474 842 2554; x_wconf 90' lang='lat' dir='ltr'><strong>quiin</strong></span> <span class='ocrx_word' id='word_1_237' title='bbox 857 2493 977 2537; x_wconf 89' lang='lat' dir='ltr'><strong>annum</strong></span> <span class='ocrx_word' id='word_1_238' title='bbox 989 2478 1104 2540; x_wconf 90' lang='lat' dir='ltr'><strong>eadunt</strong></span> <span class='ocrx_word' id='word_1_239' title='bbox 1153 2476 1275 2538; x_wconf 85' lang='lat' dir='ltr'><strong>estdies</strong></span> <span class='ocrx_word' id='word_1_240' title='bbox 1297 2480 1332 2539; x_wconf 82' lang='lat' dir='ltr'><strong>tt</strong></span> <span class='ocrx_word' id='word_1_241' title='bbox 1357 2478 1414 2541; x_wconf 88' lang='lat' dir='ltr'><strong>cal.</strong></span> <span class='ocrx_word' id='word_1_242' title='bbox 1440 2483 1499 2541; x_wconf 89' lang='lat' dir='ltr'><strong>act.</strong></span> <span class='ocrx_word' id='word_1_243' title='bbox 1519 2477 1616 2558; x_wconf 89' lang='lat' dir='ltr'><strong>priori</strong></span> <span class='ocrx_word' id='word_1_244' title='bbox 1636 2495 1811 2557; x_wconf 84' lang='lat' dir='ltr'><strong>rero,q1ue</strong></span> <span class='ocrx_word' id='word_1_245' title='bbox 1823 2477 1906 2538; x_wconf 89' lang='lat' dir='ltr'><strong>estdc</strong></span> 
     </span>
     <span class='ocr_line' id='line_1_24' title="bbox 335 2564 1906 2649; baseline 0.004 -25"><span class='ocrx_word' id='word_1_246' title='bbox 335 2564 959 2647; x_wconf 68' lang='lat' dir='ltr'><strong>Christitl&#39;lAExquoannussynodorum</strong></span> <span class='ocrx_word' id='word_1_247' title='bbox 969 2569 1103 2635; x_wconf 83' lang='lat' dir='ltr'><strong>duarum</strong></span> <span class='ocrx_word' id='word_1_248' title='bbox 1152 2568 1301 2643; x_wconf 91' lang='lat' dir='ltr'><strong>Caelestio,</strong></span> <span class='ocrx_word' id='word_1_249' title='bbox 1319 2570 1577 2633; x_wconf 80' lang='lat' dir='ltr'><strong>Cosallonorius</strong></span> <span class='ocrx_word' id='word_1_250' title='bbox 1600 2571 1680 2649; x_wconf 87' lang='lat' dir='ltr'><strong>Aug.</strong></span> <span class='ocrx_word' id='word_1_251' title='bbox 1700 2585 1734 2631; x_wconf 82' lang='lat'><strong>11</strong></span> <span class='ocrx_word' id='word_1_252' title='bbox 1751 2574 1786 2631; x_wconf 85' lang='lat' dir='ltr'><strong>at</strong></span> <span class='ocrx_word' id='word_1_253' title='bbox 1801 2569 1906 2631; x_wconf 85' lang='lat' dir='ltr'><strong>Flavius</strong></span> 
     </span>
     <span class='ocr_line' id='line_1_25' title="bbox 333 2655 1904 2743; baseline 0.003 -26"><span class='ocrx_word' id='word_1_254' title='bbox 333 2655 489 2735; x_wconf 81' lang='lat' dir='ltr'><strong>colligitur</strong></span> <span class='ocrx_word' id='word_1_255' title='bbox 497 2658 568 2720; x_wconf 75' lang='lat' dir='ltr'><strong>llo.</strong></span> <span class='ocrx_word' id='word_1_256' title='bbox 1152 2660 1368 2737; x_wconf 85' lang='lat' dir='ltr'><strong>Constantius,</strong></span> <span class='ocrx_word' id='word_1_257' title='bbox 1407 2663 1462 2743; x_wconf 91' lang='lat' dir='ltr'><strong>qui</strong></span> <span class='ocrx_word' id='word_1_258' title='bbox 1489 2667 1535 2725; x_wconf 88' lang='lat' dir='ltr'><strong>est</strong></span> <span class='ocrx_word' id='word_1_259' title='bbox 1571 2680 1672 2727; x_wconf 80' lang='lat' dir='ltr'><strong>auum</strong></span> <span class='ocrx_word' id='word_1_260' title='bbox 1706 2660 1822 2727; x_wconf 80' lang='lat' dir='ltr'><strong>Christi</strong></span> <span class='ocrx_word' id='word_1_261' title='bbox 1844 2663 1904 2724; x_wconf 85' lang='lat' dir='ltr'><strong>ur.</strong></span> 
     </span>
     <span class='ocr_line' id='line_1_26' title="bbox 373 2747 1906 2833; baseline 0.003 -24"><span class='ocrx_word' id='word_1_262' title='bbox 373 2747 454 2812; x_wconf 85' lang='lat' dir='ltr'><strong>Xlll.</strong></span> <span class='ocrx_word' id='word_1_263' title='bbox 491 2749 557 2823; x_wconf 81' lang='lat' dir='ltr'><strong>Oua</strong></span> <span class='ocrx_word' id='word_1_264' title='bbox 583 2749 617 2810; x_wconf 89' lang='lat' dir='ltr'><strong>in</strong></span> <span class='ocrx_word' id='word_1_265' title='bbox 648 2749 818 2829; x_wconf 86' lang='lat' dir='ltr'><strong>posteriore</strong></span> <span class='ocrx_word' id='word_1_266' title='bbox 845 2750 1005 2827; x_wconf 82' lang='lat' dir='ltr'><strong>Pelagium</strong></span> <span class='ocrx_word' id='word_1_267' title='bbox 1015 2752 1038 2827; x_wconf 79' lang='lat'><strong>³,</strong></span> <span class='ocrx_word' id='word_1_268' title='bbox 1067 2773 1103 2816; x_wconf 89' lang='lat' dir='ltr'><strong>ac</strong></span> <span class='ocrx_word' id='word_1_269' title='bbox 1151 2751 1488 2833; x_wconf 88' lang='lat' dir='ltr'><strong>VidendusetAnguat.</strong></span> <span class='ocrx_word' id='word_1_270' title='bbox 1496 2753 1578 2817; x_wconf 85' lang='lat' dir='ltr'><strong>libro</strong></span> <span class='ocrx_word' id='word_1_271' title='bbox 1592 2752 1906 2817; x_wconf 83' lang='lat' dir='ltr'><strong>secundomutradsas</strong></span> 
     </span>
     <span class='ocr_line' id='line_1_27' title="bbox 333 2839 1904 2927; baseline 0.004 -27"><span class='ocrx_word' id='word_1_272' title='bbox 333 2839 510 2903; x_wconf 84' lang='lat' dir='ltr'><strong>leestium</strong></span> <span class='ocrx_word' id='word_1_273' title='bbox 539 2840 697 2905; x_wconf 82' lang='lat' dir='ltr'><strong>damnavit</strong></span> <span class='ocrx_word' id='word_1_274' title='bbox 730 2841 779 2903; x_wconf 88' lang='lat' dir='ltr'><strong>bis</strong></span> <span class='ocrx_word' id='word_1_275' title='bbox 809 2842 931 2905; x_wconf 77' lang='lat' dir='ltr'><strong>verbist</strong></span> <span class='ocrx_word' id='word_1_276' title='bbox 970 2845 1102 2919; x_wconf 72' lang='lat' dir='ltr'><strong>«Quare</strong></span> <span class='ocrx_word' id='word_1_277' title='bbox 1150 2844 1292 2923; x_wconf 85' lang='lat' dir='ltr'><strong>epistolas</strong></span> <span class='ocrx_word' id='word_1_278' title='bbox 1319 2845 1564 2927; x_wconf 67' lang='lat' dir='ltr'><strong>relegissemus,</strong></span> <span class='ocrx_word' id='word_1_279' title='bbox 1594 2847 1693 2927; x_wconf 85' lang='lat' dir='ltr'><strong>rapite</strong></span> <span class='ocrx_word' id='word_1_280' title='bbox 1718 2846 1821 2922; x_wconf 74' lang='lat' dir='ltr'><strong>lardo,</strong></span> <span class='ocrx_word' id='word_1_281' title='bbox 1842 2846 1904 2907; x_wconf 78' lang='lat' dir='ltr'><strong>Pro</strong></span> 
     </span>
     <span class='ocr_line' id='line_1_28' title="bbox 334 2930 1905 3019; baseline 0.008 -27"><span class='ocrx_word' id='word_1_282' title='bbox 334 2930 507 3010; x_wconf 72' lang='lat' dir='ltr'><strong>Pelagium,</strong></span> <span class='ocrx_word' id='word_1_283' title='bbox 527 2932 778 3012; x_wconf 87' lang='lat' dir='ltr'><strong>Caelestiumque,</strong></span> <span class='ocrx_word' id='word_1_284' title='bbox 805 2933 903 2997; x_wconf 86' lang='lat' dir='ltr'><strong>idest</strong></span> <span class='ocrx_word' id='word_1_285' title='bbox 925 2934 1102 3000; x_wconf 83' lang='lat' dir='ltr'><strong>inventores</strong></span> <span class='ocrx_word' id='word_1_286' title='bbox 1150 2934 1240 2997; x_wconf 81' lang='lat' dir='ltr'><strong>lessio</strong></span> <span class='ocrx_word' id='word_1_287' title='bbox 1271 2956 1345 2999; x_wconf 83' lang='lat' dir='ltr'><strong>rero</strong></span> <span class='ocrx_word' id='word_1_288' title='bbox 1379 2938 1452 3000; x_wconf 88' lang='lat' dir='ltr'><strong>fidei</strong></span> <span class='ocrx_word' id='word_1_289' title='bbox 1486 2956 1506 3000; x_wconf 88' lang='lat' dir='ltr'><strong>a</strong></span> <span class='ocrx_word' id='word_1_290' title='bbox 1539 2938 1666 3017; x_wconf 78' lang='lat' dir='ltr'><strong>Pelagio</strong></span> <span class='ocrx_word' id='word_1_291' title='bbox 1692 2938 1800 3015; x_wconf 64' lang='lat' dir='ltr'><strong>mima,</strong></span> <span class='ocrx_word' id='word_1_292' title='bbox 1824 2954 1905 3019; x_wconf 79' lang='lat' dir='ltr'><strong>quom</strong></span> 
     </span>
     <span class='ocr_line' id='line_1_29' title="bbox 331 3024 1905 3110; baseline 0.004 -26"><span class='ocrx_word' id='word_1_293' title='bbox 331 3040 445 3086; x_wconf 83' lang='lat' dir='ltr'><strong>roorun</strong></span> <span class='ocrx_word' id='word_1_294' title='bbox 457 3042 621 3095; x_wconf 84' lang='lat' dir='ltr'><strong>nouarum,</strong></span> <span class='ocrx_word' id='word_1_295' title='bbox 633 3042 714 3103; x_wconf 77' lang='lat' dir='ltr'><strong>quas,</strong></span> <span class='ocrx_word' id='word_1_296' title='bbox 724 3024 803 3089; x_wconf 90' lang='lat' dir='ltr'><strong>sicut</strong></span> <span class='ocrx_word' id='word_1_297' title='bbox 816 3025 890 3086; x_wconf 87' lang='lat' dir='ltr'><strong>dicit</strong></span> <span class='ocrx_word' id='word_1_298' title='bbox 904 3026 1098 3107; x_wconf 60' lang='lat' dir='ltr'><strong>Apostolum,</strong></span> <span class='ocrx_word' id='word_1_299' title='bbox 1151 3028 1302 3090; x_wconf 74' lang='lat' dir='ltr'><strong>noenius</strong></span> <span class='ocrx_word' id='word_1_300' title='bbox 1315 3048 1354 3091; x_wconf 82' lang='lat' dir='ltr'><strong>ex</strong></span> <span class='ocrx_word' id='word_1_301' title='bbox 1366 3030 1513 3093; x_wconf 85' lang='lat' dir='ltr'><strong>Vatieano</strong></span> <span class='ocrx_word' id='word_1_302' title='bbox 1527 3030 1630 3092; x_wconf 84' lang='lat' dir='ltr'><strong>radice</strong></span> <span class='ocrx_word' id='word_1_303' title='bbox 1642 3029 1808 3110; x_wconf 84' lang='lat' dir='ltr'><strong>prompsit,</strong></span> <span class='ocrx_word' id='word_1_304' title='bbox 1822 3048 1857 3091; x_wconf 83' lang='lat' dir='ltr'><strong>ea</strong></span> <span class='ocrx_word' id='word_1_305' title='bbox 1866 3034 1905 3090; x_wconf 85' lang='lat' dir='ltr'><strong>est</strong></span> 
     </span>
     <span class='ocr_line' id='line_1_30' title="bbox 332 3115 1905 3201; baseline 0.004 -24"><span class='ocrx_word' id='word_1_306' title='bbox 332 3115 542 3179; x_wconf 79' lang='lat' dir='ltr'><strong>edificationis</strong></span> <span class='ocrx_word' id='word_1_307' title='bbox 558 3117 702 3183; x_wconf 88' lang='lat' dir='ltr'><strong>nihilum,</strong></span> <span class='ocrx_word' id='word_1_308' title='bbox 727 3117 781 3178; x_wconf 91' lang='lat' dir='ltr'><strong>sed</strong></span> <span class='ocrx_word' id='word_1_309' title='bbox 803 3118 901 3197; x_wconf 88' lang='lat' dir='ltr'><strong>magis</strong></span> <span class='ocrx_word' id='word_1_310' title='bbox 921 3119 1101 3183; x_wconf 88' lang='lat' dir='ltr'><strong>vanissimas</strong></span> <span class='ocrx_word' id='word_1_311' title='bbox 1150 3118 1229 3198; x_wconf 88' lang='lat' dir='ltr'><strong>ipsa,</strong></span> <span class='ocrx_word' id='word_1_312' title='bbox 1245 3139 1314 3200; x_wconf 84' lang='lat' dir='ltr'><strong>quae</strong></span> <span class='ocrx_word' id='word_1_313' title='bbox 1329 3123 1411 3185; x_wconf 85' lang='lat' dir='ltr'><strong>inter</strong></span> <span class='ocrx_word' id='word_1_314' title='bbox 1430 3122 1623 3201; x_wconf 81' lang='lat' dir='ltr'><strong>Hieronymi,</strong></span> <span class='ocrx_word' id='word_1_315' title='bbox 1642 3123 1760 3184; x_wconf 86' lang='lat' dir='ltr'><strong>reicula</strong></span> <span class='ocrx_word' id='word_1_316' title='bbox 1780 3123 1905 3184; x_wconf 78' lang='lat' dir='ltr'><strong>editseu</strong></span> 
     </span>
     <span class='ocr_line' id='line_1_31' title="bbox 329 3210 1905 3296; baseline 0.004 -27"><span class='ocrx_word' id='word_1_317' title='bbox 329 3213 558 3273; x_wconf 76' lang='lat' dir='ltr'><strong>consueverunt</strong></span> <span class='ocrx_word' id='word_1_318' title='bbox 570 3210 885 3289; x_wconf 88' lang='lat' dir='ltr'><strong>parerequaestiones,</strong></span> <span class='ocrx_word' id='word_1_319' title='bbox 898 3211 1101 3275; x_wconf 82' lang='lat' dir='ltr'><strong>eeclesiastico</strong></span> <span class='ocrx_word' id='word_1_320' title='bbox 1149 3229 1222 3275; x_wconf 85' lang='lat' dir='ltr'><strong>euru</strong></span> <span class='ocrx_word' id='word_1_321' title='bbox 1241 3212 1300 3275; x_wconf 90' lang='lat' dir='ltr'><strong>baa</strong></span> <span class='ocrx_word' id='word_1_322' title='bbox 1319 3213 1521 3295; x_wconf 86' lang='lat' dir='ltr'><strong>inseriptioue</strong></span> <span class='ocrx_word' id='word_1_323' title='bbox 1539 3213 1679 3296; x_wconf 80' lang='lat' dir='ltr'><strong>Symtali</strong></span> <span class='ocrx_word' id='word_1_324' title='bbox 1692 3212 1905 3295; x_wconf 70' lang='lat' dir='ltr'><strong>expirantibus</strong></span> 
     </span>
     <span class='ocr_line' id='line_1_32' title="bbox 329 3300 1319 3381; baseline 0.008 -22"><span class='ocrx_word' id='word_1_325' title='bbox 329 3301 549 3363; x_wconf 81' lang='lat' dir='ltr'><strong>communione</strong></span> <span class='ocrx_word' id='word_1_326' title='bbox 564 3300 689 3381; x_wconf 82' lang='lat' dir='ltr'><strong>privari,</strong></span> <span class='ocrx_word' id='word_1_327' title='bbox 711 3300 877 3380; x_wconf 84' lang='lat' dir='ltr'><strong>Apostolici</strong></span> <span class='ocrx_word' id='word_1_328' title='bbox 896 3302 1013 3381; x_wconf 83' lang='lat' dir='ltr'><strong>vigoris</strong></span> <span class='ocrx_word' id='word_1_329' title='bbox 1026 3302 1099 3365; x_wconf 88' lang='lat' dir='ltr'><strong>aue·</strong></span> <span class='ocrx_word' id='word_1_330' title='bbox 1149 3304 1319 3367; x_wconf 79' lang='lat' dir='ltr'><strong>Damasum.</strong></span> 
     </span>
     <span class='ocr_line' id='line_1_33' title="bbox 327 3392 1902 3478; baseline 0.005 -25"><span class='ocrx_word' id='word_1_331' title='bbox 327 3392 452 3457; x_wconf 86' lang='lat' dir='ltr'><strong>toritate</strong></span> <span class='ocrx_word' id='word_1_332' title='bbox 465 3408 639 3455; x_wconf 85' lang='lat' dir='ltr'><strong>censemus.</strong></span> <span class='ocrx_word' id='word_1_333' title='bbox 652 3414 663 3450; x_wconf 84' lang='lat' dir='ltr'><strong>s</strong></span> <span class='ocrx_word' id='word_1_334' title='bbox 678 3394 1098 3473; x_wconf 85' lang='lat' dir='ltr'><strong>Horitaqueprimumauno</strong></span> <span class='ocrx_word' id='word_1_335' title='bbox 1187 3395 1324 3463; x_wconf 83' lang='lat' dir='ltr'><strong>Afrioaut</strong></span> <span class='ocrx_word' id='word_1_336' title='bbox 1350 3399 1465 3474; x_wconf 86' lang='lat' dir='ltr'><strong>Patres,</strong></span> <span class='ocrx_word' id='word_1_337' title='bbox 1489 3398 1602 3460; x_wconf 89' lang='lat' dir='ltr'><strong>Zosimi</strong></span> <span class='ocrx_word' id='word_1_338' title='bbox 1630 3397 1739 3461; x_wconf 84' lang='lat' dir='ltr'><strong>litteris</strong></span> <span class='ocrx_word' id='word_1_339' title='bbox 1774 3398 1902 3478; x_wconf 75' lang='lat' dir='ltr'><strong>emeptis,</strong></span> 
     </span>
     <span class='ocr_line' id='line_1_34' title="bbox 329 3483 1902 3567; baseline 0.004 -20"><span class='ocrx_word' id='word_1_340' title='bbox 329 3483 362 3547; x_wconf 88' lang='lat' dir='ltr'><strong>iu</strong></span> <span class='ocrx_word' id='word_1_341' title='bbox 376 3485 584 3562; x_wconf 82' lang='lat' dir='ltr'><strong>Pelagium,ae</strong></span> <span class='ocrx_word' id='word_1_342' title='bbox 603 3485 794 3557; x_wconf 78' lang='lat' dir='ltr'><strong>censuum,</strong></span> <span class='ocrx_word' id='word_1_343' title='bbox 810 3491 841 3547; x_wconf 90' lang='lat' dir='ltr'><strong>et</strong></span> <span class='ocrx_word' id='word_1_344' title='bbox 854 3485 1098 3549; x_wconf 82' lang='lat' dir='ltr'><strong>amborumhae·</strong></span> <span class='ocrx_word' id='word_1_345' title='bbox 1148 3495 1378 3566; x_wconf 84' lang='lat' dir='ltr'><strong>convenerunt,</strong></span> <span class='ocrx_word' id='word_1_346' title='bbox 1412 3490 1558 3566; x_wconf 90' lang='lat' dir='ltr'><strong>ineunte,</strong></span> <span class='ocrx_word' id='word_1_347' title='bbox 1589 3498 1626 3554; x_wconf 92' lang='lat' dir='ltr'><strong>ut</strong></span> <span class='ocrx_word' id='word_1_348' title='bbox 1658 3496 1705 3553; x_wconf 85' lang='lat' dir='ltr'><strong>est</strong></span> <span class='ocrx_word' id='word_1_349' title='bbox 1737 3491 1902 3567; x_wconf 74' lang='lat' dir='ltr'><strong>venantie,</strong></span> 
     </span>
     <span class='ocr_line' id='line_1_35' title="bbox 327 3574 1902 3663; baseline 0.007 -28"><span class='ocrx_word' id='word_1_350' title='bbox 327 3575 432 3649; x_wconf 86' lang='lat' dir='ltr'><strong>resim,</strong></span> <span class='ocrx_word' id='word_1_351' title='bbox 448 3574 487 3635; x_wconf 87' lang='lat' dir='ltr'><strong>ab</strong></span> <span class='ocrx_word' id='word_1_352' title='bbox 501 3576 1096 3658; x_wconf 78' lang='lat' dir='ltr'><strong>InnocentioPapadictarententiaest,</strong></span> <span class='ocrx_word' id='word_1_353' title='bbox 1149 3597 1232 3642; x_wconf 90' lang='lat' dir='ltr'><strong>auno</strong></span> <span class='ocrx_word' id='word_1_354' title='bbox 1265 3583 1336 3658; x_wconf 80' lang='lat' dir='ltr'><strong>tie,</strong></span> <span class='ocrx_word' id='word_1_355' title='bbox 1361 3586 1415 3649; x_wconf 86' lang='lat' dir='ltr'><strong>aut</strong></span> <span class='ocrx_word' id='word_1_356' title='bbox 1434 3584 1518 3645; x_wconf 83' lang='lat' dir='ltr'><strong>exitu</strong></span> <span class='ocrx_word' id='word_1_357' title='bbox 1534 3583 1746 3663; x_wconf 80' lang='lat' dir='ltr'><strong>preredentis,</strong></span> <span class='ocrx_word' id='word_1_358' title='bbox 1783 3584 1902 3662; x_wconf 81' lang='lat' dir='ltr'><strong>indeque</strong></span> 
     </span>
     <span class='ocr_line' id='line_1_36' title="bbox 326 3666 1902 3751; baseline 0.006 -24"><span class='ocrx_word' id='word_1_359' title='bbox 326 3666 569 3746; x_wconf 86' lang='lat' dir='ltr'><strong>antequamulla</strong></span> <span class='ocrx_word' id='word_1_360' title='bbox 581 3667 742 3747; x_wconf 79' lang='lat' dir='ltr'><strong>insyuodo</strong></span> <span class='ocrx_word' id='word_1_361' title='bbox 757 3668 945 3735; x_wconf 85' lang='lat' dir='ltr'><strong>nominatim</strong></span> <span class='ocrx_word' id='word_1_362' title='bbox 959 3671 1099 3734; x_wconf 89' lang='lat' dir='ltr'><strong>damnati</strong></span> <span class='ocrx_word' id='word_1_363' title='bbox 1148 3670 1335 3751; x_wconf 87' lang='lat' dir='ltr'><strong>seripserunt</strong></span> <span class='ocrx_word' id='word_1_364' title='bbox 1360 3674 1401 3735; x_wconf 91' lang='lat' dir='ltr'><strong>ad</strong></span> <span class='ocrx_word' id='word_1_365' title='bbox 1420 3674 1588 3747; x_wconf 87' lang='lat' dir='ltr'><strong>Zosimum,</strong></span> <span class='ocrx_word' id='word_1_366' title='bbox 1614 3674 1827 3747; x_wconf 85' lang='lat' dir='ltr'><strong>admouentes,</strong></span> <span class='ocrx_word' id='word_1_367' title='bbox 1846 3691 1902 3737; x_wconf 88' lang='lat' dir='ltr'><strong>nor</strong></span> 
     </span>
     <span class='ocr_line' id='line_1_37' title="bbox 325 3758 1901 3851; baseline 0.006 -32"><span class='ocrx_word' id='word_1_368' title='bbox 325 3758 465 3823; x_wconf 82' lang='lat' dir='ltr'><strong>fuissent.</strong></span> <span class='ocrx_word' id='word_1_369' title='bbox 1148 3763 1491 3842; x_wconf 83' lang='lat' dir='ltr'><strong>satisessegeneralem</strong></span> <span class='ocrx_word' id='word_1_370' title='bbox 1503 3766 1590 3829; x_wconf 87' lang='lat' dir='ltr'><strong>illam</strong></span> <span class='ocrx_word' id='word_1_371' title='bbox 1604 3767 1901 3851; x_wconf 75' lang='lat' dir='ltr'><strong>Caelestiiproiessio·</strong></span> 
     </span>
     <span class='ocr_line' id='line_1_38' title="bbox 367 3851 1902 3938; baseline 0.005 -26"><span class='ocrx_word' id='word_1_372' title='bbox 367 3852 534 3932; x_wconf 87' lang='lat' dir='ltr'><strong>Postquam</strong></span> <span class='ocrx_word' id='word_1_373' title='bbox 547 3856 653 3914; x_wconf 89' lang='lat' dir='ltr'><strong>autem</strong></span> <span class='ocrx_word' id='word_1_374' title='bbox 673 3851 890 3932; x_wconf 82' lang='lat' dir='ltr'><strong>Diospolitaue</strong></span> <span class='ocrx_word' id='word_1_375' title='bbox 908 3854 1019 3933; x_wconf 88' lang='lat' dir='ltr'><strong>synodi</strong></span> <span class='ocrx_word' id='word_1_376' title='bbox 1031 3859 1099 3919; x_wconf 84' lang='lat' dir='ltr'><strong>aeto</strong></span> <span class='ocrx_word' id='word_1_377' title='bbox 1147 3872 1246 3931; x_wconf 89' lang='lat' dir='ltr'><strong>nem,</strong></span> <span class='ocrx_word' id='word_1_378' title='bbox 1284 3856 1343 3921; x_wconf 90' lang='lat' dir='ltr'><strong>uisi</strong></span> <span class='ocrx_word' id='word_1_379' title='bbox 1381 3876 1419 3921; x_wconf 89' lang='lat' dir='ltr'><strong>ea</strong></span> <span class='ocrx_word' id='word_1_380' title='bbox 1456 3859 1643 3936; x_wconf 88' lang='lat' dir='ltr'><strong>damnaret,</strong></span> <span class='ocrx_word' id='word_1_381' title='bbox 1684 3878 1757 3938; x_wconf 82' lang='lat' dir='ltr'><strong>quas</strong></span> <span class='ocrx_word' id='word_1_382' title='bbox 1791 3861 1823 3921; x_wconf 91' lang='lat' dir='ltr'><strong>iu</strong></span> <span class='ocrx_word' id='word_1_383' title='bbox 1852 3876 1902 3919; x_wconf 87' lang='lat' dir='ltr'><strong>suo</strong></span> 
     </span>
     <span class='ocr_line' id='line_1_39' title="bbox 326 3944 1903 4030; baseline 0.004 -25"><span class='ocrx_word' id='word_1_384' title='bbox 326 3944 362 4006; x_wconf 92' lang='lat' dir='ltr'><strong>in</strong></span> <span class='ocrx_word' id='word_1_385' title='bbox 388 3944 523 4007; x_wconf 82' lang='lat' dir='ltr'><strong>Africum</strong></span> <span class='ocrx_word' id='word_1_386' title='bbox 548 3944 641 4005; x_wconf 90' lang='lat' dir='ltr'><strong>allata</strong></span> <span class='ocrx_word' id='word_1_387' title='bbox 668 3949 751 4017; x_wconf 89' lang='lat' dir='ltr'><strong>suut,</strong></span> <span class='ocrx_word' id='word_1_388' title='bbox 767 3944 888 4023; x_wconf 86' lang='lat' dir='ltr'><strong>scripsit</strong></span> <span class='ocrx_word' id='word_1_389' title='bbox 907 3946 1099 4024; x_wconf 87' lang='lat' dir='ltr'><strong>Augustinus</strong></span> <span class='ocrx_word' id='word_1_390' title='bbox 1145 3946 1250 4009; x_wconf 88' lang='lat' dir='ltr'><strong>libello</strong></span> <span class='ocrx_word' id='word_1_391' title='bbox 1297 3967 1391 4028; x_wconf 86' lang='lat' dir='ltr'><strong>prava</strong></span> <span class='ocrx_word' id='word_1_392' title='bbox 1431 3956 1587 4030; x_wconf 89' lang='lat' dir='ltr'><strong>posuerat,</strong></span> <span class='ocrx_word' id='word_1_393' title='bbox 1625 3952 1745 4026; x_wconf 83' lang='lat' dir='ltr'><strong>Quibus</strong></span> <span class='ocrx_word' id='word_1_394' title='bbox 1782 3951 1903 4030; x_wconf 83' lang='lat' dir='ltr'><strong>acceptis</strong></span> 
     </span>
     <span class='ocr_line' id='line_1_40' title="bbox 326 4034 1903 4122; baseline 0.004 -24"><span class='ocrx_word' id='word_1_395' title='bbox 326 4036 442 4099; x_wconf 86' lang='lat' dir='ltr'><strong>librum</strong></span> <span class='ocrx_word' id='word_1_396' title='bbox 467 4036 616 4117; x_wconf 76' lang='lat' dir='ltr'><strong>depastis</strong></span> <span class='ocrx_word' id='word_1_397' title='bbox 637 4034 794 4117; x_wconf 47' lang='lat' dir='ltr'><strong>Pelagii&amp;</strong></span> <span class='ocrx_word' id='word_1_398' title='bbox 820 4038 943 4099; x_wconf 89' lang='lat' dir='ltr'><strong>Interea</strong></span> <span class='ocrx_word' id='word_1_399' title='bbox 965 4040 1098 4103; x_wconf 91' lang='lat' dir='ltr'><strong>moritur</strong></span> <span class='ocrx_word' id='word_1_400' title='bbox 1145 4039 1266 4117; x_wconf 84' lang='lat' dir='ltr'><strong>litteris,</strong></span> <span class='ocrx_word' id='word_1_401' title='bbox 1288 4040 1443 4122; x_wconf 88' lang='lat' dir='ltr'><strong>rescripsit</strong></span> <span class='ocrx_word' id='word_1_402' title='bbox 1475 4041 1626 4121; x_wconf 87' lang='lat' dir='ltr'><strong>Zosimus,</strong></span> <span class='ocrx_word' id='word_1_403' title='bbox 1662 4061 1695 4104; x_wconf 92' lang='lat' dir='ltr'><strong>se</strong></span> <span class='ocrx_word' id='word_1_404' title='bbox 1718 4062 1782 4107; x_wconf 90' lang='lat' dir='ltr'><strong>non</strong></span> <span class='ocrx_word' id='word_1_405' title='bbox 1806 4044 1903 4105; x_wconf 65' lang='lat' dir='ltr'><strong>omnm</strong></span> 
     </span>
     <span class='ocr_line' id='line_1_41' title="bbox 326 4129 1902 4215; baseline 0.006 -27"><span class='ocrx_word' id='word_1_406' title='bbox 326 4129 523 4191; x_wconf 86' lang='lat' dir='ltr'><strong>innocentius</strong></span> <span class='ocrx_word' id='word_1_407' title='bbox 541 4129 623 4208; x_wconf 90' lang='lat' dir='ltr'><strong>Papa</strong></span> <span class='ocrx_word' id='word_1_408' title='bbox 636 4130 785 4191; x_wconf 74' lang='lat' dir='ltr'><strong>annadl&#39;l</strong></span> <span class='ocrx_word' id='word_1_409' title='bbox 799 4147 807 4204; x_wconf 93' lang='lat'>;</span> <span class='ocrx_word' id='word_1_410' title='bbox 820 4129 929 4208; x_wconf 88' lang='lat' dir='ltr'><strong>quinto</strong></span> <span class='ocrx_word' id='word_1_411' title='bbox 949 4130 1097 4193; x_wconf 87' lang='lat' dir='ltr'><strong>Calendas</strong></span> <span class='ocrx_word' id='word_1_412' title='bbox 1145 4130 1300 4210; x_wconf 84' lang='lat' dir='ltr'><strong>probasse,</strong></span> <span class='ocrx_word' id='word_1_413' title='bbox 1320 4151 1389 4212; x_wconf 78' lang='lat' dir='ltr'><strong>quea</strong></span> <span class='ocrx_word' id='word_1_414' title='bbox 1404 4133 1563 4196; x_wconf 83' lang='lat' dir='ltr'><strong>Caelestius</strong></span> <span class='ocrx_word' id='word_1_415' title='bbox 1585 4134 1717 4209; x_wconf 78' lang='lat' dir='ltr'><strong>dixerat,</strong></span> <span class='ocrx_word' id='word_1_416' title='bbox 1737 4141 1768 4197; x_wconf 89' lang='lat' dir='ltr'><strong>et</strong></span> <span class='ocrx_word' id='word_1_417' title='bbox 1784 4136 1817 4197; x_wconf 89' lang='lat' dir='ltr'><strong>in</strong></span> <span class='ocrx_word' id='word_1_418' title='bbox 1832 4134 1902 4215; x_wconf 81' lang='lat' dir='ltr'><strong>pris·</strong></span> 
     </span>
     <span class='ocr_line' id='line_1_42' title="bbox 326 4218 1903 4305; baseline 0.004 -25"><span class='ocrx_word' id='word_1_419' title='bbox 326 4218 469 4298; x_wconf 88' lang='lat' dir='ltr'><strong>Augusti,</strong></span> <span class='ocrx_word' id='word_1_420' title='bbox 479 4221 529 4282; x_wconf 84' lang='lat' dir='ltr'><strong>oui</strong></span> <span class='ocrx_word' id='word_1_421' title='bbox 538 4220 674 4282; x_wconf 84' lang='lat' dir='ltr'><strong>succedit</strong></span> <span class='ocrx_word' id='word_1_422' title='bbox 686 4220 836 4283; x_wconf 90' lang='lat' dir='ltr'><strong>Zosimus.</strong></span> <span class='ocrx_word' id='word_1_423' title='bbox 1146 4222 1212 4283; x_wconf 90' lang='lat' dir='ltr'><strong>tino</strong></span> <span class='ocrx_word' id='word_1_424' title='bbox 1223 4228 1306 4287; x_wconf 87' lang='lat' dir='ltr'><strong>statu</strong></span> <span class='ocrx_word' id='word_1_425' title='bbox 1321 4225 1427 4287; x_wconf 89' lang='lat' dir='ltr'><strong>omnia</strong></span> <span class='ocrx_word' id='word_1_426' title='bbox 1438 4226 1766 4305; x_wconf 88' lang='lat' dir='ltr'><strong>reliquisse,nimirum</strong></span> <span class='ocrx_word' id='word_1_427' title='bbox 1780 4226 1824 4289; x_wconf 90' lang='lat' dir='ltr'><strong>uti</strong></span> <span class='ocrx_word' id='word_1_428' title='bbox 1836 4227 1903 4288; x_wconf 90' lang='lat' dir='ltr'><strong>duo-</strong></span> 
     </span>
     <span class='ocr_line' id='line_1_43' title="bbox 255 4308 1904 4400; baseline 0.004 -26"><span class='ocrx_word' id='word_1_429' title='bbox 255 4315 257 4319; x_wconf 80' lang='grc'>’</span> <span class='ocrx_word' id='word_1_430' title='bbox 367 4312 483 4375; x_wconf 80' lang='lat' dir='ltr'><strong>Eodem</strong></span> <span class='ocrx_word' id='word_1_431' title='bbox 509 4311 604 4391; x_wconf 87' lang='lat' dir='ltr'><strong>igitur</strong></span> <span class='ocrx_word' id='word_1_432' title='bbox 630 4308 713 4374; x_wconf 86' lang='lat' dir='ltr'><strong>anuo</strong></span> <span class='ocrx_word' id='word_1_433' title='bbox 737 4311 892 4391; x_wconf 78' lang='lat' dir='ltr'><strong>Pelagius,</strong></span> <span class='ocrx_word' id='word_1_434' title='bbox 917 4313 974 4375; x_wconf 87' lang='lat' dir='ltr'><strong>uhi</strong></span> <span class='ocrx_word' id='word_1_435' title='bbox 997 4333 1029 4379; x_wconf 88' lang='lat' dir='ltr'><strong>se</strong></span> <span class='ocrx_word' id='word_1_436' title='bbox 1056 4315 1095 4377; x_wconf 88' lang='lat' dir='ltr'><strong>uh</strong></span> <span class='ocrx_word' id='word_1_437' title='bbox 1145 4328 1216 4375; x_wconf 90' lang='lat' dir='ltr'><strong>rum</strong></span> <span class='ocrx_word' id='word_1_438' title='bbox 1230 4317 1387 4383; x_wconf 85' lang='lat' dir='ltr'><strong>mensium</strong></span> <span class='ocrx_word' id='word_1_439' title='bbox 1400 4318 1535 4397; x_wconf 86' lang='lat' dir='ltr'><strong>spatium</strong></span> <span class='ocrx_word' id='word_1_440' title='bbox 1557 4318 1696 4396; x_wconf 87' lang='lat' dir='ltr'><strong>deretur,</strong></span> <span class='ocrx_word' id='word_1_441' title='bbox 1717 4338 1778 4400; x_wconf 90' lang='lat' dir='ltr'><strong>quo</strong></span> <span class='ocrx_word' id='word_1_442' title='bbox 1793 4336 1904 4381; x_wconf 76' lang='lat' dir='ltr'><strong>amuss-</strong></span> 
     </span>
     <span class='ocr_line' id='line_1_44' title="bbox 328 4403 1902 4491; baseline 0.006 -28"><span class='ocrx_word' id='word_1_443' title='bbox 328 4403 508 4469; x_wconf 89' lang='lat' dir='ltr'><strong>Ionoceutio</strong></span> <span class='ocrx_word' id='word_1_444' title='bbox 528 4405 712 4468; x_wconf 85' lang='lat' dir='ltr'><strong>damnatum</strong></span> <span class='ocrx_word' id='word_1_445' title='bbox 733 4405 893 4483; x_wconf 83' lang='lat' dir='ltr'><strong>ramperit,</strong></span> <span class='ocrx_word' id='word_1_446' title='bbox 914 4405 1035 4486; x_wconf 91' lang='lat' dir='ltr'><strong>scripsit</strong></span> <span class='ocrx_word' id='word_1_447' title='bbox 1056 4407 1097 4473; x_wconf 88' lang='lat' dir='ltr'><strong>ad</strong></span> <span class='ocrx_word' id='word_1_448' title='bbox 1144 4409 1488 4489; x_wconf 86' lang='lat' dir='ltr'><strong>toresadessepossent,</strong></span> <span class='ocrx_word' id='word_1_449' title='bbox 1502 4411 1773 4475; x_wconf 82' lang='lat' dir='ltr'><strong>EustateaZosimi</strong></span> <span class='ocrx_word' id='word_1_450' title='bbox 1786 4409 1902 4491; x_wconf 81' lang='lat' dir='ltr'><strong>epistola</strong></span> 
     </span>
     <span class='ocr_line' id='line_1_45' title="bbox 329 4494 1900 4583; baseline 0.004 -25"><span class='ocrx_word' id='word_1_451' title='bbox 329 4494 555 4569; x_wconf 84' lang='lat' dir='ltr'><strong>inuocantium,</strong></span> <span class='ocrx_word' id='word_1_452' title='bbox 574 4496 628 4558; x_wconf 87' lang='lat' dir='ltr'><strong>sed</strong></span> <span class='ocrx_word' id='word_1_453' title='bbox 642 4515 678 4558; x_wconf 90' lang='lat' dir='ltr'><strong>eo</strong></span> <span class='ocrx_word' id='word_1_454' title='bbox 693 4496 761 4575; x_wconf 82' lang='lat' dir='ltr'><strong>jam</strong></span> <span class='ocrx_word' id='word_1_455' title='bbox 780 4495 1096 4570; x_wconf 62' lang='lat' dir='ltr'><strong>monastratura</strong></span> <span class='ocrx_word' id='word_1_456' title='bbox 1143 4517 1276 4561; x_wconf 88' lang='lat' dir='ltr'><strong>numero</strong></span> <span class='ocrx_word' id='word_1_457' title='bbox 1294 4502 1331 4562; x_wconf 88' lang='lat'><strong>10</strong></span> <span class='ocrx_word' id='word_1_458' title='bbox 1348 4501 1429 4565; x_wconf 90' lang='lat' dir='ltr'><strong>iuter</strong></span> <span class='ocrx_word' id='word_1_459' title='bbox 1446 4503 1513 4580; x_wconf 88' lang='lat' dir='ltr'><strong>ejus</strong></span> <span class='ocrx_word' id='word_1_460' title='bbox 1536 4503 1689 4583; x_wconf 86' lang='lat' dir='ltr'><strong>epistolas,</strong></span> <span class='ocrx_word' id='word_1_461' title='bbox 1717 4502 1900 4567; x_wconf 68' lang='lat' dir='ltr'><strong>delationi</strong></span> 
     </span>
     <span class='ocr_line' id='line_1_46' title="bbox 327 4586 1902 4675; baseline 0.007 -28"><span class='ocrx_word' id='word_1_462' title='bbox 327 4586 394 4647; x_wconf 88' lang='lat' dir='ltr'><strong>illas</strong></span> <span class='ocrx_word' id='word_1_463' title='bbox 406 4588 530 4667; x_wconf 83' lang='lat' dir='ltr'><strong>recepit.</strong></span> <span class='ocrx_word' id='word_1_464' title='bbox 539 4588 699 4649; x_wconf 86' lang='lat' dir='ltr'><strong>Caelestius</strong></span> <span class='ocrx_word' id='word_1_465' title='bbox 707 4589 958 4651; x_wconf 87' lang='lat' dir='ltr'><strong>deindeRomam</strong></span> <span class='ocrx_word' id='word_1_466' title='bbox 967 4590 1095 4655; x_wconf 85' lang='lat' dir='ltr'><strong>veniens</strong></span> <span class='ocrx_word' id='word_1_467' title='bbox 1142 4591 1241 4669; x_wconf 88' lang='lat' dir='ltr'><strong>April.</strong></span> <span class='ocrx_word' id='word_1_468' title='bbox 1252 4591 1284 4655; x_wconf 84' lang='lat' dir='ltr'><strong>id</strong></span> <span class='ocrx_word' id='word_1_469' title='bbox 1296 4597 1341 4654; x_wconf 88' lang='lat' dir='ltr'><strong>est</strong></span> <span class='ocrx_word' id='word_1_470' title='bbox 1354 4595 1459 4655; x_wconf 88' lang='lat' dir='ltr'><strong>martii</strong></span> <span class='ocrx_word' id='word_1_471' title='bbox 1478 4597 1529 4670; x_wconf 72' lang='lat' dir='ltr'><strong>tt,</strong></span> <span class='ocrx_word' id='word_1_472' title='bbox 1546 4595 1685 4659; x_wconf 86' lang='lat' dir='ltr'><strong>Honorio</strong></span> <span class='ocrx_word' id='word_1_473' title='bbox 1695 4598 1775 4674; x_wconf 85' lang='lat' dir='ltr'><strong>Aug.</strong></span> <span class='ocrx_word' id='word_1_474' title='bbox 1793 4598 1840 4672; x_wconf 71' lang='lat' dir='ltr'><strong>ll,</strong></span> <span class='ocrx_word' id='word_1_475' title='bbox 1852 4594 1902 4675; x_wconf 79' lang='lat' dir='ltr'><strong>qui</strong></span> 
     </span>
     <span class='ocr_line' id='line_1_47' title="bbox 326 4677 1901 4767; baseline 0.007 -29"><span class='ocrx_word' id='word_1_476' title='bbox 326 4677 735 4757; x_wconf 76' lang='lat' dir='ltr'><strong>lihessumuomaedidit⁷,</strong></span> <span class='ocrx_word' id='word_1_477' title='bbox 750 4700 812 4760; x_wconf 91' lang='lat' dir='ltr'><strong>quo</strong></span> <span class='ocrx_word' id='word_1_478' title='bbox 828 4696 892 4742; x_wconf 87' lang='lat' dir='ltr'><strong>sese</strong></span> <span class='ocrx_word' id='word_1_479' title='bbox 908 4681 1091 4762; x_wconf 66' lang='lat' dir='ltr'><strong>purgasset</strong></span> <span class='ocrx_word' id='word_1_480' title='bbox 1143 4701 1245 4749; x_wconf 84' lang='lat' dir='ltr'><strong>sunus</strong></span> <span class='ocrx_word' id='word_1_481' title='bbox 1278 4687 1350 4748; x_wconf 78' lang='lat' dir='ltr'><strong>rur</strong></span> <span class='ocrx_word' id='word_1_482' title='bbox 1380 4692 1505 4765; x_wconf 86' lang='lat' dir='ltr'><strong>accepts</strong></span> <span class='ocrx_word' id='word_1_483' title='bbox 1531 4704 1605 4748; x_wconf 86' lang='lat' dir='ltr'><strong>vero</strong></span> <span class='ocrx_word' id='word_1_484' title='bbox 1632 4687 1760 4767; x_wconf 89' lang='lat' dir='ltr'><strong>ponitur</strong></span> <span class='ocrx_word' id='word_1_485' title='bbox 1783 4703 1818 4751; x_wconf 87' lang='lat' dir='ltr'><strong>ur</strong></span> <span class='ocrx_word' id='word_1_486' title='bbox 1844 4686 1901 4749; x_wconf 80' lang='lat' dir='ltr'><strong>aa</strong></span> 
     </span>
     <span class='ocr_line' id='line_1_48' title="bbox 326 4770 1546 4857; baseline 0.007 -26"><span class='ocrx_word' id='word_1_487' title='bbox 326 4771 447 4833; x_wconf 89' lang='lat' dir='ltr'><strong>Verum</strong></span> <span class='ocrx_word' id='word_1_488' title='bbox 465 4770 600 4833; x_wconf 89' lang='lat' dir='ltr'><strong>instante</strong></span> <span class='ocrx_word' id='word_1_489' title='bbox 620 4772 752 4846; x_wconf 73' lang='lat' dir='ltr'><strong>Zeuma,</strong></span> <span class='ocrx_word' id='word_1_490' title='bbox 774 4778 810 4834; x_wconf 92' lang='lat' dir='ltr'><strong>ut</strong></span> <span class='ocrx_word' id='word_1_491' title='bbox 828 4773 867 4834; x_wconf 90' lang='lat' dir='ltr'><strong>ad</strong></span> <span class='ocrx_word' id='word_1_492' title='bbox 881 4790 919 4834; x_wconf 89' lang='lat' dir='ltr'><strong>ea</strong></span> <span class='ocrx_word' id='word_1_493' title='bbox 930 4774 1096 4854; x_wconf 86' lang='lat' dir='ltr'><strong>responde·</strong></span> <span class='ocrx_word' id='word_1_494' title='bbox 1143 4775 1248 4847; x_wconf 85' lang='lat' dir='ltr'><strong>Maias,</strong></span> <span class='ocrx_word' id='word_1_495' title='bbox 1264 4776 1296 4838; x_wconf 91' lang='lat' dir='ltr'><strong>id</strong></span> <span class='ocrx_word' id='word_1_496' title='bbox 1310 4782 1355 4838; x_wconf 88' lang='lat' dir='ltr'><strong>est</strong></span> <span class='ocrx_word' id='word_1_497' title='bbox 1367 4777 1480 4857; x_wconf 86' lang='lat' dir='ltr'><strong>Aprilis</strong></span> <span class='ocrx_word' id='word_1_498' title='bbox 1495 4779 1546 4839; x_wconf 71' lang='lat'><strong>29.</strong></span> 
     </span>
     <span class='ocr_line' id='line_1_49' title="bbox 326 4861 1901 4951; baseline 0.006 -27"><span class='ocrx_word' id='word_1_499' title='bbox 326 4866 385 4938; x_wconf 88' lang='lat' dir='ltr'><strong>ret,</strong></span> <span class='ocrx_word' id='word_1_500' title='bbox 409 4881 479 4943; x_wconf 81' lang='lat' dir='ltr'><strong>que</strong></span> <span class='ocrx_word' id='word_1_501' title='bbox 499 4861 648 4928; x_wconf 85' lang='lat' dir='ltr'><strong>Paulinus</strong></span> <span class='ocrx_word' id='word_1_502' title='bbox 670 4862 818 4925; x_wconf 89' lang='lat' dir='ltr'><strong>diaeonus</strong></span> <span class='ocrx_word' id='word_1_503' title='bbox 840 4864 1003 4943; x_wconf 85' lang='lat' dir='ltr'><strong>objecerat,</strong></span> <span class='ocrx_word' id='word_1_504' title='bbox 1023 4872 1092 4927; x_wconf 89' lang='lat' dir='ltr'><strong>tum</strong></span> <span class='ocrx_word' id='word_1_505' title='bbox 1182 4869 1254 4931; x_wconf 86' lang='lat' dir='ltr'><strong>XV.</strong></span> <span class='ocrx_word' id='word_1_506' title='bbox 1269 4869 1387 4931; x_wconf 87' lang='lat' dir='ltr'><strong>Verum</strong></span> <span class='ocrx_word' id='word_1_507' title='bbox 1400 4869 1562 4931; x_wconf 86' lang='lat' dir='ltr'><strong>intervallo</strong></span> <span class='ocrx_word' id='word_1_508' title='bbox 1575 4871 1641 4947; x_wconf 91' lang='lat' dir='ltr'><strong>illo,</strong></span> <span class='ocrx_word' id='word_1_509' title='bbox 1667 4872 1750 4951; x_wconf 92' lang='lat' dir='ltr'><strong>quod</strong></span> <span class='ocrx_word' id='word_1_510' title='bbox 1776 4873 1855 4937; x_wconf 87' lang='lat' dir='ltr'><strong>iuter</strong></span> <span class='ocrx_word' id='word_1_511' title='bbox 1868 4871 1901 4933; x_wconf 72' lang='lat' dir='ltr'><strong>il</strong></span> 
     </span>
     <span class='ocr_line' id='line_1_50' title="bbox 326 4954 1904 5041; baseline 0.007 -26"><span class='ocrx_word' id='word_1_512' title='bbox 326 4954 1090 5037; x_wconf 77' lang='lat' dir='ltr'><strong>utInoooentiilitterisasseutireturpriusabnuit,</strong></span> <span class='ocrx_word' id='word_1_513' title='bbox 1142 4960 1253 5037; x_wconf 86' lang='lat' dir='ltr'><strong>Martii,</strong></span> <span class='ocrx_word' id='word_1_514' title='bbox 1283 4968 1315 5022; x_wconf 89' lang='lat' dir='ltr'><strong>et</strong></span> <span class='ocrx_word' id='word_1_515' title='bbox 1339 4961 1453 5041; x_wconf 81' lang='lat' dir='ltr'><strong>Aprilis</strong></span> <span class='ocrx_word' id='word_1_516' title='bbox 1466 4963 1506 5025; x_wconf 73' lang='lat'><strong>29</strong></span> <span class='ocrx_word' id='word_1_517' title='bbox 1522 4961 1593 5039; x_wconf 82' lang='lat' dir='ltr'><strong>ruit,</strong></span> <span class='ocrx_word' id='word_1_518' title='bbox 1622 4964 1773 5040; x_wconf 88' lang='lat' dir='ltr'><strong>Zosimus,</strong></span> <span class='ocrx_word' id='word_1_519' title='bbox 1795 4965 1904 5026; x_wconf 78' lang='lat' dir='ltr'><strong>delsus</strong></span> 
     </span>
     <span class='ocr_line' id='line_1_51' title="bbox 328 5046 1903 5133; baseline 0.004 -22"><span class='ocrx_word' id='word_1_520' title='bbox 328 5047 584 5111; x_wconf 82' lang='lat' dir='ltr'><strong>Innocentiivero</strong></span> <span class='ocrx_word' id='word_1_521' title='bbox 598 5046 735 5127; x_wconf 81' lang='lat' dir='ltr'><strong>epistolae</strong></span> <span class='ocrx_word' id='word_1_522' title='bbox 750 5067 815 5109; x_wconf 89' lang='lat' dir='ltr'><strong>non</strong></span> <span class='ocrx_word' id='word_1_523' title='bbox 828 5060 875 5112; x_wconf 88' lang='lat' dir='ltr'><strong>est</strong></span> <span class='ocrx_word' id='word_1_524' title='bbox 888 5065 982 5111; x_wconf 92' lang='lat' dir='ltr'><strong>ausus</strong></span> <span class='ocrx_word' id='word_1_525' title='bbox 996 5050 1094 5111; x_wconf 87' lang='lat' dir='ltr'><strong>obsis-</strong></span> <span class='ocrx_word' id='word_1_526' title='bbox 1143 5052 1288 5128; x_wconf 83' lang='lat' dir='ltr'><strong>Coelestii,</strong></span> <span class='ocrx_word' id='word_1_527' title='bbox 1306 5071 1342 5114; x_wconf 87' lang='lat' dir='ltr'><strong>aa</strong></span> <span class='ocrx_word' id='word_1_528' title='bbox 1364 5054 1480 5133; x_wconf 86' lang='lat' dir='ltr'><strong>Pelagii</strong></span> <span class='ocrx_word' id='word_1_529' title='bbox 1501 5054 1621 5129; x_wconf 84' lang='lat' dir='ltr'><strong>traude,</strong></span> <span class='ocrx_word' id='word_1_530' title='bbox 1637 5075 1708 5119; x_wconf 89' lang='lat' dir='ltr'><strong>eum</strong></span> <span class='ocrx_word' id='word_1_531' title='bbox 1727 5057 1765 5118; x_wconf 89' lang='lat' dir='ltr'><strong>ad</strong></span> <span class='ocrx_word' id='word_1_532' title='bbox 1780 5073 1903 5119; x_wconf 78' lang='lat' dir='ltr'><strong>amurca</strong></span> 
     </span>
     <span class='ocr_line' id='line_1_52' title="bbox 326 5138 1903 5228; baseline 0.008 -29"><span class='ocrx_word' id='word_1_533' title='bbox 326 5141 403 5212; x_wconf 87' lang='lat' dir='ltr'><strong>tere,</strong></span> <span class='ocrx_word' id='word_1_534' title='bbox 419 5138 483 5199; x_wconf 91' lang='lat' dir='ltr'><strong>imo</strong></span> <span class='ocrx_word' id='word_1_535' title='bbox 496 5139 637 5213; x_wconf 73' lang='lat' dir='ltr'><strong>aemuia</strong></span> <span class='ocrx_word' id='word_1_536' title='bbox 654 5158 725 5219; x_wconf 84' lang='lat' dir='ltr'><strong>quae</strong></span> <span class='ocrx_word' id='word_1_537' title='bbox 741 5141 828 5202; x_wconf 89' lang='lat' dir='ltr'><strong>sedes</strong></span> <span class='ocrx_word' id='word_1_538' title='bbox 846 5142 900 5203; x_wconf 90' lang='lat' dir='ltr'><strong>illa</strong></span> <span class='ocrx_word' id='word_1_539' title='bbox 919 5141 1092 5216; x_wconf 88' lang='lat' dir='ltr'><strong>damnaret,</strong></span> <span class='ocrx_word' id='word_1_540' title='bbox 1142 5150 1268 5205; x_wconf 83' lang='lat' dir='ltr'><strong>vocatus</strong></span> <span class='ocrx_word' id='word_1_541' title='bbox 1281 5145 1438 5206; x_wconf 79' lang='lat' dir='ltr'><strong>Caelestius</strong></span> <span class='ocrx_word' id='word_1_542' title='bbox 1449 5163 1514 5207; x_wconf 90' lang='lat' dir='ltr'><strong>sese</strong></span> <span class='ocrx_word' id='word_1_543' title='bbox 1524 5147 1735 5222; x_wconf 87' lang='lat' dir='ltr'><strong>subtraxisset,</strong></span> <span class='ocrx_word' id='word_1_544' title='bbox 1743 5154 1903 5228; x_wconf 70' lang='lat' dir='ltr'><strong>unumque</strong></span> 
     </span>
     <span class='ocr_line' id='line_1_53' title="bbox 326 5228 1903 5320; baseline 0.01 -30"><span class='ocrx_word' id='word_1_545' title='bbox 326 5247 359 5291; x_wconf 86' lang='lat' dir='ltr'><strong>se</strong></span> <span class='ocrx_word' id='word_1_546' title='bbox 372 5228 593 5293; x_wconf 88' lang='lat' dir='ltr'><strong>damnaturum</strong></span> <span class='ocrx_word' id='word_1_547' title='bbox 606 5249 671 5294; x_wconf 88' lang='lat' dir='ltr'><strong>esse</strong></span> <span class='ocrx_word' id='word_1_548' title='bbox 685 5232 836 5313; x_wconf 91' lang='lat' dir='ltr'><strong>promisit,</strong></span> <span class='ocrx_word' id='word_1_549' title='bbox 852 5239 945 5313; x_wconf 88' lang='lat' dir='ltr'><strong>atque</strong></span> <span class='ocrx_word' id='word_1_550' title='bbox 959 5234 1117 5320; x_wconf 86' lang='lat' dir='ltr'><strong>itavalut</strong></span> <span class='ocrx_word' id='word_1_551' title='bbox 1143 5235 1319 5314; x_wconf 82' lang='lat' dir='ltr'><strong>damnavit,</strong></span> <span class='ocrx_word' id='word_1_552' title='bbox 1367 5242 1403 5300; x_wconf 92' lang='lat' dir='ltr'><strong>ut</strong></span> <span class='ocrx_word' id='word_1_553' title='bbox 1440 5240 1632 5318; x_wconf 86' lang='lat' dir='ltr'><strong>Augustinus</strong></span> <span class='ocrx_word' id='word_1_554' title='bbox 1669 5245 1800 5307; x_wconf 82' lang='lat' dir='ltr'><strong>testatur</strong></span> <span class='ocrx_word' id='word_1_555' title='bbox 1831 5240 1903 5305; x_wconf 83' lang='lat' dir='ltr'><strong>libro</strong></span> 
     </span>
    </p>
   </div>
   <div class='ocr_carea' id='block_1_4' title="bbox 329 5452 1904 5589">
    <p class='ocr_par' dir='ltr' id='par_1_4' title="bbox 329 5452 1904 5589">
     <span class='ocr_line' id='line_1_54' title="bbox 355 5452 1904 5519; baseline 0.01 -24"><span class='ocrx_word' id='word_1_556' title='bbox 355 5452 366 5494; x_wconf 85' lang='lat' dir='ltr'><strong>t</strong></span> <span class='ocrx_word' id='word_1_557' title='bbox 380 5454 443 5498; x_wconf 74' lang='lat' dir='ltr'><strong>rom.</strong></span> <span class='ocrx_word' id='word_1_558' title='bbox 454 5454 463 5498; x_wconf 89' lang='lat'>1</span> <span class='ocrx_word' id='word_1_559' title='bbox 474 5454 541 5499; x_wconf 79' lang='lat' dir='ltr'><strong>Coae¹</strong></span> <span class='ocrx_word' id='word_1_560' title='bbox 553 5460 576 5498; x_wconf 87' lang='lat' dir='ltr'><strong>at</strong></span> <span class='ocrx_word' id='word_1_561' title='bbox 587 5455 651 5510; x_wconf 85' lang='lat' dir='ltr'><strong>epist.</strong></span> <span class='ocrx_word' id='word_1_562' title='bbox 661 5457 757 5512; x_wconf 83' lang='lat' dir='ltr'><strong>August.</strong></span> <span class='ocrx_word' id='word_1_563' title='bbox 769 5468 821 5501; x_wconf 81' lang='lat' dir='ltr'><strong>sorr.</strong></span> <span class='ocrx_word' id='word_1_564' title='bbox 829 5480 857 5490; x_wconf 95' lang='lat'><em>-</em></span> <span class='ocrx_word' id='word_1_565' title='bbox 869 5456 884 5500; x_wconf 72' lang='lat' dir='ltr'><strong>t</strong></span> <span class='ocrx_word' id='word_1_566' title='bbox 897 5457 936 5501; x_wconf 79' lang='lat' dir='ltr'><strong>Eat</strong></span> <span class='ocrx_word' id='word_1_567' title='bbox 944 5457 1004 5502; x_wconf 83' lang='lat' dir='ltr'><strong>iuter</strong></span> <span class='ocrx_word' id='word_1_568' title='bbox 1024 5459 1118 5514; x_wconf 78' lang='lat' dir='ltr'><strong>August.</strong></span> <span class='ocrx_word' id='word_1_569' title='bbox 1129 5471 1200 5503; x_wconf 69' lang='grc' dir='ltr'>ιιι-</span> <span class='ocrx_word' id='word_1_570' title='bbox 1213 5462 1227 5505; x_wconf 81' lang='lat'><em>8</em></span> <span class='ocrx_word' id='word_1_571' title='bbox 1241 5461 1302 5505; x_wconf 86' lang='lat' dir='ltr'><strong>tuter</strong></span> <span class='ocrx_word' id='word_1_572' title='bbox 1322 5463 1418 5519; x_wconf 82' lang='lat' dir='ltr'><strong>August.</strong></span> <span class='ocrx_word' id='word_1_573' title='bbox 1433 5470 1560 5513; x_wconf 76' lang='lat' dir='ltr'><strong>serrulam.</strong></span> <span class='ocrx_word' id='word_1_574' title='bbox 1573 5465 1583 5511; x_wconf 89' lang='lat' dir='ltr'><strong>l</strong></span> <span class='ocrx_word' id='word_1_575' title='bbox 1594 5466 1714 5515; x_wconf 83' lang='lat' dir='ltr'><strong>Ceno,-t</strong></span> <span class='ocrx_word' id='word_1_576' title='bbox 1734 5466 1754 5510; x_wconf 90' lang='lat' dir='ltr'><strong>ll</strong></span> <span class='ocrx_word' id='word_1_577' title='bbox 1768 5469 1844 5513; x_wconf 70' lang='lat' dir='ltr'><strong>m</strong></span> <span class='ocrx_word' id='word_1_578' title='bbox 1857 5478 1904 5513; x_wconf 84' lang='lat' dir='ltr'><strong>u,-</strong></span> 
     </span>
     <span class='ocr_line' id='line_1_55' title="bbox 329 5512 1860 5589; baseline 0.012 -34"><span class='ocrx_word' id='word_1_579' title='bbox 329 5512 343 5554; x_wconf 85' lang='lat' dir='ltr'><strong>o</strong></span> <span class='ocrx_word' id='word_1_580' title='bbox 357 5512 404 5559; x_wconf 81' lang='lat' dir='ltr'><strong>tlt.</strong></span> <span class='ocrx_word' id='word_1_581' title='bbox 420 5516 440 5559; x_wconf 91' lang='lat' dir='ltr'><strong>ll</strong></span> <span class='ocrx_word' id='word_1_582' title='bbox 454 5517 515 5561; x_wconf 72' lang='lat' dir='ltr'><strong>itere.</strong></span> <span class='ocrx_word' id='word_1_583' title='bbox 525 5529 544 5561; x_wconf 85' lang='lat' dir='ltr'><strong>a.</strong></span> <span class='ocrx_word' id='word_1_584' title='bbox 557 5527 652 5562; x_wconf 79' lang='lat' dir='ltr'><strong>rursu·</strong></span> <span class='ocrx_word' id='word_1_585' title='bbox 663 5518 677 5563; x_wconf 90' lang='lat' dir='ltr'><strong>e</strong></span> <span class='ocrx_word' id='word_1_586' title='bbox 688 5520 745 5576; x_wconf 77' lang='lat' dir='ltr'><strong>Aug.</strong></span> <span class='ocrx_word' id='word_1_587' title='bbox 757 5519 773 5564; x_wconf 92' lang='grc'><strong>1.</strong></span> <span class='ocrx_word' id='word_1_588' title='bbox 785 5519 805 5563; x_wconf 86' lang='lat' dir='ltr'><strong>ll</strong></span> <span class='ocrx_word' id='word_1_589' title='bbox 816 5520 843 5563; x_wconf 80' lang='lat' dir='ltr'><strong>ds</strong></span> <span class='ocrx_word' id='word_1_590' title='bbox 853 5521 915 5566; x_wconf 80' lang='lat' dir='ltr'><strong>Peto.</strong></span> <span class='ocrx_word' id='word_1_591' title='bbox 927 5521 982 5574; x_wconf 70' lang='lat' dir='ltr'><strong>arto.</strong></span> <span class='ocrx_word' id='word_1_592' title='bbox 993 5532 1013 5565; x_wconf 84' lang='lat' dir='ltr'><strong>a.</strong></span> <span class='ocrx_word' id='word_1_593' title='bbox 1024 5524 1131 5567; x_wconf 75' lang='lat' dir='ltr'><strong>suu-t</strong></span> <span class='ocrx_word' id='word_1_594' title='bbox 1146 5523 1178 5569; x_wconf 81' lang='lat' dir='ltr'><strong>lt.</strong></span> <span class='ocrx_word' id='word_1_595' title='bbox 1191 5534 1210 5569; x_wconf 86' lang='lat' dir='ltr'><strong>a.</strong></span> <span class='ocrx_word' id='word_1_596' title='bbox 1223 5523 1294 5569; x_wconf 82' lang='lat' dir='ltr'><strong>r.-8</strong></span> <span class='ocrx_word' id='word_1_597' title='bbox 1307 5523 1340 5568; x_wconf 86' lang='lat' dir='ltr'><strong>lt.</strong></span> <span class='ocrx_word' id='word_1_598' title='bbox 1352 5537 1373 5572; x_wconf 84' lang='lat' dir='ltr'><strong>c.</strong></span> <span class='ocrx_word' id='word_1_599' title='bbox 1384 5526 1476 5573; x_wconf 76' lang='lat' dir='ltr'><strong>aru—t</strong></span> <span class='ocrx_word' id='word_1_600' title='bbox 1489 5528 1537 5573; x_wconf 74' lang='lat' dir='ltr'><strong>Zaa</strong></span> <span class='ocrx_word' id='word_1_601' title='bbox 1549 5539 1586 5584; x_wconf 83' lang='lat' dir='ltr'><strong>ep,</strong></span> <span class='ocrx_word' id='word_1_602' title='bbox 1597 5538 1626 5579; x_wconf 85' lang='lat' dir='ltr'><strong>u,</strong></span> <span class='ocrx_word' id='word_1_603' title='bbox 1640 5535 1657 5574; x_wconf 79' lang='lat' dir='ltr'><strong>t.</strong></span> <span class='ocrx_word' id='word_1_604' title='bbox 1669 5528 1678 5575; x_wconf 94' lang='lat' dir='ltr'><strong>l</strong></span> <span class='ocrx_word' id='word_1_605' title='bbox 1690 5526 1757 5575; x_wconf 82' lang='lat' dir='ltr'><strong>Ceus.</strong></span> <span class='ocrx_word' id='word_1_606' title='bbox 1766 5537 1831 5589; x_wconf 73' lang='lat' dir='ltr'><strong>usp.</strong></span> <span class='ocrx_word' id='word_1_607' title='bbox 1839 5539 1860 5575; x_wconf 81' lang='lat' dir='ltr'><strong>s.</strong></span> 
     </span>
    </p>
   </div>
   <div class='ocr_carea' id='block_1_5' title="bbox 0 0 2006 6168">
    <p class='ocr_par' dir='ltr' id='par_1_5' title="bbox 0 0 2006 6168">
     <span class='ocr_line' id='line_1_56' title="bbox 0 0 2006 6168; baseline 0 1"><span class='ocrx_word' id='word_1_608' title='bbox 0 0 2006 6168; x_wconf 95' lang='lat' dir='ltr'><strong> </strong></span> 
     </span>
    </p>
   </div>
  </div>
 </body>
</html>
