3948 6172
311 264 373 324 456
817 261 1143 328 THEOLOGIGORUM
1166 257 1383 324 coenarum

313 427 387 508 qrria
411 445 536 509 morare
562 435 748 510 potnerunt3
769 432 823 493 sed
847 432 920 513 quia
944 449 1000 513 per
1024 431 1084 492 hoe
1132 432 1322 503 ramessen
1335 426 1487 506 majorem
1503 433 1660 506 meretur,
1676 429 1783 508 qualit
1797 430 1876 494 bben-

217 566 220 573 .
313 521 622 599 quodammodocse
640 523 769 602 habent,
789 524 874 604 quod
887 542 1014 605 peceare
1028 540 1083 584 ne·
1132 522 1206 589 sius.
1223 520 1261 581 In
1272 519 1362 580 malis
1376 521 1714 601 cntemaugetpeeoati
1726 523 1877 599 gravitatem

315 618 445 694 queunt.
461 617 499 675 In
513 615 780 695 qnoaliquatenus
793 615 994 678 similessunt
1007 616 1083 691 Deo,
1132 611 1300 674 voluntatis
1326 611 1423 690 ipsius
1450 629 1522 673 oum
1548 612 1695 675 libertate
1720 618 1876 695 propensis3

315 703 369 785 qui
384 724 402 765 a
416 723 448 766 se
468 706 562 768 babet
575 707 727 787 quidquid
748 709 855 770 babet.
871 708 988 770 Dicitur
1000 707 1084 768 enim
1133 704 1248 765 minuit
1272 708 1377 764 autem
1403 704 1462 779 vis,
1494 710 1524 765 et
1551 704 1745 766 extrinsecus
1769 707 1878 769 adbibita

316 798 390 859 dare
403 799 530 878 aliquid,
546 800 630 879 quod
643 819 708 862 non
722 800 845 877 aufert,
883 801 1009 881 quando
1027 818 1084 878 po-
1134 797 1253 858 ooactio
1266 813 1331 857 non
1344 795 1426 858 tollit
1438 796 1570 885 omnino
1581 816 1591 872 ;
1608 797 1648 858 de
1660 814 1722 876 quo
1735 816 1819 878 supra
1828 800 1877 880 jan
1933 782 1934 857 i

314 895 384 966 test,
400 892 431 951 et
452 889 552 959 lacere
577 909 642 953 esse
667 892 795 972 aliqrrid,
814 892 880 972 qui,
896 910 968 953 cum
990 890 1086 970 possit
1134 888 1281 950 diximus.

315 980 450 1061 idipsum
463 981 563 1069 faeere
572 1001 648 1060 esse,
656 1002 721 1045 non
732 984 815 1045 facit.
828 984 880 1045 Sic
890 984 1005 1065 itaque,
1013 1000 1085 1044 eum
1173 980 1212 1040 X.
1236 979 1386 1054 Alterum,
1394 978 1478 1057 quod
1491 978 1660 1041 anselmus
1672 978 1876 1059 significatum

316 1073 454 1153 Angelus
467 1075 570 1153 potuit
592 1074 712 1137 auterre
726 1075 783 1136 sibi
795 1075 960 1154 justitiam,
976 1082 1007 1136 et
1020 1093 1084 1136 non
1133 1071 1237 1132 minus
1259 1070 1375 1132 Caluini
1396 1070 1517 1132 asseclis
1538 1071 1734 1132 sonnatium
1753 1080 1804 1149 est,
1820 1077 1876 1137 dun

316 1163 453 1243 abstulit,
464 1175 494 1227 et
508 1166 617 1244 facere,
633 1185 665 1228 se
679 1185 744 1228 non
759 1185 823 1229 esse
834 1167 965 1246 justum,
977 1171 1007 1229 et
1020 1185 1085 1228 non
1133 1162 1177 1223 ita
1191 1163 1297 1224 scribit
1313 1182 1321 1223 ε
1337 1180 1403 1223 non
1416 1162 1486 1223 ideo
1499 1162 1677 1224 laudandos
1689 1164 1875 1245 esselngela

315 1256 486 1331 fecit,reete
495 1258 711 1339 asserituripse
721 1258 781 1320 sibi
790 1259 909 1320 dedisse
918 1258 1082 1337 justitiam,
1138 1276 1154 1313 a
1173 1255 1246 1334 quia
1260 1271 1387 1335 pessare
1406 1260 1598 1334 potuerunt3
1623 1256 1678 1315 sed
1695 1256 1766 1333 quia
1777 1258 1876 1335 perlue

316 1353 347 1409 et
371 1349 507 1429 seipsum
530 1351 650 1430 justum
675 1351 822 1413 fecisse»
845 1351 920 1424 Quae
947 1351 1084 1412 Anselmi
1133 1346 1364 1425 quodammodo
1383 1363 1402 1406 a
1421 1345 1597 1420 sehabent,
1613 1346 1699 1425 quod
1720 1365 1874 1424 peccarem

314 1440 410 1501 verba
436 1442 476 1501 ab
496 1460 577 1503 novo
602 1443 786 1519 dogmatista
812 1442 970 1522 preterita
996 1448 1079 1520 sunt,
1135 1443 1264 1515 qucum.
1283 1459 1295 1493 ι
1314 1439 1453 1511 Quorum
1467 1437 1639 1499 verborum
1653 1437 1710 1498 iste
1724 1444 1872 1503 satcenses:
1933 1478 1934 1495 i

315 1532 399 1611 quod
421 1533 499 1612 ejus,
520 1533 552 1594 id
578 1539 624 1594 est
646 1533 777 1610 Caluini,
801 1536 897 1612 Bezae,
921 1553 957 1596 ac
974 1535 1085 1595 Buceri
1134 1529 1213 1590 Cum
1233 1530 1273 1590 sit
1294 1530 1328 1589 in
1349 1528 1447 1590 libero
1465 1528 1597 1590 arbitrio
1617 1530 1761 1591 utriusvis
1772 1532 1873 1611 ampler-

314 1629 387 1685 ante
400 1624 504 1703 ipsum
517 1624 640 1701 haeresi,
656 1630 692 1686 ut
703 1644 773 1687 eam
788 1625 820 1687 S.
836 1627 969 1687 Thomas
978 1626 1084 1687 nomi·
1133 1619 1220 1682 tendi
1230 1626 1375 1699 potestas,
1390 1619 1476 1696 boni,
1491 1621 1541 1682 vel
1556 1620 1645 1696 mali,
1661 1639 1725 1681 non
1738 1621 1806 1682 obid
1816 1642 1872 1702 pra

314 1719 379 1789 nat,
395 1715 541 1776 lethalem
567 1715 693 1795 plagam
716 1716 865 1778 inferunt.
888 1718 968 1778 Nam
987 1736 1025 1778 ex
1047 1718 1085 1778 iis
1134 1712 1208 1787 eise,
1223 1712 1308 1791 quod
1325 1712 1444 1772 malum
1458 1712 1586 1792 eligere,
1603 1731 1641 1774 ac
1655 1730 1774 1792 peccare
1787 1719 1870 1793 potest

314 1805 502 1885 colliguntur
515 1808 589 1883 duo,
605 1808 729 1887 quibus,
754 1810 840 1870 velut
852 1810 981 1871 totidem
1001 1809 1083 1871 arie-
1133 1803 1225 1864 laude
1247 1821 1312 1865 ³8³⁰
1334 1802 1486 1882 dignum
1513 1805 1569 1865 ⁸01¹
1590 1822 1629 1865 0⁰
1652 1804 1728 1883 19⁸0,
1751 1806 1871 1884 quod,ut

313 1896 408 1970 tibus,
424 1902 490 1959 tota
503 1898 556 1960 illa
569 1899 652 1960 falsas
672 1901 770 1961 moles
784 1900 940 1979 opinionis
951 1901 1083 1982 peririn·
1136 1894 1299 1975 Scriptura
1312 1895 1462 1973 loquitur,
1474 1895 1870 1978 compressansteneras

313 1991 408 2066 gitur.
826 1994 829 1999 ’
1134 1995 1178 2048 est
1191 1996 1387 2068 transgressus
1399 2035 1407 2064 ,
1421 1988 1481 2049 hoe
1495 1994 1551 2065 est,
1568 2007 1642 2050 eum
1655 2007 1774 2068 perena
1784 1996 1868 2067 posset

354 2082 410 2141 lx.
433 2082 554 2143 Horum
566 2082 598 2143 id
613 2082 750 2161 primum
763 2088 808 2144 est
820 2103 827 2145 t
841 2084 970 2164 stirpem
983 2085 1084 2146 laudis
1135 2079 1246 2140 maluit
1267 2078 1347 2140 bene
1374 2096 1477 2156 agere,
1507 2089 1539 2142 et
1567 2080 1683 2142 idcirco
1706 2099 1777 2156 ase,
1792 2080 1817 2140 id
1836 2085 1868 2141 est

314 2179 345 2234 et
355 2171 648 2252 radicem,adecquc
661 2174 776 2250 meriti,
787 2181 817 2235 et
826 2175 932 2237 liberte
941 2177 1082 2253 actionis,
1134 2178 1254 2251 sponte,
1269 2189 1333 2233 non
1342 2172 1450 2248 invite,
1463 2177 1494 2233 et
1504 2178 1636 2252 cogente
1646 2172 1745 2251 aliquo
1750 2172 1867 2250 justitian

312 2264 346 2324 in
360 2266 511 2342 potestate
524 2264 564 2324 ad
577 2265 733 2325 utrumvis
754 2265 931 2345 eligendum
946 2284 1011 2328 esse
1024 2286 1084 2347 po-
1134 2263 1297 2342 amplexus
1310 2269 1366 2325 est.
1381 2263 1461 2324 Illud
1475 2268 1521 2325 est
1533 2263 1866 2340 emmerammianos

313 2356 416 2417 sitam
443 2356 482 2415 In
504 2374 567 2435 quo
588 2357 755 2418 Anselmus
778 2357 855 2418 illud
876 2358 1086 2420 E'oclesiostr'cr'
1133 2354 1280 2416 interiore
1300 2361 1400 2431 motu,
1413 2361 1444 2416 et
1462 2356 1615 2436 impulsu,
1630 2361 1672 2431 et,
1687 2361 1722 2416 ut
1740 2354 1865 2416 Gracile

313 2465 378 2527 prae
406 2447 501 2526 ocrrlis
523 2447 667 2509 babuisse
692 2449 833 2526 videtur,
864 2468 900 2511 ac
930 2451 1084 2512 declarare
1132 2451 1282 2525 quantur,
1308 2454 1467 2527 αὐθαιρέτως.
1494 2450 1547 2516 Et,
1574 2447 1722 2527 quoniam
1747 2445 1823 2506 lbere
1841 2462 1864 2505 se
1922 2522 1925 2529 μ

313 2538 469 2599 voluisse:
497 2537 585 2612 Erit,
611 2540 747 2618 inquit¹,
777 2540 826 2602 illi
847 2541 945 2622 plomb
960 2548 1082 2617 otmar,
1132 2538 1254 2627 meliori
1264 2540 1345 2618 parti
1359 2539 1456 2599 semel
1473 2538 1603 2614 addixit,
1619 2538 1760 2616 ideojam
1770 2553 1864 2614 compos

313 2646 426 2709 nempe
437 2629 527 2690 beato
539 2629 639 2706 diviti,
654 2631 709 2711 qui
732 2631 868 2693 inventos
883 2634 998 2694 estsine
1016 2654 1083 2695 mc·
1133 2629 1199 2707 ejus
1212 2629 1319 2703 factus,
1337 2635 1369 2691 et
1381 2630 1421 2691 ad
1435 2648 1504 2692 eam
1525 2630 1736 2704 immutabilis,
1747 2646 1778 2688 ae
1787 2644 1862 2688 neers

313 2720 392 2782 cula.
411 2722 474 2781 Gur
486 2721 618 2782 autem?
635 2712 694 2798 Qoi
713 2724 813 2803 potuit
835 2724 1013 2803 traaspredi,
1028 2727 1081 2804 ait,
1132 2722 1223 2783 sarias
1237 2722 1393 2783 eharitatis
1405 2723 1540 2784 vincmis
1561 2723 1712 2802 alligabis,
1726 2718 1863 2780 hademar

313 2819 409 2874 eccon
422 2812 785 2894 esttracspressus‚screre
798 2814 1082 2897 molmetnocfecr't.
1133 2832 1182 2890 eo,
1205 2813 1288 2893 quod
1307 2813 1416 2890 libere,
1442 2832 1515 2874 oum
1533 2815 1655 2894 potuit,
1679 2813 1759 2873 ibam
1778 2814 1862 2870 suun

312 2902 382 2964 Ideo
394 2902 526 2965 stabilito
538 2911 605 2964 sunt
626 2903 696 2965 dona
717 2904 803 2966 illius
823 2910 856 2967 in
870 2906 1009 2983 Domino,
1025 2914 1083 2970 etc.
1134 2904 1237 2985 elegit,
1253 2906 1467 2985 promeritam,
1482 2925 1518 2968 ac
1531 2912 1656 2986 partam
1668 2899 1862 2967 comtanterob

314 2995 470 3055 Nimirum
497 2994 537 3056 ob
562 2994 595 3055 id
622 2996 720 3074 gloria
754 2997 867 3076 dignus
895 3003 1026 3076 aeterna,
1055 3008 1086 3061 et
1134 2997 1224 3074 tinet,
1239 3016 1305 3058 non
1327 2999 1561 3060 continuatione
1585 3001 1653 3078 ipsa
1673 2990 1861 3069 mereri,elin

313 3085 489 3147 landandus
515 3085 636 3161 dieitur,
657 3088 741 3167 quia,
767 3107 839 3149 eum
860 3108 987 3169 peccare
1006 3093 1086 3153 velle
1135 3088 1294 3150 infinitum
1307 3105 1491 3168 exaggerare
1503 3091 1617 3170 pergit.

314 3183 428 3256 posset,
446 3178 564 3254 noluit,
581 3184 612 3239 et
625 3179 736 3240 maluit
749 3179 939 3243 benefacere.
957 3183 1085 3244 Similli·
1176 3181 1221 3241 lta
1234 3181 1319 3241 enim
1333 3181 1536 3258 Augustinus,
1553 3189 1587 3243 et
1600 3180 1763 3260 complures
1773 3174 1813 3235 alii
1823 3188 1859 3232 tt·

315 3286 405 3332 mum
418 3269 479 3331 hoc
492 3274 549 3346 est,
564 3270 649 3349 quod
668 3270 706 3332 de
722 3271 841 3351 Angelo
861 3273 966 3335 scribit
979 3274 1088 3337 Ansel-
1134 3277 1259 3348 terum,
1276 3272 1410 3351 Angelos
1425 3273 1534 3334 dicunt
1546 3273 1639 3335 liberi
1652 3269 1776 3344 arbitrii,
1788 3278 1858 3342 eoque

316 3378 397 3438 mus,
412 3367 575 3441 propterea
587 3361 780 3425 laudandum
800 3382 876 3440 esse,
891 3368 964 3445 qrria
977 3366 1085 3446 libere,
1135 3363 1258 3425 adscitae
1280 3363 1402 3425 virtutis
1424 3366 1535 3426 merito
1555 3366 1591 3427 id
1602 3364 1796 3436 assecutos,ut
1810 3371 1858 3435 pec*

318 3471 354 3515 ae
364 3461 474 3531 sponte
484 3452 636 3530 justitiam
649 3454 761 3531 tenuit,
781 3455 993 3520 deserentibus
1005 3458 1084 3537 aliis,
1136 3472 1206 3516 care
1225 3455 1358 3533 amplius
1380 3474 1445 3517 non
1464 3464 1602 3536 possent,
1618 3457 1757 3518 nimirum
1776 3452 1855 3509 saun

318 3548 350 3605 et
362 3544 395 3603 in
409 3542 509 3603 officio
523 3545 647 3618 mansit,
661 3562 732 3605 eum
746 3546 866 3622 itidem,
882 3554 917 3608 ut
930 3550 1010 3627 illi‚a
1024 3551 1087 3612 Deo
1136 3546 1303 3627 quemdam
1322 3547 1560 3626 immutabilem,
1574 3555 1607 3611 et
1627 3545 1792 3610 indivulsam
1806 3551 1856 3597 0⁰1⁰

318 3640 423 3715 posset
435 3634 576 3697 deficere.
592 3635 740 3701 Quamvis
753 3636 847 3716 igitur
861 3638 895 3698 in
912 3658 949 3700 eo
960 3640 1087 3718 justitior
1128 3640 1199 3699 Deo
1234 3637 1497 3716 conjunctionem.
1527 3643 1572 3702 lle
1600 3658 1660 3722 quo
1690 3638 1730 3698 ita
1757 3634 1856 3694 loannes

318 3725 491 3788 retinendae
503 3727 661 3805 proposito
683 3729 854 3789 necessario
867 3748 953 3791 nunc
969 3730 1089 3792 defixus
1136 3732 1365 3791 Damascenus:
1385 3752 1402 3789 a
1424 3731 1581 3809 Diabolus,
1604 3730 1710 3811 inquit,
1733 3727 1855 3806 propit?el

317 3818 444 3892 haereat,
460 3823 625 3898 postquam
638 3818 671 3878 in
685 3825 823 3900 suscepta
833 3820 984 3898 bonitate,
995 3829 1087 3903 atque
1136 3821 1220 3901 quod
1243 3822 1485 3902 incorruptibilis
1504 3830 1561 3897 est,
1578 3829 1733 3904 postqmn
1752 3831 1783 3876 0¹
1798 3810 1854 3870 ⁰¹⁰⁰·

318 3913 416 3988 gratia
429 3911 642 3979 constantiam,
659 3917 689 3972 et
703 3912 895 3974 immobilem
908 3912 1087 3977 firmitatem
1138 3915 1221 3975 tione
1242 3913 1346 3993 lapsus
1368 3919 1433 3991 est,
1457 3916 1646 3994 paenitentiae
1671 3912 1814 3991 expertem,
1829 3901 1856 4001 '0¹

317 4003 438 4083 praemii
451 4002 519 4064 loco
541 4008 587 4063 est
600 4004 748 4083 adeptus;
778 4022 843 4066 non
863 4005 904 4065 cb
916 4006 948 4067 id
962 4008 1088 4086 praeeise
1136 4004 1363 4066 immutabilem
1394 4005 1428 4065 in
1461 4006 1545 4066 malo
1572 4005 1739 4068 firmitatem
1765 3992 1853 4055 habul-

316 4096 441 4157 laudern
468 4101 618 4168 meretur,
645 4095 730 4174 quod
757 4095 792 4155 in
816 4115 853 4157 eo
875 4102 957 4158 statu
977 4105 1087 4177 sponte
1137 4096 1404 4170 Quemadmodum
1417 4098 1598 4159 econtrario
1609 4094 1723 4172 Angeli
1731 4090 1853 4170 postium

317 4192 502 4267 perseverat,
517 4187 571 4248 sed
587 4188 671 4266 quod
683 4172 790 4266 lintre,
804 4206 875 4249 cum
889 4196 1001 4269 posset,
1013 4210 1086 4252 eum
1135 4205 1174 4249 ex
1186 4187 1285 4249 libem
1297 4188 1425 4250 arbitrio
1445 4189 1595 4251 virtutem
1609 4185 1761 4268 elegerunt
1773 4176 1852 4235 immi*

317 4278 406 4339 alteri
424 4278 571 4358 praetulit,
596 4297 690 4358 quem
713 4297 786 4340 cum
804 4282 921 4341 caeteris
936 4282 1011 4343 vitio
1029 4301 1086 4344 suo
1135 4279 1229 4340 bilem
1251 4281 1286 4340 in
1310 4280 1393 4341 bono
1416 4279 1616 4343 stabilitatem
1635 4276 1724 4359 gratia
1736 4262 1852 4358 constal}l

317 4368 492 4449 depravatis
506 4376 612 4450 optare
625 4371 785 4451 potuisset.
803 4372 855 4433 rat
874 4373 958 4434 enim
973 4372 1084 4453 laudis,
1135 4376 1208 4434 sunt
1219 4381 1246 4433 ⁶.
1260 4392 1276 4429 o
1293 4372 1370 4433 Vide
1393 4391 1463 4452 qnae
1476 4373 1510 4432 in
1523 4372 1605 4434 libro
1619 4372 1711 4453 primo
1723 4361 1752 4424 de
1765 4347 1851 4450 ΜΨ

317 4479 353 4522 ao
377 4461 611 4541 vituperationis
636 4481 727 4524 causa
748 4462 894 4543 propria,
924 4470 955 4525 et
981 4466 1084 4543 unica,
1135 4466 1173 4527 de
1185 4464 1245 4525 hac
1253 4483 1287 4524 re
1299 4464 1397 4526 fusius
1410 4464 1565 4544 disputata
1577 4461 1675 4537 sunt';
1687 4439 1851 4519 ubiintertlltt

316 4552 414 4614 libem
431 4553 577 4613 utriusvis
598 4554 742 4634 eligendi,
758 4561 789 4616 et
809 4556 1016 4636 amplectendi
1034 4575 1087 4637 po·
1134 4555 1273 4617 Anselmi
1286 4555 1389 4616 locum
1402 4555 1574 4635 posuimus,
1588 4556 1678 4636 quiet
1689 4529 1849 4644 md⁰tfltd⁰

317 4649 419 4722 testas,
434 4650 587 4724 qnatenus
600 4654 629 4707 rt
642 4653 767 4723 ἑκούσιον,
779 4648 811 4709 id
834 4654 879 4709 est
896 4656 1086 4728 spontaneam
1135 4648 1269 4709 reditum
1283 4647 1322 4708 ad
1335 4647 1454 4709 bonum
1468 4648 1668 4709 interclusum
1680 4656 1736 4704 esse
1747 4636 1790 4702 tlt
1801 4630 1850 4723 Ψ

317 4736 412 4797 babet
432 4735 623 4815 adjunctum,
638 4737 672 4798 in
690 4736 782 4798 bonis
794 4739 920 4817 quidem
933 4739 1083 4800 absolute.
1136 4758 1229 4819 qrram
1242 4739 1361 4818 peccati
1375 4756 1511 4819 poenam,
1535 4745 1566 4801 et
1578 4740 1658 4801 bono
1670 4726 1848 4815 perpttulmln

320 4826 353 4887 Si
367 4826 452 4891 enim
475 4845 601 4908 prorsus
619 4828 713 4890 invite
735 4828 781 4904 fit,
796 4829 922 4891 laudem
934 4848 999 4892 non
1017 4849 1082 4893 me·
1132 4831 1253 4910 justitia
1275 4830 1380 4892 datam
1393 4832 1618 4907 constantiam,
1633 4828 1671 4891 ob
1682 4817 1849 4887 meritlfflw‘

355 5052 376 5092 a
388 5035 509 5094 ⁵Dttrlsc¹
525 5036 573 5094 lib.
595 5036 631 5105 ll,
651 5054 711 5111 cup.
728 5054 790 5095 m.
813 5038 926 5103 Ἐκεῖνος
941 5040 988 5113 γὰρ
1005 5039 1086 5095 διὰτὸ
1134 5034 1258 5113 ὥσπεραῦ
1274 5039 1347 5093 πάλιν
1361 5039 1402 5093 καὶ
1416 5004 1555 5113 οἱνᾶγγελοτ
1572 5039 1631 5113 μετὰ
1643 5035 1682 5102 τὴν
1695 5013 1849 5095 322pr

318 5120 451 5192 ἄφθαρτον,
466 5120 528 5194 μετὰ
540 5120 584 5189 τὴν
597 5120 623 5176 br
636 5124 797 5196 προαιρέσεως
811 5122 942 5189 ἔκπτωσιν,
953 5122 997 5191 τὴν
1007 5120 1031 5176 ἔν
1048 5128 1085 5196 τῷ
1135 5128 1178 5192 τῆς
1191 5122 1278 5195 ἀρετῆς
1299 5120 1413 5195 ἐκλογὴν,
1424 5122 1468 5191 τὴν
1484 5121 1508 5177 ἐν
1529 5128 1566 5196 τῷ
1587 5124 1653 5195 καλῷ
1666 5112 1701 5171 dt&
1720 5109 1755 5174 tlt
1774 5096 1847 5172 lm

318 5208 386 5278 καῖ»
407 5182 593 5279 ἀμεταμάητον
621 5204 696 5281 ἔσχε,
720 5207 761 5261 καὶ
788 5206 907 5281 ἄτρεπτον
935 5208 1082 5280 sardum·
1134 5206 1310 5281 ἀμετακίνητον
1321 5206 1427 5279 ἵδρυσιν.

347 5403 359 5448 t
373 5406 432 5452 icet.
441 5415 498 5459 mr,
508 5404 591 5454 stt-s
600 5406 653 5464 esp.
665 5416 695 5452 n.
