3936 6172
401 245 453 308 uu
472 243 636 307 caturcio
658 242 734 309 sax
754 242 917 323 uruuuu,
939 243 1014 306 ura.
1036 245 1087 322 iv,
1110 245 1193 308 aar.
1208 245 1289 307 xur.
1577 237 1637 301 rao

64 413 105 489 id,
129 412 205 493 quod
230 413 355 490 nolunt,
390 428 567 493 agnoscere,
604 410 734 473 liberam
761 410 821 472 dici
870 410 913 472 sie
939 411 1137 490 accepissent,
1157 418 1193 472 ut
1220 416 1267 473 esi
1291 409 1371 470 actio
1396 407 1577 483 contingens
1599 422 1636 464 eo

11 523 44 566 ru
63 505 245 568 voluntatem
263 505 362 583 illam,
391 523 461 585 quac
491 521 548 584 pro
580 503 708 565 arbitrio
741 502 821 563 velle
870 503 975 580 modo,
1000 504 1053 584 qui
1075 505 1108 565 in
1131 506 1194 566 Deo
1217 501 1368 583 ejusmodi
1386 518 1451 562 esse
1465 497 1587 572 dicitur,
1601 500 1637 555 ut

11 646 19 675 ,
64 603 158 678 potest
180 603 361 679 utrumque,
378 598 441 660 sive
468 615 538 678 qua
566 596 606 658 od
638 594 823 657 utrumlibet
869 595 962 675 paulo
977 591 1637 674 antesiguificavimua,quaeseilicetpoterat

64 690 281 753 indifferentem
307 690 400 752 hahet
423 688 675 771 propensionem.
697 686 820 748 Etenim
870 707 934 749 non
948 705 1013 750 esse
1027 687 1096 748 talis
1109 689 1142 748 in
1157 690 1300 766 lieo,nee
1314 686 1451 747 adhunc
1464 680 1637 743 terminum

63 782 265 862 duoquadam
279 778 821 855 suntvoluntatum‚siveoolitionum
869 780 987 856 referri,
1004 781 1055 842 sed
1072 781 1328 855 adeontrarium3
1344 777 1419 839 acsi
1434 773 1637 836 necessariam

62 892 168 954 genera
183 874 328 936 distincta
353 879 476 937 natura.
497 874 604 935 Unum
624 877 680 946 est,
701 890 764 950 quo
777 870 821 933 ita
869 872 1118 951 determinatam,
1134 879 1165 936 et
1179 872 1358 952 uuoaliquo
1372 866 1637 945 circumscriptam

63 966 124 1027 vult
145 968 222 1028 Deus
241 966 370 1047 aliquid,
391 972 427 1026 ιιι
439 966 472 1027 id
493 964 576 1027 nolle
595 968 716 1045 posset;
737 963 820 1042 quod
868 965 991 1027 volendi
1021 966 1175 1028 actionem
1203 965 1289 1026 illam
1314 961 1507 1042 interpretati
1535 964 1637 1018 essent

65 1060 157 1139 ipsum
167 1065 212 1118 est
223 1058 436 1121 indifferenter
454 1058 494 1119 ad
516 1062 685 1135 utrumque
704 1055 820 1116 hahere
869 1058 987 1135 Ariani,
1000 1076 1163 1138 nunquam
1185 1056 1327 1119 cathohci
1344 1055 1389 1115 illi
1406 1056 1514 1113 Patres
1527 1069 1638 1129 negas-

63 1151 243 1227 se,sivenon
256 1151 362 1212 minus
373 1149 531 1227 hocvelle,
547 1154 578 1210 et
590 1148 704 1227 eligere
718 1165 819 1225 posse,
869 1157 947 1226 sent,
963 1153 1113 1232 Spiritum
1131 1156 1273 1213 sanetum
1292 1149 1461 1218 voluntate,
1477 1145 1509 1205 id
1523 1148 1568 1204 est
1582 1141 1635 1202 tali

63 1243 241 1323 quamillud.
253 1242 298 1304 Ac
309 1242 380 1303 talis
394 1247 440 1304 est
457 1260 495 1304 ex
508 1259 575 1302 sese
592 1240 735 1300 voluutas
749 1239 817 1316 ista,
868 1243 1035 1305 voluntatis
1047 1245 1167 1306 actione
1177 1242 1316 1325 produci,
1326 1240 1404 1321 quiu
1418 1238 1499 1299 ultro
1509 1234 1635 1297 assenti-

64 1342 94 1398 ιιι
105 1335 223 1397 nonnisi
234 1334 387 1415 ejusmodi
405 1353 469 1397 esse
488 1334 594 1414 possit.
615 1332 722 1411 Neque
736 1331 820 1392 enim
868 1340 978 1397 rentur
993 1336 1042 1410 iis,
1059 1355 1131 1397 cum
1149 1343 1180 1398 et
1197 1333 1399 1415 productione
1413 1331 1516 1410 aliqua
1529 1328 1637 1389 ambas

64 1428 132 1490 vella
156 1433 294 1489 meatum
321 1426 438 1507 aliquid
459 1426 591 1499 efficere,
612 1422 820 1485 necessarium
868 1430 989 1490 aPatre
1011 1447 1158 1508 personas
1180 1429 1334 1507 originem
1350 1424 1495 1487 hahuisse
1507 1425 1633 1499 constet,

65 1539 120 1583 mse
129 1525 227 1601 potest
239 1521 274 1582 in
289 1521 352 1582 Deo
366 1541 375 1597 ;
400 1519 548 1600 quoniam
570 1522 708 1579 creatum
726 1533 819 1578 omne
867 1526 899 1582 et
908 1520 993 1582 illam
1005 1521 1106 1602 ipsam
1116 1520 1354 1600 productionem
1369 1536 1434 1578 nou
1453 1514 1636 1592 contingen·

65 1614 233 1692 contingens
241 1618 303 1686 est,
316 1630 381 1673 non
396 1611 613 1673 necessarium.
636 1609 816 1684 Estautem,
868 1618 932 1674 tem
944 1632 1021 1687 esse,
1041 1614 1091 1675 sed
1109 1613 1313 1675 necessariam
1335 1612 1388 1687 ita,
1414 1613 1449 1669 ut
1472 1625 1536 1668 non
1555 1606 1634 1682 talis,

65 1704 202 1786 quidquid
215 1709 271 1774 ert,
286 1723 326 1766 ex
339 1703 405 1765 soin
418 1704 476 1765 Dei
489 1702 661 1771 voluntate,
681 1699 819 1781 adeoque
868 1711 961 1785 atque
974 1705 1127 1784 ejusmodi
1146 1704 1326 1786 productrix
1349 1700 1475 1764 termini
1491 1716 1556 1761 esse
1583 1716 1637 1758 ne-

65 1798 231 1876 confingens
247 1804 284 1857 ut
297 1797 348 1871 sit,
371 1814 409 1857 ex
427 1795 537 1860 eadem
553 1795 712 1856 voluntate
732 1793 820 1854 sorti·
868 1798 1012 1878 quiverit.

64 1896 121 1963 tur,
135 1890 216 1950 unde
229 1906 423 1968 consequeus
442 1894 497 1964 est,
518 1906 583 1964 non
596 1903 661 1948 esse
674 1903 817 1947 necessa·
906 1891 1061 1971 XLAtqui
1071 1910 1136 1953 non
1145 1890 1295 1952 uoluntate
1302 1889 1468 1969 productas
1476 1885 1544 1946 illas
1552 1900 1636 1946 aecr-

65 1982 130 2043 riam
143 1981 308 2043 vetitionem
317 1981 416 2061 ipsam
430 1981 496 2049 Dei,
508 1980 561 2040 sed
575 1979 816 2057 contingentem,
866 1983 945 2045 rime
960 1983 1140 2061 defenduut,
1156 1989 1187 2045 et
1206 1980 1384 2045 naturaliter
1406 1979 1508 2059 potius
1521 1983 1636 2038 ortasa

66 2093 116 2155 qua
133 2087 176 2135 est
188 2074 271 2136 illius
284 2081 429 2136 neuturus
448 2072 561 2135 volito.
587 2072 665 2134 Nam
683 2089 739 2150 per
752 2089 817 2131 sese
867 2077 968 2138 Patre.
991 2078 1068 2138 Haec
1092 2082 1164 2137 sunt
1184 2075 1280 2156 igitur
1299 2073 1432 2135 invicem
1452 2089 1491 2132 ex
1509 2071 1636 2131 illorum

65 2165 119 2246 ipsa
130 2167 184 2228 Dei
197 2172 241 2227 est
254 2165 437 2241 substantia,
453 2163 728 2243 minimequeadeo
743 2182 817 2224 con·
868 2168 1014 2248 opinione
1029 2168 1193 2245 contraria,
1215 2166 1361 2229 volontate
1382 2163 1500 2243 aliquid
1511 2163 1590 2239 fieri,
1606 2168 1637 2223 et

67 2260 184 2338 tingens3
198 2276 319 2336 verum,
335 2266 371 2320 ut
389 2258 429 2318 ad
442 2256 534 2333 hanc,
549 2257 673 2318 illamve
683 2260 818 2318 creatam
866 2268 978 2323 notura
1004 2260 1081 2323 lieri.
1108 2261 1210 2335 Quare
1235 2278 1300 2321 non
1322 2262 1423 2338 potest
1439 2255 1572 2317 uoluatur
1585 2254 1637 2315 hic

65 2368 117 2412 rem
135 2351 299 2431 dirigitur,
327 2368 459 2430 eamque
479 2355 631 2430 tanquam
647 2349 817 2410 terminum
867 2371 931 2415 csse
955 2354 1189 2434 qualiscumque
1202 2351 1329 2427 uolitio;
1360 2348 1412 2431 (sic
1438 2349 1524 2410 enim
1549 2347 1637 2427 loqui

66 2443 179 2524 respicit,
207 2448 241 2503 ut
254 2443 449 2522 contingens,
465 2443 508 2503 ita
525 2442 623 2504 libera
645 2440 768 2519 dieitur,
783 2447 819 2502 ut
863 2447 930 2524 jam
947 2446 1106 2527 ecepimus)
1127 2465 1185 2508 nec
1209 2464 1245 2508 ea
1267 2443 1396 2505 facultas
1417 2442 1541 2517 animae,
1566 2457 1637 2519 quae

67 2535 227 2598 dioinloao
241 2533 650 2597 demonstravimus¹.Aliud
663 2552 761 2614 genus
772 2540 819 2596 est
867 2539 1061 2617 cognominis
1081 2545 1137 2613 est,
1160 2544 1191 2601 et
1204 2537 1328 2598 volendi
1350 2532 1550 2617 principium,
1565 2532 1638 2592 sim·

67 2628 227 2705 voluntatis,
243 2646 305 2708 quo
320 2646 421 2689 unum
434 2627 551 2708 aliquid
564 2626 700 2701 definite,
717 2627 817 2689 deter·
866 2630 939 2711 plex
952 2637 997 2692 est
1016 2631 1181 2711 appetendi
1200 2648 1273 2691 cum
1289 2628 1409 2690 ratione
1435 2630 1580 2708 potestas,
1602 2632 1638 2686 ut

67 2720 227 2801 maeque
246 2720 315 2781 vult
339 2721 421 2782 Deus
442 2720 496 2795 sie,
528 2726 563 2780 ut
587 2720 719 2781 alterum
739 2721 818 2782 velle
866 2742 956 2785 novae
969 2723 1131 2802 theologia
1148 2723 1250 2784 visum
1271 2727 1327 2784 est.
1352 2721 1418 2783 Hoc
1436 2718 1521 2781 euim
1544 2718 1637 2778 modo

68 2819 196 2894 nequem,
208 2831 309 2894 neque
322 2812 409 2874 abeo
428 2811 562 2873 volendo
583 2811 766 2887 desciscere3
782 2832 818 2900 ac
867 2821 987 2877 naturae
1006 2835 1071 2877 non
1095 2816 1280 2897 opponitnr3
1308 2814 1362 2876 sed
1386 2819 1432 2874 est
1452 2816 1575 2886 natura,
1602 2814 1638 2871 ut

68 2923 98 2967 ne
111 2905 312 2986 essequldem
330 2910 361 2967 et
381 2904 546 2966 consistere
566 2904 662 2984 possit
675 2904 816 2981 omnino,
867 2927 950 2971 sane.
969 2910 1104 2970 Thomas
1126 2905 1275 2983 docuit⁸3
1300 2905 1355 2986 qui
1378 2905 1441 2966 duo
1461 2904 1495 2963 in
1512 2901 1636 2963 volendi

68 2998 114 3058 nisi
124 2998 246 3060 volendi
257 2999 343 3059 hune
356 3002 478 3058 motum
491 2996 655 3077 exprimat.
681 2998 721 3058 Ut
735 2998 818 3076 quod
867 3000 1005 3081 potentia
1021 3001 1200 3079 distinguit:
1217 3000 1349 3060 aiterum
1359 2996 1634 3078 quodestnatura:

70 3090 133 3151 henr
150 3091 287 3170 seipsum
309 3089 388 3166 vult,
401 3094 432 3150 et
449 3093 547 3162 amat,
567 3094 598 3149 et
615 3088 725 3150 eodem
746 3097 818 3151 actu
867 3092 1012 3166 alterum,
1041 3093 1125 3173 quod
1153 3093 1297 3154 voluntas
1323 3095 1380 3166 est,
1408 3088 1472 3150 sive
1490 3086 1638 3148 'liberum

72 3181 202 3261 Spiritum
233 3187 388 3257 sanctum,
416 3186 568 3261 tanquam
592 3181 707 3241 amoris
737 3182 819 3243 illius
868 3185 1042 3247 arbitrium.
1058 3186 1106 3246 Ad
1118 3184 1266 3264 priorem,
1278 3184 1310 3245 id
1322 3188 1368 3244 est
1379 3179 1639 3256 naturam,rcfert

71 3274 216 3335 annum
243 3274 397 3354 producit,
426 3273 458 3335 id
479 3291 554 3335 vero
578 3273 820 3337 determinatum
868 3277 900 3338 id
909 3296 1012 3349 omne,
1029 3279 1111 3357 quod
1120 3277 1254 3338 naturali
1265 3275 1467 3338 inclinatione
1482 3292 1518 3334 ae
1532 3291 1636 3333 neces·

72 3370 177 3440 atum
189 3366 282 3429 aliter
295 3366 411 3427 hahere
431 3371 553 3445 potest3
573 3371 604 3427 et
617 3369 662 3426 est
679 3367 820 3429 naturale
869 3371 962 3447 sario,
977 3375 1008 3430 et
1017 3370 1220 3431 determinate
1232 3368 1379 3429 voluntas
1399 3366 1526 3445 appetit,
1545 3370 1580 3425 ut
1593 3370 1639 3426 est

73 3456 133 3532 lieo,
151 3466 302 3539 quatenus
314 3458 457 3519 naturale
475 3476 541 3519 non
562 3458 647 3519 idem
667 3464 723 3535 est,
738 3460 821 3539 quod
870 3461 941 3523 finis
952 3461 1082 3523 ultimus
1094 3482 1101 3537 ;
1115 3461 1155 3522 ad
1165 3460 1379 3540 posteriorem,
1400 3476 1469 3538 quae
1483 3471 1530 3518 est
1541 3457 1641 3518 libera

73 3550 206 3627 mahte,
221 3549 477 3629 sedcontingenti
492 3551 672 3631 opponitur.
869 3554 1023 3626 voluutas,
1048 3552 1198 3632 quidquid
1221 3548 1337 3631 ahsqvle
1357 3551 1537 3613 necessitate
1559 3551 1637 3627 vult,

103 3640 134 3701 ii.
161 3643 241 3705 ltine
262 3642 365 3723 potior
379 3641 433 3703 illa
453 3660 526 3723 pars
548 3641 750 3721 antiquorum
767 3643 822 3704 Pa·
870 3651 907 3706 nt
920 3652 1073 3725 suntquae
1095 3645 1190 3707 medio
1211 3644 1355 3705 dicuutur
1373 3644 1413 3706 ad
1430 3642 1538 3704 fiuem.
1555 3644 1638 3711 Quo-

74 3732 173 3811 trunr',
205 3752 280 3815 quie
307 3740 377 3815 post
403 3737 508 3794 ortum
534 3733 658 3795 Arianae
684 3735 822 3815 perfidie
872 3738 952 3800 cirea
983 3738 1053 3798 duae
1076 3738 1137 3799 illae
1162 3736 1314 3799 facultatis
1340 3735 1479 3814 ejusdem
1503 3736 1640 3796 actiones

75 3831 162 3887 contra
193 3828 278 3889 hanc
312 3825 391 3905 stylo
425 3826 603 3899 decertavit,
633 3846 668 3888 ac
697 3828 823 3907 majoris
871 3831 1003 3891 invicem
1017 3831 1142 3907 distant,
1159 3835 1265 3910 estque
1278 3830 1391 3889 harum
1410 3847 1474 3889 una
1491 3828 1641 3888 naturalis

76 3915 167 3980 idcirco
182 3917 375 3982 auctoritatis
390 3918 426 3981 iu
442 3918 501 3979 hac
524 3919 732 3981 controversia
758 3938 824 3982 esse
872 3928 904 3984 et
929 3923 1110 3998 necessaria,
1137 3921 1310 4000 cujusmodi
1344 3937 1408 3981 esse
1442 3920 1545 3980 Patres
1571 3937 1641 3979 eam

76 4006 158 4087 debet,
177 4011 287 4072 asserit
302 4012 428 4072 Patrem
446 4029 512 4072 uon
530 4011 689 4072 voluntate
707 4013 822 4092 produ·
873 4015 1021 4091 sentiunt,
1036 4033 1098 4094 qua
1113 4013 1247 4094 Spiritus
1271 4019 1395 4073 sauctus
1412 4011 1527 4086 oritur;
1544 4011 1642 4073 altera

77 4100 140 4163 riae
150 4103 274 4172 Filium,
290 4103 344 4164 sed
357 4102 550 4179 naturaliter,
571 4109 606 4163 ut
626 4104 821 4175 Athanasius,
873 4126 939 4168 non
952 4106 1133 4181 necessaria,
1149 4106 1201 4166 sed
1215 4104 1323 4181 libera,
1339 4122 1409 4183 quea
1427 4109 1543 4164 creatas
1561 4121 1641 4164 resa

11 4222 45 4277 en
78 4190 260 4272 Epiphanius,
291 4194 458 4274 Gregorius
485 4195 654 4275 Nyssenus,
681 4196 819 4274 Basilius,
873 4199 970 4261 nihilo
985 4197 1128 4274 extrahit,
1144 4215 1216 4258 cum
1230 4215 1293 4274 eas,
1313 4196 1340 4257 si
1352 4195 1454 4265 vellet,
1479 4214 1642 4276 nunquam

11 4264 63 4364 ἓξ·
79 4282 201 4363 Cyrillus,
214 4285 411 4359 Ambrosius,
421 4285 622 4361 Augustinus,
635 4287 822 4367 Frdgentr'us.
873 4309 1035 4373 procreare
1048 4296 1160 4370 posset.

11 4382 58 4473 :nr
78 4372 221 4454 lluximus,
238 4378 388 4439 Toletano
402 4378 549 4459 synodus,
562 4378 667 4441 etalii.
685 4381 743 4454 Qui
756 4380 825 4461 qui-
914 4385 989 4445 XII.
1004 4382 1121 4443 Eadem
1135 4380 1395 4442 etinheatistam
1409 4379 1642 4461 Angelis,quam
1755 4395 1760 4399 “

11 4484 45 4556 ια,
79 4464 135 4529 dem
156 4472 347 4532 voluntatem
369 4487 406 4531 eo
430 4488 522 4531 seusu
548 4471 737 4546 intellexere,
763 4493 825 4553 quo
874 4474 1054 4537 hominihus
1080 4473 1229 4535 libertatis
1256 4478 1301 4533 est
1326 4472 1416 4548 ratio,
1445 4472 1469 4532 si
1497 4480 1643 4535 naturam

11 4541 58 4645 ’,ἐξ
80 4562 305 4625 eamsumehant
318 4562 494 4637 adversarii,
511 4568 619 4624 contra
636 4579 714 4642 quos
728 4563 825 4626 disse·
875 4568 985 4649 ipsam,
1001 4572 1032 4629 et
1046 4566 1210 4627 essentium
1225 4564 1345 4625 arbitrii
1357 4564 1448 4625 liberi
1464 4571 1596 4645 spectes3
1607 4576 1644 4627 ut

11 4642 59 4739 'Qu
81 4649 181 4728 rebant,
195 4661 231 4716 ut
245 4654 280 4714 in
288 4657 438 4734 potestate
446 4659 525 4716 esset
534 4654 744 4717 volentiseam
757 4675 827 4737 pro·
875 4659 908 4719 in
935 4662 1086 4739 potestate
1110 4662 1249 4718 versetur
1273 4656 1478 4738 amplectendi
1495 4658 1644 4719 utriusvis

79 4736 153 4817 leue,
170 4746 218 4809 vel
238 4745 410 4822 continere,
434 4745 494 4807 hoc
512 4750 559 4808 est
574 4747 665 4823 velle,
691 4754 826 4811 autnon
876 4751 1001 4817 arbitra.
1018 4757 1049 4811 et
1062 4750 1268 4824 indifferente,
1286 4767 1357 4829 quaa
1377 4770 1393 4807 a
1407 4749 1451 4810 ita
1472 4750 1643 4813 consentire

80 4832 152 4897 veie.
177 4838 256 4900 Nam
284 4838 355 4899 ideo
374 4837 534 4898 voluntate
559 4840 740 4919 pugnabant
762 4860 827 4905 esse
875 4843 971 4923 possit
997 4844 1064 4919 uui,
1093 4849 1139 4915 ut,
1168 4842 1193 4902 si
1221 4842 1325 4915 vellet,
1354 4841 1455 4903 abeo
1482 4843 1644 4903 dissentire

80 4927 244 5001 productum
259 4930 411 5011 Spiritum
433 4935 586 5007 sanctum,
609 4936 645 4991 ut
657 4933 724 5012 pari
736 4940 823 5013 esset,
875 4940 987 5017 posset,
997 4956 1012 4993 u
1025 4953 1064 4995 ex
1076 4934 1256 4995 Tridentina
1264 4933 1409 4995 formula.
1424 4933 1560 4994 Pessime
1570 4952 1643 5014 ergo

80 5031 275 5083 ttrmomnes
289 5027 412 5098 ereata,
426 5022 612 5097 conditione,
629 5029 722 5103 atque
735 5024 823 5099 forte,
875 5028 1098 5088 ratiocinantur
1125 5027 1283 5098 Calvinus,
1309 5033 1341 5087 et
1363 5025 1417 5105 qui
1436 5024 1503 5102 ejus
1530 5032 1644 5088 sectam

80 5116 212 5185 quatenus
222 5119 343 5195 poterat
355 5131 421 5175 non
435 5132 512 5183 esse,
529 5133 631 5195 neque
642 5116 784 5195 produci,
800 5117 826 5177 si
875 5119 992 5196 colunt,
1005 5137 1042 5179 ac
1054 5118 1211 5198 reliquum
1223 5119 1283 5178 hoc
1296 5135 1395 5197 genus
1406 5134 1510 5195 omne,
1519 5119 1644 5198 quando

81 5197 134 5261 Deo
145 5204 240 5267 visum
256 5207 300 5267 itu
317 5206 434 5271 luisset.
450 5206 515 5267 Nisi
528 5207 612 5267 euim
634 5207 826 5269 voluntatem
876 5210 913 5271 ad
925 5208 1382 5290 evertendumriiirtnopnvillud
1396 5209 1541 5270 humanae
1554 5210 1645 5269 liber-

102 5402 111 5444 t
124 5398 179 5448 lour.
191 5405 208 5455 ι.
220 5404 258 5452 llh.
269 5406 294 5460 ι’,
307 5419 355 5463 cup.
363 5406 464 5452 rur-i
477 5406 531 5451 ilde
539 5407 579 5453 ιιι.
591 5408 619 5452 vi
629 5407 655 5453 dc
667 5410 728 5454 Tria.
742 5421 789 5466 cop.
798 5421 848 5454 vur.
860 5416 912 5454 tour.
927 5410 1018 5455 iri-u
1031 5411 1071 5463 Qu.
1086 5423 1128 5454 ιιιι
1139 5410 1166 5454 ιιι
1182 5410 1265 5454 voluat.
1276 5408 1322 5457 liei.
1335 5416 1377 5451 nrt.
1389 5408 1410 5451 s.
