3984 6176
587 356 841 425 utueuu'rluto
863 358 1159 426 Puonneohnru.
1606 360 1665 422 tut

96 525 254 599 exemptam
282 522 445 589 edmero.
468 522 566 589 Multo
592 525 690 604 megis
713 524 850 604 potuisse
900 531 987 606 pater
1000 524 1163 589 anteidud
1176 526 1318 589 eonditum
1331 526 1483 589 nonest?
1505 527 1571 588 lmo
1591 545 1666 590 vera

96 612 154 675 hee
165 612 228 675 fieri
246 614 450 693 intelligimus
470 616 504 681 in
527 615 677 695 erigena,
693 618 848 694 Eucherii,
899 619 939 681 ad
953 619 1086 680 Gentiles
1098 618 1211 698 potius,
1228 636 1322 698 qnam
1342 620 1381 681 ad
1399 619 1525 681 dudmos
1540 618 1667 681 Sabbati

96 710 123 765 et
134 704 163 765 S.
179 705 304 771 Thomae
317 709 481 777 sententie,
497 726 567 789 qnae
583 710 680 775 Evam
693 715 763 788 post
776 728 850 790 sep·
899 709 1073 772 observatio
1087 711 1296 790 pertinuisset.

99 798 197 859 dmum
217 798 736 880 atemereatausntuit1,ajasque
761 818 850 867 mene
939 800 1010 860 vu.
1035 800 1115 864 Sunt
1125 804 1156 861 et
1167 799 1226 863 alia
1235 800 1396 879 utriusque
1404 800 1665 879 testamentiloea,

97 889 203 949 tionem
223 908 250 950 e.
266 906 288 963 1,
313 893 352 955 27
375 891 446 955 fieri
459 910 515 971 per
536 893 702 972 prolepsin.
733 893 794 957 Sed
811 894 851 957 de
900 910 971 970 quea
997 891 1131 972 idipsum
1164 891 1358 955 uonfirmalli·
1383 893 1462 966 Quid
1491 893 1575 954 duim
1610 894 1668 955 5⁸1³

99 980 149 1041 hae
177 983 349 1061 questione
382 984 509 1051 musula
543 985 702 1051 Paeonium
728 991 752 1052 t.
782 986 851 1049 lia
900 982 1086 1063 significant,
1101 1002 1171 1063 qum
1186 984 1220 1047 in
1243 983 1499 1065 Sepa'ents'mlibrn
1513 985 1668 1075 legimus?

100 1070 226 1139 Gramina
244 1074 327 1141 Illud
338 1076 372 1139 in
385 1094 453 1139 rem
464 1083 603 1143 nostrum
613 1078 686 1143 satia
699 1083 755 1154 en,
766 1078 851 1158 quod
899 1075 971 1139 nee
985 1074 1162 1157 (Sapientia)
1175 1076 1337 1157 illamqua·
1346 1076 1463 1158 primns
1475 1079 1619 1158 formatus
1628 1087 1669 1140 eat

98 1163 234 1229 haetenus
246 1168 392 1246 uidimus,
412 1187 641 1250 quamcumque
663 1171 791 1237 demum
812 1171 851 1234 de
899 1166 993 1230 abeo
1007 1168 1098 1230 Pater
1113 1167 1191 1229 ordii
1210 1173 1388 1245 terrenum,
1418 1188 1485 1231 eam
1506 1169 1584 1231 raim
1601 1180 1669 1232 erret

96 1264 219 1336 tempore
233 1258 375 1325 formate
397 1263 471 1325 Evae
488 1263 712 1345 amplectemur
726 1268 849 1327 senten·
901 1267 1024 1336 ereotus,
1053 1259 1206 1323 custodivit
1220 1258 1242 1323 ⁰.
1260 1261 1325 1327 Hoo
1338 1267 1432 1339 uerte,
1456 1261 1545 1325 initio
1568 1281 1668 1327 unum

97 1349 170 1422 dam,
184 1349 373 1429 nihiljuaari
386 1354 664 1419 Praeadamitarnm
678 1363 824 1434 systema.
899 1353 1116 1417 tantummodo
1137 1352 1297 1417 hominem
1321 1352 1413 1419 faiam
1439 1360 1589 1431 meatum,
1614 1355 1670 1434 qui

130 1441 162 1501 V.
182 1441 356 1522 Pergamus
377 1465 461 1511 nuno
483 1446 561 1513 illud
581 1447 670 1513 novin
689 1466 728 1511 ex
749 1446 852 1513 Generi
896 1449 988 1525 pater
1002 1445 1041 1506 sit
1054 1444 1208 1509 omnium.
1220 1446 1348 1519 Quodet
1359 1446 1525 1525 Apostolus
1537 1446 1571 1508 iu
1585 1465 1672 1509 areo-

97 1533 219 1595 adduetis
231 1536 418 1605 testimoniis
430 1536 601 1603 infirmare.
614 1539 852 1619 deprimoquid
900 1556 980 1617 pago
1008 1539 1154 1601 concione
1180 1538 1286 1601 habita
1309 1538 1412 1601 doeuit
1435 1538 1484 1600 bis
1510 1539 1612 1605 verbis
1632 1538 1667 1601 ⁸:

98 1624 184 1686 illud:
212 1633 245 1687 et
267 1626 353 1689 horno
375 1650 433 1691 aaa
446 1639 522 1709 eret,
539 1636 590 1712 qna·
602 1640 850 1714 annuntiares.
900 1627 1040 1709 Feer'tque
1063 1628 1163 1713 (Deus)
1180 1650 1217 1692 ee
1236 1650 1295 1693 nuo
1313 1649 1394 1695 mnne
1412 1650 1501 1711 penna
1521 1630 1670 1695 hominum

97 1716 295 1799 mn‘tiinge
311 1721 530 1787 Prmadamitas
536 1725 679 1790 homines
688 1725 849 1801 exstitisse,
902 1721 1162 1804 inhabitareaaqre·
1178 1723 1340 1789 una'aaraam
1360 1722 1470 1803 faeiem
1489 1733 1588 1789 terrae.
1603 1726 1669 1800 Quo

97 1828 216 1888 quorum
244 1812 381 1891 origines
407 1833 474 1894 rap.
501 1832 513 1883 1
535 1817 696 1897 descriptae
722 1818 848 1881 fuerint.
902 1813 936 1875 iri
946 1814 1014 1876 loeo
1035 1816 1159 1879 Grreaua
1171 1817 1299 1896 quidem
1313 1821 1415 1883 textus
1428 1817 1513 1881 addit
1524 1818 1668 1880 substan·

99 1902 161 1976 Qoei
173 1903 276 1965 verbis
288 1904 417 1969 illissua
430 1909 581 1970 constabit
594 1909 726 1973 veritas?
737 1910 849 1975 hnilll.
902 1906 1002 1975 tivum
1016 1926 1133 1971 nomen
1154 1916 1270 1988 αἵματος,
1293 1908 1457 1990 Sanguine.
1482 1910 1598 1975 Vemm
1611 1912 1671 1973 boe

95 1993 303 2073 dmtidssent,
319 2000 564 2081 reremaneret
579 2019 644 2065 non
657 2002 853 2081 potuissent?
905 2017 1032 2072 nomen,
1048 2001 1129 2079 quod
1146 2001 1179 2063 in
1195 2001 1274 2080 Syro
1288 2019 1413 2081 quaque
1426 2002 1532 2067 dodina
1545 2003 1669 2082 legitur,

97 2086 195 2149 Deinde
209 2089 508 2161 animalianonente
518 2094 646 2157 nomine
656 2112 712 2157 suo
722 2113 853 2174 qumque
904 2111 970 2155 non
988 2091 1103 2169 innuit,
1117 2093 1260 2157 homines
1272 2112 1312 2155 ex
1324 2112 1389 2157 una
1402 2112 1521 2169 omnes,
1545 2096 1671 2159 eadem·

96 2178 225 2256 insignita
258 2188 358 2259 sunt,
400 2202 496 2263 quam
520 2186 602 2249 Deus
636 2185 793 2252 adderent
819 2205 853 2249 aa
902 2202 964 2265 qus
977 2185 1109 2251 materie
1126 2185 1219 2249 fuisse
1235 2188 1331 2249 alien
1355 2192 1540 2267 eompactos,
1557 2206 1595 2250 ex
1608 2207 1672 2250 uua

96 2269 128 2329 ed
155 2272 278 2349 ddum,
313 2282 347 2339 ut
373 2277 510 2352 videre,
540 2278 614 2360 qnid
657 2288 771 2341 noceret
791 2295 853 2353 ae,·
903 2278 1076 2357 eodemque
1103 2283 1195 2346 terra,
1222 2295 1261 2339 ex
1290 2297 1355 2340 uno
1387 2279 1558 2358 eodemque
1584 2280 1671 2356 limo,

97 2381 166 2423 auae
207 2365 289 2429 enim
334 2367 414 2447 qnod
448 2370 560 2435 amaad
605 2371 702 2437 Adam
742 2370 853 2433 animae
902 2371 1165 2450 quemadmodum
1174 2370 1251 2435 illud
1262 2371 1447 2450 explicatum
1455 2371 1545 2435 video
1559 2371 1674 2434 abuue-

97 2456 213 2530 u'aeetts,
244 2462 341 2539 ipsum
368 2467 409 2521 est
437 2480 539 2525 nornen
567 2461 653 2543 q'ua'.
676 2463 853 2526 Verisimile
902 2468 968 2525 tore
984 2462 1205 2525 Prmadamitiei
1228 2463 1413 2542 systematis,
1431 2464 1484 2525 sed
1494 2464 1672 2540 bominem,

96 2565 174 2626 porro
183 2567 250 2609 uon
262 2555 330 2627 est,
355 2552 584 2631 Praeadamitos,
599 2555 625 2619 sl
643 2554 700 2635 qui
712 2555 851 2631 fuissent,
903 2573 940 2616 ex
955 2574 1017 2635 qao
1031 2560 1181 2634 tanquam
1195 2573 1234 2616 ex
1243 2573 1308 2616 uuo
1319 2555 1478 2634 stipite,ex
1487 2574 1551 2617 uno
1561 2557 1672 2635 eapite,

95 2639 228 2705 animalia
240 2643 371 2711 omnino
389 2646 495 2711 amida
512 2664 673 2727 anonyma
693 2647 854 2713 relieturos
903 2664 941 2707 er
957 2665 1020 2709 uuo
1033 2652 1160 2727 parente
1175 2647 1279 2709 aeteri
1292 2664 1402 2709 omnes
1415 2648 1497 2709 enati
1513 2648 1585 2710 sint.
1599 2651 1674 2711 Haec.

95 2731 182 2794 lmese.
209 2734 276 2814 lpsi
298 2742 381 2803 eante
403 2737 533 2812 ratione,
561 2744 594 2801 et
618 2756 762 2801 sermone
789 2758 854 2804 nou
903 2744 984 2801 eerte
998 2740 1210 2819 interpretatio
1230 2740 1390 2803 eommmri
1404 2742 1547 2817 Patrum,
1568 2741 1672 2802 Eode-

96 2824 194 2900 tniuus,
226 2845 322 2906 quam
344 2828 488 2893 homines
509 2829 675 2907 idemus,
694 2832 855 2911 praaantis·
903 2832 1018 2910 sieque
1037 2850 1128 2893 seusu
1142 2839 1319 2895 enumerata
1332 2832 1562 2911 quodammodo
1575 2832 1674 2893 videri

97 2921 167 2991 seut3
193 2919 381 2985 animalium
408 2939 533 3001 quoque
556 2940 611 2987 seu
632 2923 666 2984 in
697 2923 852 3004 publicos,
905 2929 1016 3003 potest.
1030 2922 1137 2997 Quid?
1166 2924 1298 3003 quadiu
1312 2923 1524 3004 antiquissimo
1540 2924 1672 2986 Alexan·

97 3026 141 3070 seu
151 3010 181 3073 in
193 3010 334 3090 privatos
347 3030 434 3089 usus,
444 3031 539 3092 quem
548 3014 740 3093 habuissent,
748 3034 855 3077 neees-
903 3015 994 3077 drino
1005 3015 1117 3077 Codiee
1126 3016 1213 3077 deest
1221 3033 1337 3077 nomen
1347 3024 1461 3096 αἵματος.
1469 3017 1568 3089 Quare
1576 3017 1674 3096 suspi-

97 3101 158 3163 ritaa
168 3104 325 3182 postulare
336 3104 376 3167 ah
391 3105 436 3167 eis
449 3105 622 3182 videhntau,
639 3113 675 3171 ut
688 3108 792 3188 aliquo
802 3108 856 3171 illa
906 3112 994 3169 (atur
1007 3107 1187 3169 Harduinns
1201 3105 1233 3167 “a
1253 3107 1393 3169 additum
1411 3107 1546 3169 fonasais
1558 3109 1596 3170 ad
1610 3114 1672 3170 tru-

98 3195 207 3259 nsmine
232 3196 471 3276 distinguerent.
495 3199 601 3277 Neque
629 3200 711 3263 satis
723 3200 855 3279 intelligi
906 3201 1018 3261 durem
1031 3199 1126 3261 etiam
1138 3199 1251 3261 anime
1265 3199 1488 3262 adstruendum
1504 3220 1511 3259 ε
1525 3201 1673 3279 quoniam

99 3294 193 3365 potest,
215 3290 376 3353 bdamum
402 3309 503 3355 unum
526 3291 559 3359 iu
580 3292 726 3359 animatia
749 3294 856 3359 omnia
905 3292 1053 3372 scriptum
1069 3296 1115 3354 est
1130 3289 1192 3372 (sed
1207 3291 1378 3354 metumibi
1391 3292 1430 3353 de
1438 3292 1672 3373 animantibus):

99 3377 250 3460 imperium
264 3383 436 3445 exercuisse
447 3383 577 3447 nomina
586 3384 854 3464 ilhsimpanenuo,
906 3384 1010 3447 anima
1030 3383 1126 3445 omnia
1138 3388 1237 3445 onmia
1260 3385 1293 3446 a'n
1305 3384 1449 3465 renquiae
1461 3392 1503 3446 eat
1516 3382 1539 3446 ⁹.
1559 3408 1571 3443 s
1587 3387 1674 3459 Quod

98 3471 185 3552 dipae
207 3474 395 3539 dudeeorum
412 3481 537 3539 tantum
557 3486 650 3556 eaput
672 3478 855 3543 constitutus
904 3479 1011 3539 nmen
1024 3491 1089 3537 non
1107 3472 1216 3553 probo.

99 3562 198 3640 inisset,
214 3586 282 3631 non
308 3567 385 3631 item
405 3567 589 3643 Gentilium,
613 3564 727 3647 quihus
750 3575 856 3634 tamen

100 3673 152 3717 nou
176 3675 263 3721 seem
286 3664 381 3738 atque
399 3658 520 3721 Judaeis
537 3659 685 3725 inservire
709 3661 855 3727 animalia

99 3747 271 3813 debuissent.
287 3752 438 3821 Qrtaeroet
448 3751 551 3815 illude
562 3752 857 3832 Proeedamitieisys-
1131 3756 1160 3837 C
1169 3757 1318 3839 APUT
1346 3760 1427 3841 111·

100 3842 204 3904 tamam
217 3848 356 3913 auctore,
373 3862 414 3907 an
427 3843 616 3911 Adamuna
638 3845 704 3907 Deo
719 3850 857 3909 ereetum

100 3933 263 3999 existimet?
277 3935 434 4015 Negahit‘l
457 3938 498 4001 nt
510 3936 541 3996 id
565 3936 741 4016 Scripturis,
758 3936 856 4001 Patri-

100 4022 157 4099 bu,
172 4028 377 4107 omniumque
390 4027 857 4107 seculorumnadttioniaparse
909 4034 1581 4117 osudeostyimlipecaatadecrustationes
1592 4035 1674 4116 fidas:

100 4124 217 4195 pugnat.
231 4118 428 4185 Affirmabit‘t
442 4121 573 4199 Cogetur
595 4137 669 4198 ergo
684 4124 739 4185 aut
755 4118 855 4194 fateri,
947 4138 1011 4190 tam
1028 4143 1152 4211 systema
1169 4126 1429 4189 Prendomiheum
1446 4128 1513 4189 daie
1534 4127 1676 4190 doetrinae

101 4208 241 4271 Manlum
265 4212 316 4271 die
343 4218 430 4273 texto
457 4211 550 4275 fuisse
571 4218 719 4284 cittium,
748 4213 857 4277 autin
948 4220 1100 4283 adversari
1126 4219 1240 4281 a'nva'etia
1254 4219 1674 4300 erqumenh'sdemonahutor.

101 4303 239 4378 meterius
259 4303 345 4365 aliud
367 4309 490 4384 tempus
510 4304 577 4383 ejus
601 4305 788 4371 creationem
802 4304 857 4367 dif-
948 4312 1106 4375 Adduntur
1136 4313 1266 4374 Petrum
1296 4312 1477 4387 testimonio,
1504 4331 1573 4394 qum
1601 4313 1677 4375 idem

101 4390 181 4459 fena.
193 4395 289 4475 Atqui
302 4396 442 4475 primum
455 4396 531 4463 illud
543 4396 639 4476 ipsius
648 4401 781 4476 systema
792 4414 858 4457 non
947 4411 1073 4488 systema
1087 4403 1238 4475 inhalatis,
1249 4403 1413 4488 errorisque
1423 4404 1616 4487 ardorqunnt.

100 4485 221 4563 patitur;
236 4488 370 4555 alterum
393 4488 560 4568 Soripturis
574 4489 764 4564 adversatur,
788 4506 858 4568 quae

102 4580 289 4659 eompletisse
318 4582 419 4643 Deum
437 4580 641 4645 testificantur
667 4579 713 4643 die
737 4580 859 4661 septimo
950 4579 977 4643 1.
994 4579 1069 4652 Qum
1082 4578 1231 4641 haetenus
1246 4577 1476 4657 seripturarum
1485 4577 1552 4642 lom
1565 4595 1678 4658 expen-

103 4686 161 4749 apaa
168 4691 263 4747 mara,
277 4670 359 4752 quod
371 4671 494 4751 (meret,
510 4681 539 4733 et
558 4671 730 4752 requievisse
738 4670 785 4735 die
796 4690 854 4753 sep·
910 4670 1025 4747 dimus,
1036 4669 1108 4733 antis
1122 4671 1397 4734 Praeedamitarum
1411 4677 1546 4750 systema
1566 4671 1678 4733 intrin-

102 4759 211 4827 tiuood
229 4764 477 4844 animumne,
493 4762 572 4844 qued
587 4772 740 4843 patrarat.
759 4764 861 4828 Ubiet
909 4767 1011 4841 gunt3
1043 4761 1122 4827 nihil
1155 4768 1261 4825 tamen
1294 4763 1333 4824 ad
1367 4763 1444 4825 illud
1478 4763 1678 4825 evertendum

103 4849 168 4915 illud
188 4855 430 4931 observandum,
445 4856 610 4919 ludaioum
630 4857 801 4923 Sabbatum
824 4856 860 4919 in
910 4854 1062 4917 effieaeius
1074 4854 1232 4917 Catholioo
1244 4855 1389 4931 dogmate
1402 4855 1441 4916 de
1455 4854 1599 4932 originali
1607 4873 1679 4934 peo-

103 4950 273 5011 memoriam
307 4949 424 5028 quietis
451 4948 534 5013 illius
567 4948 735 5015 Dominiem
766 4947 859 5011 tuisse
910 4953 989 5009 eata.
1005 4945 1188 5025 Daroiteque
1203 4945 1680 5027 (quodadiustitutumnostmm

104 5031 265 5105 nstitutum
279 5038 303 5102 ⁸.
319 5039 440 5119 quuid
453 5045 557 5105 autem
577 5040 735 5105 adtinebat
757 5039 861 5105 uomi-
910 5038 1133 5117 adtinetldoeat
1146 5038 1185 5100 de
1191 5038 1319 5118 originis
1331 5057 1414 5100 noxa
1423 5039 1577 5101 Catholieu
1586 5039 1678 5115 fides,

105 5124 198 5192 nieum
210 5132 299 5195 illlud
311 5131 484 5197 Sabbatum
496 5137 584 5199 tama
598 5131 638 5195 ab
656 5132 674 5194 J
677 5132 774 5193 udaeis
788 5131 859 5193 reli-
910 5132 1042 5192 altarum
1057 5136 1114 5205 eat,
1129 5130 1169 5190 eb
1184 5149 1249 5193 uno
1270 5131 1399 5192 homine
1420 5130 1540 5195 ddamo
1554 5131 1689 5205 seilicet,

13 5290 15 5317 Ι
105 5218 705 5297 domohmraari,sindamusi110rum
719 5229 862 5305 deputet
909 5222 944 5285 in
963 5241 1071 5284 omues
1084 5221 1227 5285 homines
1249 5222 1421 5287 derivatam
1441 5223 1527 5285 illem
1547 5241 1624 5301 esse,
1645 5241 1681 5283 aa

129 5432 137 5475 Ι
149 5433 157 5476 Ι
167 5448 187 5491 p.
199 5448 221 5493 n.
235 5449 307 5494 nuru,
319 5445 363 5483 art.
375 5439 396 5489 1,
406 5437 434 5482 ad
444 5436 532 5482 rin-l
544 5440 597 5484 dea.
608 5449 639 5490 rr,
649 5436 721 5482 5.-n
735 5438 788 5483 Gen.
803 5447 833 5488 u,
845 5436 909 5480 th-
920 5435 933 5479 i
945 5437 999 5483 Gen.
1009 5445 1038 5488 rr,
1050 5435 1098 5483 2-
1108 5435 1122 5480 5
1131 5436 1200 5481 baad.
1212 5446 1232 5487 r,
1244 5433 1316 5481 8.-o
1329 5436 1381 5491 Sap.
1394 5445 1414 5488 r,
1427 5434 1486 5480 l-‘t
1499 5436 1544 5480 Aet.
1555 5444 1609 5486 xvir,
1618 5434 1682 5483 ta.-

108 5490 153 5539 Ηι
162 5496 221 5542 lteris
231 5500 257 5545 ad
268 5512 318 5546 aum
330 5502 441 5545 latorum
451 5499 560 5544 laeam-
571 5500 585 5544 a
598 5500 645 5545 leo·
655 5509 710 5555 narr,
722 5499 755 5551 tl.
