4096 6166
381 344 441 414 aas
810 358 862 419 ou
883 348 1018 420 enno.
1040 342 1090 420 di
1111 340 1337 419 odronto.
1358 344 1534 432 noemi,

381 512 560 597 doquidetn,
579 522 706 583 somne
726 506 831 583 datum
851 522 981 597 bouum,
1006 528 1037 585 et
1054 528 1147 584 omne
1198 520 1529 600 eununoaupatsst,
1541 519 1923 603 uitupxuinsssequitm

380 609 500 671 donum
521 611 690 692 perfeetum
711 615 873 677 desursum
891 620 947 690 est,
961 614 1148 677 demensus
1195 613 1283 675 omni
1309 612 1424 674 anime
1457 612 1640 675 naturaliter
1665 616 1808 675 virtutum
1831 615 1923 678 min

284 689 290 705 ’
379 704 506 782 epatre
526 703 694 783 luminum,
722 707 820 787 quiet
838 708 958 789 incipit,
981 726 1051 787 quae
1065 707 1147 769 bona
1195 705 1707 781 benetioiooreatorisinsertetsed
1720 704 1924 786 momontu-
2002 708 2003 711 ’

379 800 462 871 sunt,
479 799 511 857 et
523 797 696 876 exequitur,
725 805 756 861 et
783 803 978 862 consummat
995 801 1030 860 in
1043 799 1145 878 nohis,
1195 798 1311 860 latione
1325 799 1380 859 Dei
1387 797 1504 859 dieunt
1520 799 1660 875 excitato,
1676 798 1715 859 ad
1735 798 1924 862 incrementum

378 890 437 948 eto.
452 893 595 949 nostrum
607 904 682 951 vero
697 909 773 967 esse,
789 897 824 954 ut
838 893 977 973 quotidie
988 892 1148 953 attrahen-
1195 889 1390 971 perfeetionis
1405 904 1470 951 uon
1480 895 1630 970 poterunt
1641 892 1827 971 pervenires

378 984 441 1040 tem
453 996 510 1041 nos
521 982 709 1059 gratiamilei
718 984 879 1046 humiliter
888 984 1143 1064 subsequamini
1236 984 1491 1045 Atnonestenus
1500 985 1786 1045 tantumcassianus
1796 984 1923 1054 enaritut

377 1066 411 1131 in
433 1073 634 1152 sequentibus
654 1075 800 1138 doetrinae
820 1078 909 1138 istius
934 1076 1147 1138 salubritatem
1195 1074 1298 1136 solum
1329 1075 1421 1135 bone
1454 1076 1622 1137 voluntatis
1654 1077 1775 1137 initium
1802 1075 1922 1138 minutati

282 1193 313 1245 ,ι
376 1164 652 1229 omuemiunditus
665 1170 785 1232 evertit.
802 1170 880 1231 Nam
891 1169 989 1250 rapite
1004 1169 1145 1230 troilon
1195 1166 1331 1227 bominis
1356 1162 1555 1243 adscriberet,
1577 1168 1631 1228 sed
1652 1167 1742 1228 edam
1760 1168 1922 1246 iniquus

376 1348 702 1414 admodumllominus
712 1354 888 1434 petentibus
901 1353 1050 1430 tribuat,a
1062 1370 1146 1432 quae·
1193 1351 1248 1427 ait,
1278 1351 1339 1412 lob
1365 1351 1482 1413 rirtme
1507 1370 1574 1420 sua,
1600 1369 1664 1414 non
1683 1352 1737 1412 Dei
1754 1351 1836 1412 solua
1848 1354 1921 1428 prado

374 1437 514 1503 rentibus
529 1443 715 1523 inveniatur,
736 1447 914 1527 aperiatque
934 1444 1143 1526 pulsantibus,
1193 1447 1386 1524 protegente,
1441 1460 1642 1523 oonpressum
1693 1443 1790 1505 fuisse.
1828 1444 1920 1524 Alioqui
2002 1486 2003 1529 ,

374 1537 405 1593 et
415 1548 525 1595 nuans
536 1536 743 1598 inveniatura
758 1546 821 1599 non
834 1537 1047 1618 querentibus
1064 1554 1140 1610 se,a
1193 1534 1335 1597 diabolus
1359 1535 1446 1596 illam
1478 1536 1620 1597 mmdem
1654 1535 1856 1596 eolnmniosam
1880 1553 1920 1595 ro·
2002 1592 2003 1627 ζ

374 1629 432 1686 eto.
453 1626 567 1705 quibus
585 1627 712 1706 indioat,
731 1630 876 1692 homines
898 1629 1056 1691 interdum
1080 1628 1144 1690 suis
1192 1644 1261 1689 aem
1281 1626 1444 1705 edidisset,
1470 1648 1487 1686 o
1515 1626 1667 1709 Nanquid
1693 1628 1784 1710 ‘protei
1804 1626 1849 1690 lot
1867 1626 1919 1688 utut
2001 1638 2003 1671 r

373 1717 492 1780 viribus
514 1719 554 1780 ad
574 1722 754 1801 petendum,
770 1723 1019 1803 pulsandumque
1039 1721 1140 1801 dirigi,
1191 1718 1312 1781 Deum?
1325 1718 1434 1782 Itonos
1446 1727 1479 1780 ta
1494 1718 1614 1781 ooilusti
1626 1716 1717 1782 eom?
1730 1724 1784 1780 ete.
1797 1717 1848 1781 Set
1856 1726 1918 1798 sup

372 1815 409 1871 ut
423 1811 454 1872 in
467 1811 531 1874 line
545 1813 653 1894 eapitis
667 1815 778 1878 inluso
789 1816 886 1879 verbu
899 1814 1142 1877 donaremini
1192 1828 1311 1872 manum
1331 1825 1425 1889 tuom,
1453 1811 1486 1873 id
1505 1818 1553 1874 est
1574 1813 1642 1875 sine
1664 1829 1736 1875 eum
1755 1812 1810 1874 suis
1825 1828 1917 1873 moon

373 1900 457 1983 quod
470 1905 504 1966 in
515 1906 564 1967 lais
577 1907 733 1978 omnibus,
757 1914 788 1971 et
802 1910 902 1989 grafia
924 1909 990 1984 Dei,
1007 1907 1141 1969 etliber-
1189 1904 1308 1964 viribus
1325 1903 1494 1977 desertare,
1514 1905 1576 1965 nisi
1582 1905 1613 1965 in
1624 1904 1730 1985 larum
1749 1912 1820 1964 tuom
1831 1900 1917 1964 tout

370 2000 419 2056 tas
435 1998 533 2059 nostri
556 1998 730 2061 declaratur
745 2000 885 2077 arbitrii;
905 2005 936 2061 et
953 2000 1026 2079 quia
1047 1999 1141 2061 etiam
1189 1996 1270 2056 norit
1284 1995 1347 2058 titi.
1364 1995 1437 2073 Sed,
1454 2014 1526 2058 eum
1537 1997 1660 2059 nullam
1670 1995 1833 2077 hujusmodi
1843 1992 1916 2075 queri

371 2088 434 2149 suis
456 2089 615 2151 interdum
641 2093 777 2154 motibus
800 2093 895 2155 homo
926 2094 966 2154 ad
988 2093 1140 2153 virtutum
1190 2087 1331 2150 moniam
1350 2088 1562 2151 calumniosus
1586 2090 1686 2151 hostis
1702 2088 1915 2170 postmodium
2001 2090 2003 2145 l

369 2181 526 2260 appetitus
537 2184 632 2261 possit
644 2185 990 2264 extendl,semperrero
1003 2185 1140 2263 indigeat
1189 2181 1303 2242 audeat
1323 2182 1447 2258 iterare,
1471 2182 1614 2259 nonDei,
1631 2182 1687 2243 sed
1698 2182 1775 2243 illius
1792 2181 1914 2243 serious

368 2273 519 2353 adjuvari.
536 2275 598 2336 Nee
610 2276 706 2352 enim,
722 2294 793 2337 eum
807 2277 942 2337 voluerit
959 2277 1039 2356 quis,
1055 2277 1137 2337 sani-
1187 2272 1305 2334 viribus
1316 2274 1482 2335 ooniitetur
1495 2293 1503 2349 ;
1518 2294 1532 2331 o
1550 2274 1686 2353 subjicit,
1702 2291 1787 2334 anon
1801 2272 1830 2332 in
1840 2275 1913 2331 bton

366 2364 428 2427 tate
442 2365 623 2445 perfruitur,
637 2373 692 2428 aut
706 2368 745 2429 de
756 2368 948 2448 egritudinis
957 2368 1067 2430 morbo
1081 2384 1138 2449 pro
1188 2370 1294 2428 tamen
1308 2367 1362 2427 Dei
1374 2365 1506 2443 gratiam
1516 2366 1563 2428 illi
1576 2367 1719 2443 defuisse,
1728 2369 1913 2446 quaternatas

366 2457 488 2518 arbitrii
509 2459 558 2519 sui
585 2459 737 2521 desiderio
750 2458 910 2523 liberatur.
927 2461 1006 2535 Quid
1032 2466 1137 2523 autem
1186 2465 1252 2519 tam
1276 2459 1422 2520 tentatori
1446 2459 1592 2520 tentandi
1622 2460 1731 2521 tribuit
1760 2458 1911 2538 muru

366 2549 1138 2633 prodestsanitatisgratiamooneupisse,nisil)omi·
1186 2558 1336 2632 quantam
1350 2557 1382 2612 et
1398 2550 1490 2612 illum
1514 2552 1677 2614 ineunti
1698 2552 1814 2613 noverat
1828 2547 1911 2609 urm

365 2636 435 2717 nus,
451 2643 506 2722 qui
518 2642 590 2704 ritae
604 2644 701 2724 ipsius
713 2660 806 2707 usum
818 2647 938 2724 tribuit,
946 2647 1039 2707 etiam
1053 2646 1138 2726 vigo·
1185 2645 1381 2720 virtutem»
1398 2645 1482 2723 quod
1509 2650 1610 2706 totum
1623 2646 1850 2716 extruneumet,
1869 2656 1910 2700 nu

362 2751 431 2794 rem
465 2734 688 2798 incolumitatis
717 2738 874 2818 impertiat
908 2737 924 2800 t
956 2740 998 2800 Ut
1031 2743 1136 2799 autem
1186 2736 1317 2798 interius
1330 2737 1491 2798 bominem
1500 2736 1604 2798 affluit.

362 2827 536 2888 evidentius
550 2829 674 2907 clareat,
690 2831 786 2892 etiam
796 2846 853 2912 per
866 2836 987 2893 natiuae
1002 2830 1133 2905 bonum,
1224 2829 1262 2890 X.
1285 2830 1357 2891 blox
1371 2827 1567 2891 centurionis
1580 2828 1688 2904 fldem,
1696 2830 1733 2891 de
1745 2846 1799 2909 quo
1807 2823 1910 2889 limbi

363 2919 447 2997 quod
466 2917 617 2981 benetie-io
639 2922 785 2984 creatoris
809 2922 968 2985 indultum
986 2926 1041 2996 est,
1058 2930 1136 2984 iton·
1185 2938 1252 3001 esp.
1268 2939 1328 2982 vui
1339 2936 1404 2982 non
1418 2922 1500 2983 silei
1512 2922 1624 3001 gratia,
1641 2923 1694 2984 sed
1707 2922 1745 2983 ab
1757 2922 1909 2999 ipsometer·

362 3026 524 3091 nunquam
537 3013 692 3075 bonarum
705 3002 902 3077 voluntatum
916 3015 1039 3096 prodire
1052 3016 1136 3096 priu-
1184 3015 1284 3076 sitisse
1298 3015 1490 3075 demonstrat
1501 3032 1540 3075 ex
1554 3033 1602 3089 eo,
1614 3015 1698 3095 quod
1712 3012 1779 3075 dioit
1788 3009 1907 3073 cudant

361 3104 453 3182 ulpia,
469 3116 539 3183 que
551 3112 667 3185 tamen,
690 3107 750 3168 nisi
764 3124 783 3168 a
797 3109 929 3169 Domino
949 3108 1132 3185 dirigantur,
1183 3102 1252 3167 Nou
1275 3104 1375 3167 suomi
1395 3113 1508 3167 tonum
1529 3099 1908 3187 pentametrique

361 3195 400 3256 ad
414 3198 714 3260 consummationem
726 3200 879 3261 uirtutum
892 3201 1055 3280 pervenire
1068 3208 1133 3260 non
1182 3197 1747 3274 enimlattdisasset,aomsriti,siidin
1756 3195 1906 3264 nochum,

359 3290 1033 3368 possuntdpostolustestisestdioenszl'elle
1046 3290 1132 3372 adjo-
1181 3289 1264 3375 quod
1290 3288 1357 3370 ipse
1384 3290 1573 3365 donaverat,
1604 3290 1799 3370 prandisset3
1821 3281 1907 3364 aliqui

360 3388 404 3442 oet
418 3378 504 3457 mibi,
520 3384 665 3466 perficere
681 3389 779 3447 auten
793 3385 899 3446 bonum
911 3400 968 3443 aon
978 3383 1095 3444 t'noeuio
1109 3381 1130 3445 ¹.
1181 3382 1308 3443 dixisset
1324 3399 1331 3442 ε
1348 3382 1418 3442 Non
1431 3382 1503 3443 dedi
1526 3375 1904 3444 summouentium·

360 3472 590 3552 Ubiperspioue
614 3476 741 3538 initium
764 3477 855 3538 bonae
876 3476 1055 3551 voluntatis,
1069 3475 1132 3537 sive
1183 3474 1234 3535 Sio
1257 3475 1296 3535 de
1315 3474 1471 3535 nbraamo
1496 3474 1592 3536 sentit
1612 3472 1709 3550 idem,
1727 3473 1829 3535 illustre
1844 3466 1904 3539 idei,

360 3556 499 3626 sanitatis
517 3566 719 3643 desiderium,
740 3578 759 3631 s
781 3569 884 3644 nobis,
906 3574 938 3630 et
959 3583 998 3629 ex
1011 3573 1131 3628 naturas
1181 3560 1376 3642 obedientiae,
1391 3565 1635 3627 aelortitudinis
1648 3558 1905 3646 specimenquotlr

361 3656 477 3717 viribus
487 3659 626 3738 praestari
639 3660 767 3735 asserit;
784 3662 818 3720 in
832 3676 894 3739 quo
904 3660 1058 3741 superiori
1071 3672 1132 3721 nse
1180 3658 1244 3719 filio
1254 3659 1294 3720 ad
1304 3659 1358 3719 Dei
1371 3658 1556 3719 mandatum
1569 3657 1727 3720 offerendo
1735 3653 1853 3737 prebuit,
1859 3664 1905 3712 nou

358 3750 533 3813 constitutas
556 3751 672 3831 regulae
692 3752 872 3813 contradicit
888 3772 895 3813 ε
917 3754 1015 3814 olion
1030 3752 1131 3814 solum
1180 3764 1219 3813 ex
1232 3751 1289 3812 Dei
1302 3751 1420 3829 gratia,
1436 3750 1489 3811 sed
1508 3767 1547 3811 ex
1560 3748 1731 3831 flde·ipsius
1741 3754 1843 3809 natura
1851 3740 1904 3803 riri·

358 3847 496 3918 artuum,
511 3845 717 3906 verumetiam
732 3844 956 3922 eogitationum
976 3843 1129 3905 bonorum
1180 3844 1240 3905 hus
1254 3835 1338 3904 edita
1354 3857 1506 3904 manasse.
1525 3842 1626 3903 olion
1647 3842 1729 3904 enim
1740 3836 1902 3907 duntona

357 3953 397 3996 ex
411 3936 473 3998 lieo
487 3952 553 3998 esso
568 3936 796 4019 principiumr
1179 3937 1223 3998 ait
1235 3932 1333 4015 eapite
1348 3935 1468 4009 endam,
1492 3949 1587 4015 mam
1605 3934 1638 3996 ei
1656 3934 1793 3997 Dominio
1802 3929 1903 4008 inpin-

398 4026 456 4090 ΙΧ.
479 4028 598 4097 Quibus
622 4036 827 4093 consentanea
846 4034 929 4104 sunt,
946 4048 1016 4111 quae
1039 4030 1129 4092 deine
1178 4029 1242 4102 bat,
1265 4027 1318 4089 sed
1342 4027 1439 4104 illam,
1459 4042 1555 4107 mam
1576 4033 1704 4089 voeatus
1724 4023 1816 4097 muel,
1834 4024 1902 4097 aquo

358 4138 430 4201 oeps
455 4121 587 4196 disserit,
616 4123 653 4183 ut
678 4136 747 4203 esp.
776 4136 805 4185 ru
828 4124 887 4201 ait,
912 4123 993 4185 inter
1014 4123 1130 4184 multos
1178 4121 1373 4182 illuminatus
1394 4119 1560 4180 altemino
1573 4136 1631 4199 per
1644 4115 1902 4213 mhiniiliberttteu

356 4228 471 4293 magna
483 4215 652 4295 questione
664 4214 760 4291 volui,
775 4216 851 4296 quid
860 4232 898 4278 ex
912 4220 973 4296 qtio
983 4216 1126 4297 pendeat,
1178 4218 1301 4294 poterat
1313 4212 1470 4286 exhibere,
1484 4211 1619 4291 experiri
1630 4202 1901 4282 rotunditatem

356 4304 444 4367 idest
465 4312 584 4380 utrum,
602 4307 677 4387 quia
703 4306 829 4369 initium
852 4309 944 4369 bonae
962 4307 1129 4369 voluntatis
1177 4308 1261 4368 tiae
1279 4304 1426 4368 'l'umolia
1439 4302 1582 4384 quedam
1595 4303 1645 4365 bis
1658 4291 1901 4365 amnuerunt

356 4394 781 4479 praebuet-imuamisereetur
793 4403 993 4473 nostrioeu23
1005 4412 1047 4461 art
1057 4401 1131 4481 qula
1175 4396 1580 4478 jungit,quibusisominem
1589 4392 1805 4476 dooetpropriis
1814 4384 1901 4448 nnio

356 4488 438 4552 ileus
449 4491 641 4568 misereatur,
658 4500 884 4573 consequamur
906 4493 998 4556 bonae
1016 4493 1129 4554 volun·
1178 4490 1340 4553 nunnoni
1354 4490 1514 4563 resistere3
1530 4486 1644 4567 utiam
1656 4504 1719 4548 non
1733 4477 1901 4583 primuullss

356 4584 428 4644 tntis
442 4583 586 4660 initium3
603 4607 618 4643 »
643 4604 738 4665 quarn
761 4586 965 4668 questionem
983 4586 1027 4647 ita
1048 4604 1130 4647 oom-
1178 4585 1366 4646 lineamenta
1378 4583 1531 4643 virtutum
1545 4580 1612 4641 siue
1623 4567 1901 4657 munemne

355 4674 456 4756 ponit,
472 4678 506 4736 ut
519 4681 687 4757 utrumque
706 4679 745 4739 sit
766 4694 887 4753 rerum,
908 4679 967 4740 hoo
989 4684 1034 4740 est
1050 4684 1083 4739 ot
1095 4679 1128 4740 in
1177 4678 1259 4740 mari
1270 4677 1355 4752 velit,
1372 4675 1478 4736 labore
1493 4673 1670 4746 hominum,
1683 4677 1714 4733 at
1724 4655 1901 4733 neumam

355 4758 541 4847 quibusdam
554 4767 637 4829 bona
652 4767 796 4832 voluntas
809 4771 970 4832 antecedat
984 4772 1126 4851 gratiam,
1177 4766 1404 4851 propemodum
1420 4765 1593 4827 absolutam
1606 4764 1710 4841 illam,
1725 4781 1758 4826 aa
1773 4755 1900 4840 tumltin

355 4860 388 4920 in
416 4859 483 4922 aliis
510 4858 732 4941 subsequutum
758 4864 841 4944 quod
859 4882 926 4944 oap.
949 4879 990 4926 xu
1008 4866 1040 4925 et
1066 4876 1128 4925 xrn
1177 4863 1322 4944 exprimi.

353 4952 514 5015 evidenter
528 4956 672 5029 ostendit,
690 4954 744 5017 uid
764 4957 922 5018 interdum
934 4956 1127 5018 ‘voluntatem
1217 4957 1260 5017 lle
1274 4955 1334 5016 hoo
1343 4951 1663 5033 semipelagianorum
1671 4946 1900 5028 genereeteuuu

354 5061 539 5125 promouere
552 5048 653 5126 gratia
667 5065 722 5109 sua
744 5049 842 5109 Deum
857 5049 1011 5125 adstruit3
1034 5049 1128 5110 inter·
1175 5048 1271 5110 fldem
1290 5047 1362 5108 iacit
1374 5047 1507 5126 Prosper
1525 5044 1556 5104 in
1573 5041 1699 5123 epistola
1718 5037 1754 5100 od
1765 5030 1899 5113 dulim

355 5138 432 5197 dnm
458 5137 550 5200 bonae
577 5140 674 5220 ipsius
701 5138 871 5202 voluntatis
893 5143 1044 5222 inspirare
1065 5142 1126 5221 pri-
1175 5141 1232 5202 ubi
1257 5138 1394 5201 cornelli
1419 5136 1610 5207 centurionis
1632 5150 1703 5194 usos
1723 5123 1900 5230 smmpto&

353 5227 551 5291 mordialleo
564 5232 789 5293 enimliberum
804 5232 1126 5312 arbitriumejusmodi
1176 5235 1378 5306 demonstrat,
1399 5248 1416 5290 o
1438 5230 1493 5310 qui
1506 5232 1577 5290 ante
1599 5226 1701 5304 grube
1712 5224 1900 5313 peruenit&

353 5326 409 5395 est,
435 5324 469 5382 ut
494 5323 533 5383 ad
556 5320 676 5386 bonum
699 5324 774 5386 eniti
797 5334 862 5386 non
882 5327 989 5406 possit.
1017 5327 1126 5388 oliam
1174 5325 1403 5404 emensusque
1416 5334 1509 5384 orans
1519 5304 1899 5400 Doumploemosyuiattl·

384 5521 394 5564 1
411 5522 521 5568 Roman.

245 1246 318 1278 ”³¹²⁰
375 1254 476 1333 facile,
492 1257 546 1331 ait,
562 1259 700 1322 humana
710 1262 829 1323 ratione
843 1262 1145 1340 disperniturquem·
1195 1258 1476 1320 heroicosvirtutes
1492 1260 1595 1321 eidem
1607 1259 1726 1321 effluit.
1741 1260 1816 1322 Nam
1827 1272 1921 1340 oopnu
2001 1290 2003 1321 ς
