4004 6168
302 365 362 426 oto
742 362 793 425 DE
812 360 947 424 amaa.
969 359 1019 421 ΕΤ
1039 354 1268 422 sustentata.
1291 358 1444 422 HAERFSI

303 528 390 606 mali,
409 528 545 609 bonique
555 529 728 609 judicium
750 534 781 590 et
791 534 828 590 ut
839 527 989 603 honestis,
1004 543 1069 587 ιοο-
1120 531 1260 604 tempore
1274 526 1351 605 legis
1362 533 1496 596 naturae,
1509 533 1603 607 atqua
1611 528 1712 608 Moysi
1726 548 1735 604 ;
1749 546 1786 588 ac
1799 544 1911 608 prop-

303 620 404 701 tiaque
424 621 543 682 artibus
565 619 658 699 iavet,
677 623 720 683 ita
744 621 867 684 sinistra
884 638 980 702 opera
997 636 1071 681 con-
1120 624 1205 679 terea
1214 618 1348 696 potuisse
1355 618 1911 700 bominestotamlegemrustodire,

302 712 441 788 demum,
457 736 473 773 a
490 719 549 776 etc.
1122 709 1148 769 si
1160 710 1286 785 vellent,
1311 716 1343 771 et
1364 728 1492 773 omnem
1511 711 1640 772 omnino
1659 712 1793 791 implere
1808 712 1914 791 justi-

343 806 408 866 XII.
421 805 566 867 Julianus
587 805 825 885 Pelagianarnm
843 806 987 868 columen
999 823 1071 885 par-
1120 802 1208 863 tiam.
1225 803 1314 863 Nunc
1338 809 1455 878 amem,
1482 803 1557 882 quia
1579 804 1678 865 nimia
1697 804 1914 866 consuetudo

302 897 382 958 tium
397 895 420 972 ¹,
439 919 454 955 a
469 897 618 973 Libertas,
629 897 743 977 inquit,
758 898 888 973 arbitrii,
904 915 965 978 qua
978 916 997 958 a
1010 899 1072 959 Deo
1121 895 1287 974 praevaluit
1295 914 1361 956 non
1373 896 1458 956 idem
1471 896 1604 975 amplius
1616 915 1703 975 posse
1715 896 1756 957 is
1766 898 1913 975 Ergone

303 989 513 1068 emancipatus
528 990 624 1051 homo
634 996 690 1065 est,
705 989 738 1050 in
750 990 934 1054 admittendi
943 989 1071 1069 pemati,
1121 988 1311 1048 consuetudo
1326 987 1380 1048 illa
1392 989 1549 1067 peccandi,
1574 1006 1646 1067 quae
1664 989 1699 1048 in
1720 988 1915 1067 majoribus

303 1085 334 1141 et
346 1080 523 1142 abstinendi
540 1088 697 1161 apeorato
710 1082 912 1162 possibilitate
925 1082 1070 1143 consistit.
1121 1078 1191 1155 tuit,
1220 1097 1256 1140 ac
1274 1083 1396 1141 naturae
1415 1080 1563 1141 vitiositas
1582 1080 1622 1140 ab
1641 1081 1702 1141 illia
1724 1088 1915 1161 propagata

303 1173 432 1234 Factum
455 1180 500 1234 est
514 1173 598 1235 enim
613 1174 729 1236 animal
748 1174 910 1249 rationale,
930 1173 1071 1247 mortale,
1122 1174 1168 1231 est
1190 1170 1224 1231 in
1245 1173 1413 1251 posteros?
1435 1172 1515 1246 Quid
1535 1173 1595 1234 hoc
1607 1172 1695 1234 aliud
1719 1180 1780 1249 est,
1804 1191 1913 1253 qnam

303 1282 402 1343 capax
414 1265 548 1341 virtutis,
573 1271 605 1326 et
617 1264 698 1341 vitii,
722 1266 808 1345 quod
821 1272 923 1346 posset
943 1283 981 1325 ax
1003 1283 1074 1326 con·
1122 1263 1306 1341 originalem
1325 1282 1344 1324 a
1361 1265 1544 1344 parentibus
1564 1266 1598 1326 in
1612 1267 1913 1345 posterostransire

303 1374 386 1417 cessa
400 1356 458 1417 sibi
479 1357 681 1437 possibilitate
699 1359 747 1419 vel
771 1375 894 1419 servare
913 1357 1071 1432 mandata,
1122 1354 1259 1416 noxam?
1278 1356 1342 1417 Aut
1360 1357 1437 1436 quid
1460 1363 1525 1419 tam
1549 1358 1660 1418 acriter
1682 1358 1721 1419 de
1736 1375 1779 1418 eo
1791 1365 1914 1419 eontra

302 1448 355 1509 vel
368 1450 552 1529 transgredi,
566 1450 616 1511 vel
624 1450 800 1529 magisterio
812 1448 945 1510 naturali
955 1467 1075 1510 consor·
1123 1447 1296 1508 catholicos
1303 1448 1460 1524 Pelagiani
1475 1450 1710 1522 contenderent,
1724 1468 1766 1510 ac
1780 1448 1911 1511 Trada-

302 1558 376 1601 vara
409 1537 466 1618 ius
491 1542 641 1603 bumana
676 1543 839 1619 societatis,
876 1542 1073 1622 liberumque
1123 1538 1223 1599 cionos
1236 1539 1374 1619 illosper
1387 1541 1551 1621 probrum,
1565 1542 1793 1603 acconucium
1803 1543 1915 1604 nomi·

302 1632 432 1693 baberet
445 1633 629 1694 alterutrum
648 1633 739 1709 velle,
757 1635 807 1695 vel
819 1640 951 1714 partem,
965 1635 998 1694 in
1011 1652 1073 1713 quo
1122 1636 1247 1708 narent,
1274 1631 1300 1692 si
1327 1638 1358 1693 et
1384 1632 1444 1713 ipsi
1465 1634 1588 1710 viuum,
1618 1635 1912 1714 egritudinemque

303 1725 430 1804 peccati
447 1731 477 1785 et
488 1725 577 1803 justit
564 1724 616 1786 tiae
631 1743 753 1786 summa
763 1733 818 1787 est
835 1747 851 1784 c
1123 1729 1244 1785 naturas
1257 1723 1376 1785 traduci
1388 1742 1408 1786 a
1420 1725 1591 1803 majoribus
1604 1727 1638 1787 in
1650 1727 1732 1789 tilios
1746 1727 1910 1806 dicerent,

342 1817 460 1880 Eodem
483 1819 640 1897 pertinent
674 1817 736 1878 illae
755 1818 839 1897 apud
865 1817 1074 1896 Augustinum
1124 1834 1186 1895 quo
1207 1817 1338 1896 pristine
1358 1817 1450 1879 liberi
1471 1818 1594 1879 arbitrii
1618 1819 1813 1899 possibilitas
1827 1828 1913 1882 esset

305 1908 419 1988 Pelagii
446 1910 608 1971 sententiaa
633 1910 671 1971 da
705 1909 905 1990 possibilitate
937 1909 1014 1970 boni
1040 1929 1076 1973 ao
1124 1908 1253 1987 erepta?
1277 1909 1377 1970 Multa
1399 1910 1514 1991 nuperi
1539 1916 1611 1972 sunt
1632 1911 1722 1973 istim
1742 1913 1912 2019 scriptoris

304 2000 397 2061 mali·
389 2020 509 2081 ,quam
531 2020 550 2061 a
572 2007 686 2062 natura
707 2001 823 2077 datam,
847 2020 882 2062 aa
897 2002 1075 2063 necessitate
1124 2005 1226 2061 errata
1230 2001 1786 2082 ,atquehaudpaulopernioiosiora‚
1792 2004 1912 2083 magis-

304 2093 439 2170 quadam
461 2093 505 2153 ita
531 2099 716 2167 consertam,
745 2094 1016 2173 adhaerentemque
1031 2094 1077 2155 illi
1125 2110 1186 2171 que
1210 2093 1358 2168 cavenda,
1386 2111 1482 2172 qnam
1504 2094 1586 2154 istud
1608 2100 1672 2169 est;
1700 2096 1756 2156 saal
1779 2097 1910 2159 nullum

305 2201 369 2245 esse
381 2184 543 2263 significat,
558 2189 595 2244 ut
603 2184 717 2246 auferri
740 2191 882 2264 nequeat.
898 2187 1073 2259 «Dicimus,
1125 2182 1220 2244 babes
1240 2184 1328 2258 adeo,
1357 2202 1460 2264 nequa
1486 2190 1553 2246 tam
1577 2186 1753 2265 stupidum,
1782 2195 1845 2249 aut
1869 2188 1909 2250 ab

304 2275 440 2354 inquit',
459 2277 663 2355 cujusquerei
677 2277 921 2356 possibilitatem,
935 2295 1001 2338 non
1011 2284 1076 2338 tam
1126 2274 1212 2335 omni
1228 2277 1360 2353 ratione,
1386 2295 1423 2337 ac
1437 2277 1557 2355 jndicio
1579 2278 1778 2341 destituram.
1795 2281 1909 2342 Enim

305 2368 339 2428 in
353 2367 474 2428 arbitrii
494 2367 625 2429 humani
644 2373 805 2447 potestate,
829 2386 923 2448 quam
936 2369 971 2429 in
984 2375 1075 2430 natu·
1125 2385 1200 2427 vero
1209 2368 1359 2447 quidquid
1373 2369 1407 2429 in
1417 2369 1471 2430 illa
1481 2368 1742 2431 odDemctrtodem
1758 2373 1904 2452 epistola,

305 2454 1077 2523 ranecessitateconsistere.ancdeinde³:«simtle
1126 2465 1156 2519 et
1177 2459 1211 2519 in
1237 2460 1307 2520 aliis
1332 2460 1430 2533 libris,
1461 2478 1597 2540 quorum
1617 2460 1802 2542 fragmenta
1821 2466 1908 2544 apud

305 2570 379 2630 ergo
404 2552 498 2613 modo
532 2552 571 2613 da
604 2570 670 2614 non
697 2552 844 2632 morandi
875 2552 1077 2633 possibilitate
1128 2551 1337 2629 Augustinum
1377 2552 1535 2628 leguntur,
1571 2553 1610 2614 de
1645 2560 1771 2617 natante
1808 2554 1905 2633 bono,

305 2643 544 2722 intelligendum
557 2645 713 2724 est3quod
729 2651 1077 2724 nonpeocaranostrum
1126 2640 1227 2721 deque
1248 2644 1389 2717 sanitate,
1416 2650 1447 2704 et
1468 2644 1646 2722 integritate
1668 2645 1763 2708 liberi
1783 2646 1906 2709 arbitrii

306 2734 356 2811 sit,
372 2754 461 2815 posse
474 2753 548 2797 vero
571 2753 636 2796 non
656 2754 783 2816 peccare
804 2755 870 2798 non
888 2742 1074 2798 nostrum.»
1126 2732 1296 2813 disputavit
1321 2735 1471 2814 Pelagius,
1498 2754 1621 2797 necnon
1638 2737 1800 2812 Julianus,
1827 2745 1858 2800 et
1879 2739 1906 2801 si

307 2826 725 2901 Quailliusverharefeuens
734 2828 1075 2907 Augustinus,«Miror,
1127 2824 1182 2903 qui
1207 2825 1259 2885 alii
1281 2835 1365 2901 sunt,
1389 2845 1454 2888 non
1474 2846 1512 2888 eo
1525 2829 1692 2908 conspirat,
1709 2836 1906 2893 otraterum

306 2919 419 2998 inquit,
436 2938 498 2999 quo
514 2920 719 2996 corde,etiam
733 2921 799 2982 sina
812 2920 966 2999 adJ'utorio
980 2922 1077 2982 medi·
1126 2918 1344 2978 tantummodo
1357 2919 1657 2998 patriarcharum‚ac
1666 2922 1903 3001 prophatarum,

306 3011 384 3072 oinos
405 3012 573 3072 Salvatoris
594 3012 703 3088 nostri,
739 3018 880 3073 nostrum
900 3017 989 3092 putat
1011 3030 1078 3074 esse
1128 3009 1183 3087 qui
1206 3008 1282 3069 olim
1309 3010 1506 3088 exstiterunt,
1530 3011 1679 3079 indolem.
1702 3032 1742 3074 ac
1759 3013 1853 3075 liberi
1870 3016 1902 3076 iu

306 3121 372 3163 non
385 3121 529 3183 peccare3
551 3122 639 3184 posse
652 3122 726 3166 vero
741 3123 806 3165 non
818 3122 944 3185 peceare
956 3110 1077 3167 naturae
1126 3098 1187 3160 illis
1204 3099 1325 3161 arbitrii
1346 3101 1752 3183 salubritatempraedicent,
1776 3123 1850 3184 qum
1866 3107 1905 3169 sit

306 3212 372 3256 esse
386 3197 569 3272 contendat;
585 3215 680 3276 quam
694 3197 736 3258 sio
747 3198 831 3259 videt
843 3215 907 3259 esse
924 3197 1077 3276 vitiatam,
1127 3191 1228 3252 omnis
1239 3192 1273 3252 in
1286 3193 1416 3272 posteris
1429 3195 1552 3272 ambas,
1562 3203 1684 3257 mutata
1693 3198 1760 3273 ,iam
1773 3198 1810 3258 in
1818 3199 1904 3261 dete

307 3292 343 3348 ut
360 3288 420 3349 boo
439 3287 565 3367 majoris
587 3289 656 3350 vitii
678 3289 718 3349 sit
739 3308 802 3349 non
825 3289 970 3351 videre.»
995 3290 1077 3364 Quo·
1126 3284 1203 3357 rius,
1230 3291 1300 3364 post
1318 3285 1488 3347 adventum
1507 3287 1631 3364 Christi,
1659 3291 1773 3353 namra
1787 3298 1904 3353 morta·

307 3380 387 3441 circa
401 3381 586 3460 neutiquam
600 3381 701 3443 aliena
718 3381 810 3460 culpa
822 3381 960 3442 vitiatam
975 3382 1078 3443 homi·
1126 3375 1215 3437 lium·
1230 3376 1290 3437 Sed
1305 3395 1375 3437 eam
1388 3383 1545 3452 naturam,
1562 3396 1694 3459 eumque
1716 3380 1901 3459 voluntatis,

307 3472 357 3531 nis
382 3477 538 3542 naturam,
568 3491 604 3535 ao
628 3474 822 3535 voluntatem
855 3473 986 3534 liberam
1013 3491 1078 3535 esse
1127 3474 1159 3528 et
1171 3468 1292 3530 arbitrii
1312 3468 1403 3530 liberi
1421 3472 1644 3535 commendant
1657 3475 1855 3553 statum,qni
1868 3476 1901 3536 in

308 3561 451 3640 Pelagius
478 3563 617 3641 credidit,
654 3583 755 3644 neque
789 3564 996 3643 debilitatam,
1024 3570 1079 3626 aut
1128 3560 1225 3620 atatis
1252 3579 1316 3622 sua
1343 3561 1524 3624 bominibus
1546 3562 1653 3637 inerat,
1677 3581 1839 3645 quemque
1861 3567 1901 3628 ob

308 3652 517 3716 immutatam.
547 3655 636 3729 Quod
662 3655 776 3717 diserta
798 3657 864 3736 ipsa
890 3663 1021 3718 testatur
1044 3659 1077 3718 in
1129 3651 1234 3712 oculos
1246 3652 1307 3713 illis
1318 3671 1446 3733 ponere,
1462 3656 1541 3716 etin
1554 3655 1739 3717 memoriam
1752 3659 1900 3722 reducere

308 3745 419 3808 eodem
432 3746 599 3825 Augustini
608 3745 701 3823 libro,
721 3767 737 3805 a
751 3747 866 3825 Primo,
886 3749 990 3827 inquit
1004 3748 1027 3826 1,
1041 3750 1078 3811 de
1128 3760 1161 3803 se
1174 3744 1253 3805 velle
1264 3745 1502 3824 profitebantur,
1517 3752 1554 3806 ut
1566 3765 1619 3808 eos
1631 3744 1668 3805 sd
1681 3748 1794 3810 omnia
1806 3752 1900 3814 virtu·

300 3856 345 3905 ,eo
372 3839 594 3917 disputandum
628 3843 684 3918 est,
720 3840 802 3918 quod
830 3856 887 3918 per
920 3847 1078 3918 peccatum
1127 3837 1306 3898 tumofficia
1316 3838 1519 3899 incitamento
1533 3840 1595 3901 boe
1607 3836 1776 3902 alacriores
1790 3844 1898 3906 redde

308 3929 465 3991 debilitata
492 3929 622 3999 dicitur,
651 3937 682 3993 et
709 3930 877 3992 immutata
908 3938 1027 3994 natura.
1061 3955 1074 3993 ι
1126 3933 1217 4005 rant3
1239 3947 1319 3991 neve
1343 3930 1390 3991 illi
1413 3932 1554 3992 excusari
1573 3943 1605 3987 se
1627 3947 1717 4008 posse
1736 3934 1900 3998 eraderent

309 4022 397 4096 Quod
409 4022 521 4084 demde
535 4041 574 4083 ax
585 4040 621 4083 eo
633 4023 802 4103 redarguit,
818 4023 902 4102 quod
916 4030 1078 4103 peccatum
1127 4019 1308 4083 infirmitate
1332 4022 1457 4097 virium,
1485 4029 1517 4083 et
1538 4017 1745 4084 mbeultttste
1762 4034 1894 4105 nature,

308 4108 479 4175 substantia
494 4132 559 4175 non
574 4115 623 4175 sit.
642 4115 710 4175 allt
728 4115 755 4175 si
773 4116 816 4176 ita
838 4121 899 4190 est,
922 4117 1078 4195 ‹momodo
1127 4113 1295 4191 quominus
1308 4131 1430 4174 summa
1444 4127 1581 4193 quasque
1596 4113 1778 4192 aoperfeota
1791 4137 1895 4199 capes-

309 4207 409 4284 potuit
421 4206 595 4267 humanam
609 4205 780 4284 debilitare,
793 4208 843 4268 vel
855 4212 977 4269 mutare
989 4215 1080 4269 natu·
1127 4210 1240 4264 serent.
1256 4205 1372 4280 Quosl'
1364 4223 1398 4265 ιιι
1425 4199 1526 4266 illaad
1533 4199 1752 4267 Deoaetrrodem
1765 4211 1894 4290 mota

308 4315 388 4374 ram,
405 4298 488 4377 quod
502 4298 675 4359 substantia
683 4298 794 4361 careti
812 4299 992 4378 »Ejusmodi
1006 4306 1079 4362 sunt
1128 4295 1270 4374 Pelagius
1294 4297 1389 4376 longa
1419 4292 1597 4373 etcopiose
1620 4299 1765 4360 oratione
1789 4320 1893 4382 perse·

309 4387 371 4448 alia
383 4390 613 4469 quamplurima
626 4390 789 4470 utriusque
802 4391 880 4464 loca,
895 4409 965 4470 quoe
979 4411 1079 4454 novus
1127 4388 1245 4467 quitur

310 4479 666 4561 dogmatistesselegit⁸3
683 4482 741 4543 ut
732 4501 765 4543 m
779 4484 918 4544 eositam
932 4501 997 4544 esse
1009 4497 1079 4563 per·
1165 4481 1254 4542 XIV.
1280 4482 1424 4560 Sequitur
1438 4477 1531 4536 tertia
1552 4483 1583 4537 ct
1603 4487 1762 4558 postrema
1786 4504 1891 4564 musa,

309 4571 453 4633 suaderet
471 4572 595 4633 illorum
613 4574 768 4648 haeresim,
788 4574 872 4654 quod
890 4574 1079 4637 liberumar-
1127 4577 1361 4652 propterquam
1375 4587 1468 4633 navus
1477 4569 1678 4648 dogmatistes
1690 4575 1894 4641 dixissel'els

310 4662 439 4723 bitrium
448 4670 618 4725 assererent
626 4666 886 4740 inindifferentia‚
894 4672 925 4727 et
933 4668 1079 4728 utriusvis
1126 4665 1214 4744 gium
1230 4666 1391 4739 existimat
1417 4662 1658 4725 «remissionem
1676 4676 1892 4745 pecccatorum

310 4772 445 4834 exaequo
458 4755 660 4834 possibilitate
671 4758 895 4833 consistere;in
905 4776 1078 4837 eoqueesse
1127 4774 1192 4817 non
1219 4757 1386 4823 secundun
1409 4753 1519 4814 merita
1545 4761 1652 4817 nostra
1673 4758 1754 4836 dari,
1769 4764 1893 4841 quoda

309 4846 399 4908 sitam
412 4848 580 4909 divinitatis
592 4848 771 4929 imaginem,
793 4868 862 4929 quse
884 4851 1075 4927 naturaiiter,
1127 4848 1323 4927 gentibusad
1345 4847 1436 4910 tidem
1459 4846 1613 4907 convenis
1633 4849 1721 4911 nulla
1737 4852 1891 4917 laboriosa

309 4941 344 4998 aa
354 4940 524 5001 necessario
538 4941 618 5002 inest
631 4942 828 5020 homini,neo
841 4941 880 5003 ab
891 4960 927 5002 eo
942 4943 1077 5021 separari
1125 4940 1318 5021 poenitentiae
1329 4957 1422 5021 opera
1436 4937 1470 4997 in
1483 4935 1633 5016 baptismo
1641 4943 1844 5020 postulantur
1853 4968 1888 5023 3·

309 5034 420 5107 potest.
1127 5030 1440 5093 sedsolafldeChristi
1453 5029 1891 5120 remissionemillamassaqui

350 5120 425 5182 Xltl.
450 5124 567 5197 Quibus
590 5124 735 5186 omnibus
756 5133 909 5205 repugnat
924 5126 967 5199 id,
991 5125 1078 5205 quod
1127 5130 1268 5203 possunt.
1288 5124 1404 5184 Verum
1427 5120 1553 5182 neoista
1576 5124 1655 5184 ratio
1673 5127 1748 5188 satis
1765 5130 1804 5190 ad
1827 5148 1892 5193 rum

202 5266 206 5273 ,
310 5216 416 5290 postea
434 5214 523 5273 cribit
536 5215 719 5294 Pelagianos
730 5217 951 5290 existimasse«
958 5223 1079 5278 nature
1127 5216 1273 5294 pertinet.
1284 5216 1363 5275 Nam
1377 5232 1479 5293 neque
1486 5214 1577 5274 reteri
1591 5215 1626 5274 in
1642 5215 1722 5296 lege,
1735 5220 1777 5280 ad
1791 5223 1890 5284 solam

311 5300 447 5364 acliberi
468 5304 587 5367 arbitrii
609 5307 817 5386 integritatem
842 5307 917 5370 olim
928 5309 1077 5370 exstitisse
1124 5308 1321 5387 'peccatorum
1338 5306 1546 5368 remissiorem
1566 5306 1781 5389 obtinendam,
1804 5320 1891 5378 tanto

339 5505 350 5547 t
365 5504 430 5560 Apud
443 5506 501 5561 aar.
510 5505 545 5552 tr
556 5516 592 5561 op.
603 5506 709 5563 inp-t
721 5508 785 5564 Apud
799 5509 858 5565 Aug.
870 5509 886 5554 l.
898 5511 924 5554 da
937 5511 986 5559 Nat.
997 5514 1019 5555 et
1034 5510 1148 5556 orat-s
1162 5509 1222 5554 lb·-
1234 5508 1247 5553 1
1261 5508 1312 5564 Gap.
1321 5513 1418 5552 rin-t
1431 5508 1486 5553 ‘tom
1494 5505 1512 5559 1,
1523 5506 1564 5551 aa.
1573 5506 1601 5558 tr.
1611 5519 1630 5552 c.
1643 5517 1736 5568 ratraq.
