4096 6166
297 324 358 393 m
551 321 604 384 DE
622 319 854 382 TRIDENTINI
874 319 1041 387 connum
1062 322 1113 385 Μ’
1132 322 1165 386 Β.
1186 320 1402 389 Auatttmlril
1424 320 1632 397 muratus,

298 488 424 565 cadunt,
441 493 472 553 et
485 491 731 575 protempcrum
745 484 865 555 renone
888 490 1065 561 cruuntur,
1118 487 1202 553 idern
1224 487 1264 551 ah
1287 487 1433 553 omnium
1455 486 1739 568 capernaunensis
1759 486 1896 551 namma
1932 502 2027 567 aaa,

298 600 364 651 non
381 580 420 649 da
443 578 517 645 fidei
543 576 672 645 decretis
694 576 826 654 intelligi
844 576 974 653 debota,
998 594 1068 657 qua
1117 580 1218 660 posita
1231 579 1324 645 fuisse
1338 580 1489 645 madunt.
1504 580 1540 644 ln
1552 580 1611 643 hau
1624 578 1764 657 ancipiti,
1778 584 1810 640 et
1822 595 1894 639 ma·
1931 557 2031 667 Q:

299 672 468 749 constanti,
493 676 525 735 ct
549 668 737 739 immutabili
763 669 893 733 veritate
915 675 1063 739 mactant.
1114 671 1203 750 jocis,
1218 690 1314 751 quam
1339 673 1503 753 qumquam
1517 677 1615 752 putat,
1636 671 1790 734 momenti
1815 689 1895 732 oon-

301 765 363 830 Sed
383 765 451 825 huc
472 761 585 829 obiter.
613 761 692 827 illud
716 778 790 825 vcro
814 760 954 827 indidem
978 761 1068 822 colli·
1118 764 1283 834 troversia,
1305 765 1381 843 quid
1395 763 1566 829 musultius
1580 763 1649 827 ficri
1663 764 1776 843 potuit,
1793 780 1896 842 quam

299 857 393 937 gitur,
408 858 525 936 quanto
539 854 722 935 prudentius
745 852 907 933 tremunt
931 853 1070 919 decuma
1118 860 1155 919 ut
1169 855 1329 921 Athanasii
1342 857 1495 919 enuntia
1508 874 1547 917 er
1566 855 1634 934 ejus
1655 856 1777 935 scriptis
1797 854 1895 916 chee-

300 949 340 1010 ad
358 946 531 1011 Tridentini
540 945 663 1011 concilii
689 963 846 1019 normam,
868 950 899 1011 ct
923 946 1071 1024 interpro·
1118 946 1226 1008 retur?
1241 948 1307 1013 Hos
1324 966 1396 1011 oum
1415 948 1522 1011 scdulo
1541 947 1645 1019 fieret,
1667 947 1833 1009 inventurn
1847 953 1896 1007 est

300 1038 462 1110 tationem,
478 1056 573 1119 quam
586 1038 646 1098 hoc
658 1038 697 1098 ad
711 1038 798 1099 illam
807 1038 1068 1104 accommodetur.
1118 1045 1384 1105 ισισσισιιιιιιοιοισ
1404 1039 1482 1117 illo¹,
1503 1039 1583 1103 nihil
1595 1039 1763 1101 aliudesse
1776 1043 1896 1118 praeter

142 1162 263 1208 pedem,
341 1131 398 1193 Hic
410 1130 488 1197 mihi
503 1131 639 1210 privatos
665 1129 817 1211 quosdam
840 1129 992 1205 doctores,
1018 1129 1071 1189 scd
1120 1138 1216 1206 σισισι,
1239 1138 1275 1193 ut
1302 1136 1371 1195 tum
1393 1150 1468 1195 usus
1492 1131 1622 1197 terebat.
1644 1132 1774 1191 Prorsus
1794 1130 1897 1209 igitur

150 1216 255 1313 ⁸22³,th
301 1223 415 1287 eximia
448 1222 609 1299 doctrina,
648 1226 679 1282 et
713 1221 895 1283 anctoritate
927 1220 1073 1301 praeditos
1119 1224 1324 1287 verosimilius
1333 1225 1499 1298 estvisum,
1510 1223 1652 1285 Nicanos
1664 1224 1770 1283 Patres
1780 1221 1896 1283 eedem

128 1323 156 1367 ιι
169 1322 276 1385 lihna-
303 1315 433 1397 epistola
446 1318 687 1385 commemorat,
704 1313 759 1395 qui
773 1313 962 1390 generalium
976 1330 1070 1393 syno—
1120 1317 1247 1381 notione
1269 1334 1433 1396 usurpasse
1453 1323 1498 1390 τὴν
1511 1322 1659 1379 taleme.
1675 1314 1726 1375 Sic
1740 1332 1780 1375 ex
1793 1314 1895 1374 Athe,

159 1381 249 1484 diiii.
303 1407 417 1472 dorum
431 1404 799 1486 interpreteshahentur;
814 1410 850 1464 ut
868 1404 983 1467 Nicaeni
998 1422 1071 1467 con·
1119 1409 1207 1471 nasio
1229 1409 1356 1485 Nicmui,
1371 1408 1422 1471 oui
1445 1424 1581 1488 praesens
1604 1407 1744 1475 emeret
1770 1405 1897 1469 aoncilii

301 1500 363 1562 cilii
381 1499 597 1571 Athanasium,
612 1497 759 1577 Ephesini
773 1496 925 1579 cyrillum
938 1495 1071 1561 Alexam
1120 1505 1258 1565 mentem
1267 1501 1338 1580 jura
1351 1500 1544 1579 interpretati
1557 1504 1630 1563 sunt
1636 1497 1783 1576 theologi.

301 1592 439 1659 drinum.
451 1592 568 1653 Verum
579 1588 759 1657 incredibile
771 1593 817 1649 est
829 1588 1072 1667 quantumineo
1161 1594 1278 1654 Eadem
1303 1598 1349 1655 est
1370 1592 1449 1654 ratio
1475 1591 1584 1671 cyrilli
1602 1589 1817 1661 Alexandrini,
1837 1586 1895 1667 qni
1955 1628 2007 1670 3„

300 1684 482 1769 scriptorem
496 1680 632 1763 epistolae
647 1680 726 1745 ratio
740 1678 872 1761 fregerit·
891 1680 971 1743 nihil
986 1680 1072 1741 onim
1120 1684 1275 1763 Ephesino
1285 1684 1416 1749 concilio
1425 1682 1580 1763 presedit,
1589 1682 1745 1744 leesdui
1754 1682 1896 1743 Romani
1918 1681 2034 1790 [ξιξ

300 1774 490 1850 dissimilius,
514 1779 569 1837 aut
582 1771 747 1841 adversum
768 1790 800 1833 sa
813 1772 945 1835 validius
962 1771 1073 1835 afferte
1119 1776 1273 1855 pontificis
1295 1776 1396 1854 jussu,
1421 1793 1456 1837 ae
1470 1775 1609 1850 nomine,
1637 1792 1677 1841 ex
1700 1791 1764 1852 quo
1788 1773 1897 1834 decre-
1943 1788 2015 1831 uani

300 1866 411 1949 potuit,
441 1865 646 1941 Athanasius,
676 1870 712 1927 ut
737 1864 921 1944 singillatim
948 1864 987 1927 dc
1011 1863 1072 1933 illia
1119 1874 1236 1945 torum,
1263 1873 1295 1929 et
1318 1874 1477 1947 gestorum
1495 1867 1578 1929 illius
1588 1866 1700 1947 synodi
1713 1872 1896 1929 accumtsm

300 1977 411 2039 mam,
426 1958 549 2021 Niceanc
570 1956 699 2018 concilio
718 1974 783 2019 non
801 1956 903 2021 solum
920 1954 1071 2032 interfuit,
1121 1961 1265 2025 notitiam
1279 1965 1324 2023 est
1341 1961 1489 2040 adeptus;
1514 1965 1550 2019 ιιι
1573 1964 1737 2038 propterca
1756 1956 1895 2021 madtmn

300 2050 354 2113 sed
363 2050 590 2131 propemodum
603 2047 738 2129 praetuit,
755 2066 827 2110 cum
841 2047 925 2127 apud
938 2047 1072 2111 Alexan·
1121 2054 1156 2115 in
1169 2072 1206 2115 eo
1220 2053 1260 2115 ad
1273 2053 1409 2115 Nestorii
1431 2052 1587 2128 heresim,
1603 2057 1635 2111 et
1648 2049 1836 2129 synodalem
1855 2049 1896 2110 ds

301 2142 396 2207 drum
407 2143 588 2223 episcopum
602 2158 707 2213 suum,
724 2158 817 2223 aquo
836 2140 976 2223 numum
986 2139 1073 2201 dam*
1123 2164 1159 2207 aa
1172 2146 1357 2209 mutantium
1371 2144 1593 2226 explorandam
1606 2142 1692 2220 fidei,
1716 2148 1749 2203 et
1763 2141 1895 2205 auctori

300 2241 393 2296 natus
414 2241 460 2295 est
480 2232 591 2309 Arius,
612 2236 740 2312 propter
766 2230 955 2311 singularem
969 2230 1072 2293 erudi·
1122 2239 1194 2301 tetis
1207 2238 1365 2301 resederit.

301 2327 430 2403 donem,
444 2331 475 2387 ct
488 2327 612 2389 Arianae
623 2323 749 2385 haeresis
764 2328 905 2385 exactam
916 2321 1070 2396 aufidum,
1162 2330 1241 2391 Nam
1255 2330 1340 2410 quod
1353 2328 1486 2407 Eugenti
1495 2329 1598 2407 quarti
1611 2327 1650 2389 de
1659 2327 1778 2388 unione
1792 2328 1895 2388 decre
1917 2362 1995 2416 m,
2011 2360 2030 2402 ῃ

301 2425 395 2500 atquc
408 2423 567 2499 expertam
581 2417 615 2478 in
628 2413 891 2489 omnihusfidem,
906 2433 942 2475 ac
955 2413 1072 2479 seduli·
1121 2430 1188 2485 tum
1214 2423 1288 2485 citat
1314 2421 1462 2501 epistola,
1499 2420 1554 2499 qui
1578 2418 1732 2498 cyrillum
1745 2418 1894 2498 Ephesini
1916 2390 2036 2483 amasai

301 2516 396 2573 tatem
411 2510 517 2571 omnia
530 2514 641 2589 posset.
662 2509 770 2587 Itaque
790 2505 874 2586 quod
890 2506 929 2567 ab
942 2506 1074 2569 Niuffinit
1122 2514 1245 2577 aoncilii
1258 2513 1460 2592 interpretem
1470 2511 1781 2586 deelarat3intararat
1789 2517 1893 2571 aucto·
1928 2478 2020 2615 Ἥ

301 2602 447 2665 Patribus
467 2600 506 2664 de
532 2599 594 2663 tide
621 2598 770 2661 catholica
795 2604 903 2665 contra
925 2597 1074 2663 Arianam
1122 2605 1165 2669 rie
1187 2604 1269 2669 illiue
1283 2604 1541 2679 animaduertere,
1556 2621 1622 2664 non
1635 2601 1747 2665 hoode
1761 2602 1891 2681 Cyrillo,
1932 2573 1984 2628 Ψ

300 2694 445 2757 haeresim
457 2693 576 2757 editum
589 2697 636 2753 est
658 2690 848 2770 symbolum,
863 2708 928 2753 non
942 2689 1074 2755 dubium
1122 2697 1226 2776 ejusve
1248 2697 1368 2776 muntia
1394 2695 1540 2758 omnibua
1566 2694 1742 2773 Eugenium
1764 2693 1892 2766 dixifle.

302 2792 350 2849 est
367 2787 406 2847 de
428 2783 589 2851 Athanasii
608 2782 748 2860 ecnnlio,
762 2782 938 2845 Alexandro
952 2781 1073 2861 potissi-
1122 2789 1176 2853 sod
1207 2788 1246 2853 de
1271 2788 1406 2868 epistolis
1437 2788 1589 2849 duntaxat
1625 2785 1782 2865 synodicis
1813 2785 1896 2849 iltius

300 2896 390 2942 mum
404 2881 541 2951 auctore,
551 2875 644 2937 fuisse
654 2879 849 2954 conseptum.
860 2873 969 2939 Merito
979 2873 1075 2952 igitur
1122 2886 1230 2945 eoutm
1248 2881 1444 2953 Nestorium,
1459 2898 1531 2959 quae
1543 2879 1584 2943 ah
1597 2877 1752 2958 Ephesino
1765 2877 1894 2941 concilio

301 2970 340 3031 ad
380 2967 650 3049 interpretandum
690 2967 854 3029 Nicoenum
893 2965 1073 3046 symbolum
1123 2972 1272 3052 proheta,
1289 2978 1321 3034 et
1343 2972 1378 3035 in
1400 2977 1468 3035 aeta
1492 2970 1597 3033 relatae
1622 2970 1656 3029 in
1679 2970 1796 3033 horum
1809 2975 1894 3048 parte

302 3059 454 3125 momenti
476 3059 648 3147 plurimum
674 3058 769 3119 hahet
793 3057 952 3123 Athanasii
967 3062 1073 3121 aucto-
1122 3070 1308 3139 censentur,
1334 3069 1365 3124 et
1383 3062 1539 3143 synodalis
1553 3062 1669 3123 decreti
1681 3062 1749 3123 vim
1759 3060 1893 3137 umere

302 3153 387 3231 fiiis,
399 3153 453 3231 (iul
464 3158 494 3212 θῑ
503 3168 639 3231 Itl'fflsstss8
648 3150 748 3226 affuit,
764 3155 795 3210 et
808 3150 934 3210 Patrtlm
947 3149 1074 3213 illorum
1123 3161 1158 3221 ut
1171 3156 1254 3220 idem
1263 3157 1313 3231 sit,
1328 3155 1473 3236 epistolas
1483 3158 1555 3219 istas
1572 3170 1754 3232 «congruas
1765 3152 1895 3217 exuare

302 3262 432 3308 arcanus
445 3243 633 3322 intimosque
653 3259 762 3305 sensus
775 3240 943 3309 certissime
956 3258 1075 3320 cogno·
1123 3247 1162 3311 ed
1171 3247 1395 3311 eonvineendee
1406 3246 1539 3309 Nestorii
1544 3247 1695 3319 emunitas,
1707 3251 1739 3307 at
1750 3245 1791 3305 sd
1804 3247 1896 3309 inter·

302 3337 367 3413 vit;
383 3341 419 3399 ut
433 3353 507 3397 cum
520 3334 559 3397 de
572 3334 655 3395 illius
669 3332 802 3417 symboli
826 3333 928 3395 verbis
942 3333 1072 3412 questio
1123 3339 1328 3419 pretationem
1350 3356 1480 3407 eorum,
1509 3339 1565 3418 qui
1590 3336 1734 3403 emulans
1762 3337 1896 3416 symboli

302 3427 563 3509 aliquanascitur,
576 3425 676 3489 aihaec
689 3424 728 3485 ab
739 3424 908 3491 Athanasio
922 3425 1074 3506 explicata
1124 3438 1261 3497 mentem
1269 3432 1322 3511 pio
1336 3431 1401 3495 zelo
1416 3449 1508 3492 nosse
1521 3430 1707 3505 desiderant,
1724 3450 1740 3487 s
1757 3430 1842 3508 quod
1851 3431 1895 3492 ait

302 3518 428 3593 ineunt,
451 3537 491 3581 ex
509 3519 575 3597 eius
598 3516 852 3598 interpretatione
867 3516 1022 3599 judicium
1035 3518 1073 3580 de
1123 3524 1301 3604 Eugeninsp
1328 3542 1364 3589 ao
1377 3524 1402 3584 si
1414 3522 1530 3584 diceret
1542 3521 1741 3600 synodalium
1756 3526 1895 3585 somnam

302 3609 356 3673 illa
378 3609 444 3673 liert
467 3608 588 3671 debeat.
611 3608 699 3688 Quod
719 3609 752 3671 in
767 3627 832 3670 uno
846 3609 989 3689 exemplo
1002 3627 1073 3689 par·
1123 3625 1245 3699 partam
1259 3634 1355 3679 unam
1370 3615 1410 3677 ad
1427 3615 1521 3679 sliam
1534 3613 1803 3693 interpretandam
1820 3632 1893 3678 con·

303 3700 448 3782 titionum
460 3699 582 3763 fatiam·
1124 3711 1248 3786 ducere,
1259 3707 1319 3770 hoc
1330 3713 1375 3769 ost
1388 3707 1545 3787 synodum
1557 3705 1704 3787 scripum
1721 3723 1789 3771 essa
1800 3705 1894 3769 inter·

173 3839 235 3882 m,
344 3794 501 3874 Scriptum
525 3797 570 3853 est
596 3790 631 3851 in
657 3789 784 3857 Nicmno
799 3789 960 3871 symbolo:
981 3814 997 3855 a
1015 3790 1074 3859 an
1125 3805 1254 3881 pretam.

302 3890 419 3960 autern,
429 3884 483 3965 qui
492 3884 610 3956 dicunt,
623 3888 688 3944 erat
702 3883 827 3962 quando
839 3901 905 3945 non
918 3890 996 3962 erat,
1013 3890 1072 3949 etc.
1164 3892 1243 3954 Heia
1253 3910 1318 3953 nen
1331 3890 1478 3955 dissimile
1490 3896 1536 3953 eet
1555 3891 1595 3952 de
1607 3888 1792 3964 macellaria
1811 3889 1893 3969 judi-

303 3983 357 4039 aut
371 3993 407 4038 ex
420 3975 517 4041 altera
530 3973 712 4046 subeuntia,
727 3974 777 4036 vel
790 3976 925 4039 essentia
938 3976 1075 4041 dicentes
1125 3984 1221 4058 oium,
1235 4001 1329 4063 quem
1341 3983 1433 4062 regis.
1446 3983 1477 4044 id
1491 3988 1537 4044 est
1546 3982 1639 4044 edicti
1648 3983 1737 4060 regii,
1745 3999 1782 4043 ac
1790 3982 1896 4045 volun·

304 4087 380 4143 csse,
396 4068 454 4130 hos
467 4066 706 4131 anathematizat
720 4066 870 4129 catholica
891 4073 921 4128 et
944 4068 1074 4148 Aposto·
1124 4078 1196 4138 tetis
1229 4078 1432 4156 interpretem
1466 4093 1548 4152 eece,
1582 4073 1707 4136 mmetsi
1740 4073 1833 4153 lenge
1857 4075 1895 4135 eit

303 4161 361 4222 lica
371 4160 517 4223 Ecclesia.
538 4160 677 4219 »Graece
690 4163 746 4232 est,
772 4165 796 4229 ἐξ
810 4166 893 4239 ἐτέρας
906 4168 1074 4237 ὑποστάσεως,
1124 4168 1263 4244 inferior,
1287 4168 1392 4247 objicit
1414 4167 1553 4248 epistola.
1570 4168 1640 4228 Non
1655 4165 1742 4227 enim
1760 4185 1827 4241 sua,
1843 4166 1896 4227 sed

302 4250 608 4333 dolataeQuaesitum
635 4253 692 4326 est,
721 4249 796 4329 quid
822 4250 867 4311 ibi
889 4251 1076 4330 significaret
1125 4261 1206 4339 regis
1227 4261 1407 4323 auctoritate
1428 4260 1468 4320 ad
1481 4259 1751 4339 interpretandum
1775 4259 1892 4319 utitur:

303 4363 364 4406 vox
388 4351 557 4419 insertasse,
582 4347 766 4403 utrumnam
787 4359 952 4421 pesonam,
981 4363 1076 4424 quam
1125 4371 1183 4414 nec
1208 4357 1274 4413 tarn
1297 4353 1364 4431 ipso
1385 4351 1547 4431 principis,
1563 4368 1660 4430 qnam
1673 4349 1895 4430 princepsipsc

304 4432 484 4519 hypostasim
499 4432 622 4515 proprie
636 4438 787 4494 vocarunt
800 4439 918 4513 postea,
933 4453 1078 4499 anemae-
1126 4451 1265 4508 mentem
1291 4462 1380 4506 suem
1407 4463 1463 4525 per
1485 4443 1576 4509 inum
1602 4443 1836 4522 interemerat,
1860 4460 1895 4502 ee

146 4572 274 4623 mmm
305 4527 398 4605 tium3
415 4529 450 4585 ut
463 4523 621 4587 ambeista
632 4523 783 4585 vocabula
795 4531 939 4599 ὑπόστασις,
951 4532 1074 4605 etotals,
1125 4536 1286 4617 signifieat.

131 4626 282 4670 renuerem
305 4636 361 4699 pro
376 4617 485 4681 cadem
502 4633 548 4691 rc,
568 4620 599 4676 et
613 4620 814 4696 ἑσσσρσιλιλσι
826 4617 926 4696 posita
948 4617 1074 4683 fuerint.

146 4702 268 4755 semema
307 4708 436 4771 Basilius
450 4709 484 4767 in
498 4706 625 4785 epistola
652 4723 762 4769 cxxvru
787 4708 899 4771 acriter
920 4711 1079 4772 contendit

142 4757 271 4852 Ἰωῖιιῖἕσωι
305 4801 458 4864 diversam
472 4800 634 4879 utriusque
648 4817 713 4860 esse
724 4800 896 4877 notionem,
906 4812 935 4861 et
945 4810 1077 4866 ισιστσσιν

142 4871 270 4959 suffla.
305 4913 324 4955 a
337 4893 481 4955 Patribus
494 4890 594 4970 accipi
603 4909 659 4971 pro
667 4909 802 4972 persono.
814 4892 1000 4954 Reclamant
1012 4894 1075 4967 olii,

305 4991 337 5047 et
350 4986 435 5047 idem
455 4984 617 5062 utriusque
643 4982 852 5062 significatam
867 5002 931 5047 esse
945 4985 1077 5061 voluut;

305 5078 389 5160 quod
413 5076 482 5137 ideo
503 5074 634 5136 diversis
657 5074 779 5136 duabus
791 5076 917 5138 vocibus
932 5078 1080 5158 expressit

134 5222 272 5276 mmm
306 5170 455 5251 synodus,
466 5167 552 5246 quod
566 5166 708 5227 eamdem
722 5184 790 5227 rem
803 5167 857 5227 alii
870 5176 1017 5246 ισισσασιι,
1027 5169 1080 5230 alii

142 5277 272 5322 σισισιισσι.
306 5268 391 5326 otetur
412 5257 613 5343 appellarent.
639 5258 680 5319 Ut
701 5257 797 5337 igitur
819 5260 954 5340 symboli
974 5280 1081 5325 sensns
1173 5276 1175 5279 ’

333 5464 344 5506 t
360 5461 467 5505 athanas.
480 5470 515 5514 sp.
527 5457 556 5504 ad
565 5455 633 5509 Afric.
648 5456 740 5501 sitiret.
754 5469 768 5500 r
782 5458 822 5503 tlh.
831 5458 858 5503 dc
871 5460 925 5512 Suo.
938 5465 960 5502 at
974 5459 1026 5504 alibi
1038 5470 1103 5515 supe.
1144 5484 1149 5492 ·
