4004 6168
664 330 777 392 LIBER
797 329 913 392 ottus.
935 329 1020 391 GAP.
1043 329 1080 389 V.

88 498 246 561 arbitratur
271 497 425 579 exemplo.
455 497 543 572 Quod
570 496 774 559 nihilominus
807 497 847 559 ad

87 589 250 653 doctrinam
273 591 428 671 pertinere
455 589 637 670 perspicitis,
661 607 731 670 quae
756 588 848 650 nobis

87 681 470 762 Euangelicapraedicatur,
483 680 684 757 dividelicet,
697 686 848 760 tanquam
1156 700 1318 782 CAPUT
1351 700 1388 783 V

88 773 358 850 viademonstrsta,
373 790 469 853 quam
482 772 643 835 ambulare
658 773 846 848 debeamus;
1392 762 1401 782 '

84 865 144 944 jam
165 864 283 926 vhibus
308 864 399 926 liberi
420 865 558 942 arbitrii,
586 865 738 945 amatorio
760 864 848 925 nullo

89 956 204 1019 alterius
215 957 402 1037 indigentes,
411 957 710 1029 sufficiamusnobis‚
726 974 767 1018 ne
775 955 849 1018 defi·
898 981 943 1043 D,
954 989 1045 1050 mm,
1063 987 1090 1042 e,
1104 988 1254 1061 mmm,
1273 978 1381 1060 qratia,
1398 995 1517 1058 mm,
1533 974 1612 1056 ,pop
1624 982 1666 1036 e„

88 1050 195 1111 mm
211 1048 322 1152 iuli&
337 1049 479 1154 qualum
497 1055 532 1154 Pl,
546 1050 645 1130 ipsam
666 1049 761 1125 dam,
778 1067 849 1110 ⁰⁰¹¹·
937 1080 1050 1136 ceteram
1066 1073 1141 1135 cito.
1170 1071 1318 1148 &mnodo
1333 1070 1472 1151 Pelopiae
1495 1068 1533 1131 ub
1552 1076 1665 1131 {eterno

89 1140 194 1214 lenm
209 1145 304 1202 ‘mam
318 1141 384 1202 ⁸⁰¹⁸
400 1159 534 1203 meum
547 1159 636 1222 P⁰⁸⁸e
650 1145 772 1221 ”alumi
795 1141 849 1203 κά
937 1164 1029 1227 solute
1068 1164 1211 1227 caelorum
1251 1182 1376 1246 reguum
1409 1162 1601 1239 distinxerit,
1637 1168 1667 1222 et

88 1231 206 1300 bailius,
222 1232 249 1293 Si
262 1233 390 1311 adjuvet
401 1233 513 1314 Smila·
527 1254 543 1292 P
939 1264 1098 1338 utramque
1106 1256 1235 1339 qratiam
1244 1275 1301 1318 esse
1314 1255 1457 1317 docuerit.
1476 1253 1517 1315 De
1529 1253 1665 1315 electione

21 1322 86 1424 ,a
120 1323 849 1430 illl.Praetereadocetbugustinus,camPelagii
939 1347 979 1410 ad
990 1349 1119 1431 ptos-iam
1132 1368 1169 1411 ee
1190 1358 1282 1410 mente
1305 1346 1433 1428 Pelagii,
1447 1344 1584 1426 difficile
1596 1364 1664 1406 eao-

21 1444 41 1482 ι.
89 1416 171 1478 turne
181 1421 380 1491 sententiam,
396 1418 527 1495 gratiam
538 1419 579 1480 ad
587 1419 620 1480 rd
632 1420 848 1482 antummodo
937 1440 1028 1503 dag„
1045 1441 1179 1524 qum,
1198 1440 1357 1522 puppim
1379 1438 1417 1501 ab
1437 1439 1491 1500 iu„
1504 1438 1664 1500 emm„

20 1486 72 1583 ila
90 1508 228 1586 contens,
238 1514 275 1570 ut
284 1509 461 1572 naturalem
469 1510 604 1572 bominis
615 1510 848 1591 possibilitatem
939 1532 1079 1596 ami.
1108 1553 1199 1596 ww„
1228 1531 1268 1594 ,d
1291 1533 1418 1614 pacem
1469 1532 1596 1594 ,peram
1625 1530 1666 1593 ,g

20 1600 42 1635 ¹¹·
90 1600 214 1678 aduret,
227 1619 294 1662 non
308 1606 414 1664 autem
427 1602 623 1679 utvelit,aut
637 1608 719 1681 agat.
739 1604 848 1666 «Nam
937 1582 1075 1707 fimus
1428 1579 1436 1609 ’

90 1709 152 1755 eum
178 1693 237 1755 tria
269 1694 455 1766 constituat,
479 1700 570 1775 atque
592 1695 779 1775 distinguat,
805 1696 848 1757 ait
1569 1747 1571 1750 Α

90 1785 207 1865 August
219 1784 275 1847 lib.
288 1785 350 1847 Ide
358 1788 461 1867 pretio
474 1786 597 1863 Christi,
607 1806 673 1868 cap.
685 1788 849 1867 m,quibus
941 1787 963 1848 l.
986 1787 1090 1848 Vitam
1121 1792 1269 1849 eetemam
1295 1785 1426 1862 gratiam
1452 1785 1622 1866 quamdam
1649 1803 1668 1846 a
1757 1794 1761 1803 ⁴

89 1877 222 1939 mandata
236 1876 344 1939 divina
356 1879 430 1941 dicit
445 1880 586 1960 impleri,
602 1879 847 1960 possibilitatem,
900 1878 1021 1955 Pelagio
1033 1880 1199 1949 nominari,
1215 1897 1285 1960 quae
1297 1878 1415 1940 meritis
1425 1878 1669 1958 praecedentibus

89 1968 288 2047 voluntatem,
331 1982 363 2032 et
401 1971 574 2048 actionem
616 1971 850 2052 possibilitatem
898 1971 1055 2049 redditur,
1086 1972 1239 2053 superiori
1278 1970 1376 2051 capite
1416 1988 1455 2032 ea
1494 1969 1669 2049 Augustino

90 2059 201 2137 scilicet,
220 2079 286 2141 qua
299 2061 395 2124 homo
413 2068 513 2143 potest
530 2081 596 2125 esse
609 2062 722 2142 justus,
738 2064 851 2125 volun·
899 2062 1179 2126 demonstravimus
1189 2063 1211 2126 ¹.
1226 2064 1263 2125 ld
1277 2082 1339 2144 qua
1352 2063 1471 2125 ratione
1481 2063 1533 2123 ille
1545 2062 1668 2138 dixerit,

90 2156 189 2229 tatem
203 2171 266 2233 qua
284 2152 354 2215 vurlt
374 2172 439 2217 esse
458 2154 578 2234 justus,
594 2156 758 2229 actionem,
784 2175 848 2236 qua
900 2174 965 2217 non
978 2156 1077 2218 otiosa
1090 2162 1146 2231 est,
1159 2175 1218 2218 nec
1230 2155 1348 2217 inutilis
1361 2155 1501 2236 questio.
1519 2154 1578 2216 Ubi
1593 2154 1670 2216 illud

87 2242 178 2322 jusum
186 2246 377 2320 est3horum
387 2248 484 2308 trium
494 2248 643 2327 primum,
657 2248 690 2310 id
700 2254 747 2310 est
754 2249 850 2328 possi·
899 2248 1054 2329 imprimis
1062 2249 1437 2321 animadvertendumest,
1445 2265 1517 2309 oum
1526 2246 1671 2326 Pelagius

90 2335 702 2412 bilitatem,datamconfiteturacreatore
716 2347 847 2418 naturas,
899 2341 1121 2402 catholicorum
1143 2341 1406 2421 disputationibus
1431 2339 1615 2418 exagitatus,
1639 2347 1670 2400 et

89 2446 140 2490 nec
165 2447 229 2492 esse
256 2430 294 2493 in
318 2440 425 2493 nostm
448 2437 609 2513 potestate,
636 2435 780 2495 sedeam
793 2451 851 2495 nos
899 2432 934 2492 in
947 2434 1104 2509 angustias
1117 2433 1279 2509 redactus,
1295 2437 1395 2494 astute
1408 2432 1505 2491 dmm
1519 2435 1668 2492 aeternam

91 2517 205 2597 habere,
219 2523 342 2584 etiamsi
356 2524 509 2601 nolimus;
529 2525 591 2587 duo
618 2543 692 2586 vero
716 2525 847 2605 reliqua,
900 2525 1076 2586 acoelorum
1084 2543 1182 2604 regno
1193 2529 1372 2606 separasset,
1380 2543 1416 2585 ac
1425 2523 1492 2584 sinc
1500 2521 1667 2601 baptismo,

91 2609 120 2672 id
135 2614 394 2693 eetvoluntatem,
423 2625 454 2677 et
474 2617 644 2691 actionem,
666 2623 772 2680 nostra
785 2634 850 2680 csse
899 2616 1072 2697 Christique
1097 2618 1194 2697 gratia
1219 2635 1307 2697 posse
1334 2615 1487 2677 docuisset
1508 2612 1670 2675 hominem

92 2705 199 2780 assuit,
218 2712 314 2788 atque
336 2707 379 2768 ita
400 2708 489 2770 nobis
510 2710 630 2785 tribuit,
646 2717 682 2772 ut
693 2710 851 2772 nonnisia
899 2709 973 2770 solis
984 2715 1124 2772 utentem
1137 2709 1256 2771 arbitrii
1266 2708 1395 2779 viribus,
1410 2706 1534 2785 aolegis
1546 2705 1668 2784 notitia,

92 2795 244 2861 nobisesse
258 2801 439 2862 contendat.
453 2802 592 2882 Denique
604 2803 701 2881 gratia
716 2803 772 2864 Dei
784 2822 850 2864 non
899 2802 1007 2875 vitam,
1023 2821 1059 2863 ac
1070 2802 1292 2883 sempiternam
1305 2801 1424 2879 assequi
1438 2799 1587 2873 salutem;
1604 2816 1669 2859 non

92 2886 227 2967 buduo,
242 2910 316 2972 quta
327 2898 434 2955 nostra
446 2896 574 2956 omnino
587 2895 655 2955 vult
670 2913 746 2970 esse,
760 2896 849 2957 idest
900 2899 1005 2955 tamen
1026 2895 1147 2956 coeleste
1166 2912 1318 2974 regnum,
1335 2892 1419 2973 quod
1431 2891 1503 2952 solis
1515 2890 1668 2971 baptismo

91 2980 286 3058 voluntatem,
311 2990 343 3046 et
355 2986 521 3063 actionem,
537 2988 589 3048 sed
603 2986 701 3064 illam,
725 3006 795 3068 quae
814 2988 848 3050 in
899 2986 1028 3047 initiatis
1041 2986 1074 3046 in
1088 2987 1254 3066 Evangelio
1264 2984 1465 3066 promittitur,
1476 2984 1510 3044 in
1523 2982 1665 3057 illoloco,

91 3078 225 3148 potestate
239 3081 348 3138 nostra
360 3096 425 3139 non
439 3084 496 3152 est,
511 3085 542 3141 et
554 3080 645 3141 nobis
657 3099 697 3142 ex
717 3082 848 3159 Deoest,
898 3071 1669 3153 ubi'eetemamvitamdixitessegratiam,utrumais

89 3159 118 3223 id
146 3173 190 3227 est
220 3168 458 3250 possibilitatem
491 3172 633 3252 perhibet
661 3172 845 3252 adjuvari.»
898 3169 1085 3232 intellexisse
1111 3171 1225 3246 videri,
1245 3170 1505 3250 sedpotissimum
1519 3168 1669 3231 coelorum

92 3253 229 3336 Sequenti
256 3279 334 3322 vero
367 3264 485 3341 capite,
515 3264 634 3345 Pelagii
666 3266 760 3327 verba
784 3267 852 3346 ipsa
896 3279 1041 3341 regnum,
1062 3281 1126 3343 quo
1139 3268 1185 3324 est
1208 3263 1340 3343 simplici
1364 3261 1424 3323 hoc
1444 3262 1542 3322 salute
1568 3261 1668 3322 multo
1749 3339 1755 3352 .
1817 3338 1822 3349 Ι

90 3348 197 3425 profert
206 3370 245 3413 ex
258 3352 340 3415 libro
355 3354 402 3416 111
416 3353 451 3416 de
465 3354 559 3417 libero
573 3355 712 3435 arbitrio,
723 3358 778 3419 ubi
791 3360 852 3420 tria
898 3355 1105 3433 prestantius.
1129 3355 1251 3418 Etenim
1273 3354 1385 3416 merito
1412 3354 1559 3433 cujusque
1585 3352 1665 3427 fieri,

90 3435 137 3500 illa
148 3441 188 3503 sic
196 3445 355 3525 exprimit,
366 3447 488 3527 «primo
497 3447 566 3509 loco
576 3467 665 3529 posse
672 3451 847 3531 statuimus,
898 3445 1062 3508 haereticus
1079 3448 1136 3509 iste
1150 3448 1312 3524 sentiebat,
1341 3451 1377 3507 ut
1396 3446 1447 3508 vel
1466 3447 1563 3507 dmm
1582 3453 1670 3508 aeter-

91 3534 214 3597 mundo
231 3536 330 3610 velle,
354 3539 445 3599 tertio
467 3558 544 3602 esse.
567 3540 658 3603 Posse
671 3542 705 3603 in
726 3549 849 3621 natura,
900 3555 990 3614 nam,
1002 3539 1156 3601 ueletiam
1170 3540 1337 3615 coelorum,
1353 3537 1377 3601 si
1392 3538 1564 3619 baptizatus
1578 3544 1668 3616 esset,

90 3624 159 3688 velle
184 3627 218 3689 in
244 3628 385 3704 arbitrio,
412 3649 477 3693 esse
501 3631 536 3693 in
558 3633 671 3695 effectu
697 3635 849 3697 locamus.
899 3647 1033 3709 regnum
1053 3631 1283 3713 adipisceretur.
1302 3631 1390 3706 Quod
1413 3631 1468 3694 etsi
1488 3631 1539 3694 vel
1559 3631 1668 3692 auditu

92 3714 220 3782 Primum
233 3721 328 3798 illud;
344 3721 432 3784 idest
444 3742 543 3804 posse,
560 3725 600 3786 ad
613 3727 712 3787 Deum
721 3728 849 3808 proprie
900 3720 968 3802 ipso
988 3723 1117 3787 minime
1144 3725 1308 3788 ferendum
1335 3731 1398 3801 est,
1426 3730 1462 3786 ut
1483 3725 1523 3786 ab
1552 3730 1669 3786 aeterno

90 3810 222 3886 pertinet,
234 3814 291 3894 qui
301 3813 379 3876 illud
388 3824 537 3878 creaturae
551 3836 615 3879 suae
627 3819 774 3896 contulit;
788 3821 850 3882 dno
900 3831 998 3893 regno
1011 3816 1074 3878 vita
1088 3823 1204 3880 aeterna
1223 3822 1401 3898 separetur;
1425 3837 1441 3875 e
1456 3815 1569 3894 quibus
1584 3815 1668 3877 euim

90 3915 156 3963 vero
167 3905 300 3986 reliqua,
316 3904 375 3967 hoc
391 3912 437 3969 est
450 3908 540 3985 velle,
556 3917 586 3971 et
600 3927 676 3985 esse,
692 3911 732 3972 ad
745 3912 849 3974 homi·
900 3923 1034 3987 regntun
1047 3909 1205 3985 adimitur,
1217 3907 1458 3988 ntiquenecvita
1467 3907 1666 3987 permittitur,

90 4006 156 4053 nem
166 3995 329 4058 referenda
351 4004 436 4075 sant,
464 4001 537 4081 quia
563 4002 602 4064 de
624 4003 745 4064 arbitrii
766 4004 851 4066 fonte
900 4018 970 4080 quae
1002 4000 1083 4061 inest
1108 4018 1216 4080 regno,
1249 4008 1312 4064 rut
1327 4005 1409 4061 recte
1435 3999 1668 4061 Tertullianus⁸

90 4076 281 4147 descendunt.
299 4107 312 4143 r
327 4087 406 4149 Vide
420 4088 521 4169 capita
534 4091 798 4170 sequentiarum
816 4113 848 4171 v,
901 4091 1009 4154 scribit
1023 4112 1032 4168 3
1047 4092 1107 4154 hoc
1133 4098 1239 4155 tamen
1266 4092 1429 4169 Pelagius,
1452 4091 1668 4172 Pelagianique

91 4185 153 4276 itt,
164 4191 218 4240 xm.
233 4179 330 4240 Porro
342 4179 494 4260 quidquid
506 4182 612 4259 metite
625 4183 753 4247 nomine
770 4185 853 4247 Pela·
901 4184 1084 4248 docuerunt.

90 4268 166 4342 gram
192 4270 518 4351 comprehendebant,
549 4275 587 4336 ad
616 4275 679 4336 duc
706 4294 850 4341 revocare
941 4279 984 4338 Ac
1004 4279 1145 4341 catholici
1173 4280 1316 4360 quidem,
1346 4283 1506 4359 praeeunte
1532 4280 1668 4344 maxime

90 4353 198 4459 ipatigia
212 4362 291 4424 solet
303 4365 505 4441 Augustinus,
521 4371 677 4446 naturam,
693 4374 724 4430 et
736 4369 849 4451 legem,
899 4370 1089 4450 Augustino,
1111 4391 1199 4449 cum,
1214 4373 1298 4435 futili
1310 4373 1370 4434 hoe
1381 4373 1545 4453 repudiato
1559 4373 1668 4435 discri-

90 4450 343 4531 avedoetrinam3
359 4461 395 4517 ut
407 4457 441 4517 in
455 4459 564 4521 codem
577 4460 656 4521 libro
671 4461 686 4521 I
700 4460 736 4523 de
747 4464 850 4545 gretia
899 4465 1103 4543 mine,unum
1112 4466 1257 4546 idemque
1266 4485 1331 4527 esse
1340 4464 1669 4530 defenderentcoeleste

92 4533 208 4648 Christi,
230 4563 298 4650 cap.
318 4563 391 4652 vrit,
412 4566 454 4623 rx,
477 4567 547 4628 rma,
569 4569 657 4614 xxxi.
678 4554 757 4615 Nam
780 4555 850 4617 illu·
899 4577 1044 4639 regnum,
1059 4579 1095 4622 ac
1108 4561 1204 4622 vitam
1221 4568 1387 4637 aeternam,
1402 4561 1462 4623 hoc
1478 4562 1583 4641 ipsum
1602 4580 1668 4623 esse

90 4639 223 4737 mnatre,
236 4641 568 4718 etmterrorrevelatio,
582 4648 851 4724 quaeeaomnibus
898 4653 1046 4731 gratiam,
1067 4659 1221 4715 ettamen
1243 4654 1331 4716 reddi
1353 4654 1472 4715 meritis
1493 4653 1670 4716 asserebant

89 4730 188 4798 gratia
211 4729 451 4809 appellationem
465 4735 599 4798 maxima
614 4744 762 4810 meretur,
778 4743 851 4821 quia
899 4743 992 4822 longe
1014 4744 1169 4808 dissimili.
1194 4764 1230 4807 ac
1252 4747 1396 4825 Pelagius
1414 4746 1565 4808 instituto.
1589 4748 1666 4807 Nam

89 4814 271 4914 uoluntatem
286 4840 342 4902 per
355 4832 387 4885 se
401 4844 466 4887 non
480 4826 583 4897 afficit,
600 4830 652 4890 sed
666 4837 805 4893 mentem
819 4838 851 4894 et
900 4835 1092 4914 Augustinus
1111 4837 1208 4899 sitam
1232 4845 1381 4901 aeternam
1396 4839 1497 4900 aiebat
1517 4855 1581 4900 esse
1593 4857 1666 4918 gra-

89 4907 333 5012 mtplligeutiam,
362 4915 408 4976 illi
430 4936 505 4980 vero
527 4926 647 4981 tantum
661 4923 850 4987 extrinsecus
900 4927 987 5000 tiam,
1005 4947 1068 4990 uon
1093 4930 1168 5009 quie
1189 4949 1246 5011 per
1265 4949 1299 4993 se
1310 4931 1408 5011 gratis
1421 4931 1557 5006 daretur,
1576 4931 1668 4993 datur

91 4995 236 5081 Obtlcttur,
251 5006 390 5112 docentis
402 5015 515 5089 partos,
532 5030 596 5074 non
610 5012 807 5094 impellentis,
821 5022 852 5077 et
900 5020 986 5079 enim
1000 5027 1127 5101 propter
1140 5022 1263 5098 merita;
1292 5023 1346 5084 sed
1372 5023 1445 5102 quia
1466 5022 1521 5097 id,
1541 5028 1669 5103 propter

91 5102 275 5170 0⁰⁰P0fflssl¹⁸
287 5104 429 5162 tusifflei·
900 5111 984 5190 quod
996 5111 1050 5174 illa
1063 5112 1165 5188 dattrr,
1188 5114 1284 5194 gratis
1301 5114 1494 5191 conceditur,
1510 5133 1580 5195 quae
1594 5121 1667 5177 sunt

899 5203 1013 5265 merita
1029 5205 1155 5283 gratia,
1171 5204 1204 5267 id
1217 5212 1264 5267 est
1276 5207 1310 5266 in
1324 5205 1412 5267 nobis
1425 5206 1505 5269 iacta
1520 5226 1576 5288 per
1594 5227 1666 5287 gra-

900 5295 987 5369 tiam,
1012 5302 1048 5357 ut
1067 5296 1143 5358 alibi
1157 5316 1196 5360 ex
1209 5316 1246 5360 ec
1260 5297 1570 5361 demonstravimus&
1587 5301 1668 5362 Cum

117 5473 125 5518 t
141 5472 186 5523 tta.
199 5480 226 5526 te
237 5483 325 5530 scatet
335 5485 374 5531 aa.
384 5486 432 5532 art.
442 5497 462 5534 o.
475 5490 553 5535 tra-t
566 5490 625 5537 lert.
637 5491 678 5537 tib.
689 5492 716 5538 de
728 5492 805 5539 reete
813 5506 833 5538 c.
847 5495 920 5539 x.-⁸
933 5494 995 5541 ram.
1009 5494 1038 5549 tt,
1051 5495 1092 5543 tib.
1106 5497 1143 5553 tt,
1155 5511 1175 5543 c.
1184 5509 1200 5543 ι.
