4096 6166
709 330 826 393 LIBER
846 330 963 408 UNUS,
987 333 1073 394 ΟΑΡ.
1097 334 1162 394 ΧΧ.
1667 332 1725 392 eat

141 515 215 559 cum
230 495 391 557 Dominico
399 496 527 564 Soto,ao
536 495 687 556 nonnulla
695 495 805 557 iisdem
817 497 911 559 etiam
959 515 1044 559 nem.
1066 500 1136 559 Non
1158 504 1262 560 tamen
1278 504 1458 581 propterea;
1479 498 1540 560 uisi
1559 501 1673 575 peccet,
1697 500 1728 557 et
1762 515 1833 561 uros
1847 528 1887 561 u-

141 589 245 651 verbis
269 589 308 649 de
333 588 461 648 arbitrio
488 587 586 648 libero
599 588 743 666 prodidit,
766 589 912 669 equibus
960 590 1100 667 deliciet,
1135 592 1251 670 poterit
1283 592 1482 671 quantumvis
1515 590 1595 651 liber
1628 587 1726 663 velle,
1752 568 1899 668 nquoqqqqm

142 700 243 760 pauca
263 680 445 741 describam.
469 679 623 760 Imprimis
641 679 718 740 illud
732 681 850 756 itidem,
877 689 912 743 ut
962 687 1080 761 optare,
1097 683 1221 762 eligere,
1242 704 1278 745 ac
1301 685 1435 764 operari,
1459 689 1572 765 praeter
1590 681 1655 740 vim
1668 680 1729 758 pri·
1754 687 1807 719 '⁰¹¹⁰
1824 677 1898 720 Μῦ-

142 773 321 835 Dominicus
334 774 408 834 Soto
427 773 588 842 delinit‚ut
605 792 621 829 u
634 773 673 832 sit
686 771 824 846 facultas,
837 791 909 853 qua,
961 791 1021 834 mee
1036 793 1146 844 causae,
1164 794 1259 855 aqua
1273 795 1382 837 omues
1396 777 1475 850 aliae,
1489 772 1728 855 prosuacujus·
1790 736 1860 774 Μ’

142 865 249 946 positis
270 864 417 925 omnibus
436 865 590 944 requisitis
612 864 651 925 ad
675 865 865 943 eligendum,
881 876 912 927 et
960 873 1152 945 quenatura,
1168 875 1344 945 moventur,
1360 875 1391 929 et
1404 873 1651 949 temperantur.»
1663 866 1729 924 Duo

141 959 310 1037 agendam,
335 975 500 1037 possumus
523 976 587 1017 non
607 957 732 1035 eligere,
753 963 784 1018 et
801 977 909 1037 agere;
959 957 1009 1018 hic
1023 960 1057 1018 in
1069 958 1167 1020 libero
1182 960 1308 1022 arbitrio
1332 962 1522 1022 contarenus
1536 958 1729 1019 animadver-

140 1050 185 1111 ite
219 1049 369 1124 uidelicet,
406 1050 500 1128 quod,
537 1049 682 1110 omnibus
708 1050 848 1111 similiter
880 1070 912 1114 se
960 1051 998 1109 tit
1015 1070 1021 1110 :
1037 1051 1170 1112 alterum
1185 1057 1240 1123 est,
1254 1058 1387 1133 potestas
1404 1053 1536 1128 eligendi
1553 1050 1731 1111 alterutrius

141 1142 339 1215 habentibus,
362 1141 487 1221 qnando
507 1142 660 1221 eligimus,
681 1143 833 1220 possimus
847 1162 911 1204 non
961 1142 1047 1202 nulla
1060 1145 1249 1221 necessitate,
1269 1146 1581 1207 ac'detcrminatioue
1594 1142 1729 1204 circum-

140 1234 267 1313 eligere,
282 1234 346 1293 imo
365 1234 546 1313 plerumque
567 1233 712 1307 restitere,
735 1239 766 1294 et
786 1236 911 1313 quando
961 1235 1092 1313 scripta:
1123 1236 1258 1298 alterum
1290 1256 1454 1305 concursus.
1487 1254 1582 1318 quem
1606 1243 1729 1311 vocant,

110 1367 112 1371 -
141 1344 208 1386 non
228 1325 380 1406 eligimus,
402 1330 456 1386 aut
476 1325 658 1402 refutamus,
679 1326 793 1404 eligere
816 1327 912 1405 possi·
961 1344 1061 1385 cansae
1085 1327 1290 1404 primnesiae
1313 1348 1375 1409 quo
1397 1329 1475 1389 nihil
1497 1346 1598 1407 agere,
1614 1327 1731 1387 nedum

141 1435 225 1491 mus,
251 1424 282 1478 et
304 1417 450 1479 refutare.
466 1439 481 1475 u
508 1419 547 1477 Et
568 1418 698 1478 subinde
714 1438 721 1479 :
751 1421 913 1498 «Propter
962 1417 1075 1489 eligere
1089 1424 1198 1496 potest.
1213 1421 1318 1499 Neque
1333 1427 1437 1482 tamen
1451 1419 1599 1481 libertatis
1612 1419 1731 1493 vim,ac

141 1510 226 1590 quod
250 1511 332 1571 Deus
353 1509 489 1569 liberum
504 1508 670 1570 arbitrium
683 1509 726 1570 sic
747 1515 861 1584 moret,
878 1517 914 1572 ut
962 1515 1143 1587 potestatem
1168 1512 1292 1590 minuit,
1318 1514 1466 1592 quoniam
1481 1512 1616 1572 liberum
1628 1511 1731 1589 ipsum

141 1620 207 1664 nou
234 1620 272 1663 ex
289 1602 471 1663 necessitate
494 1607 668 1676 moveatur,
688 1620 745 1663 uec
759 1603 799 1663 ad
813 1621 913 1664 unum
961 1601 1128 1663 voluntatis
1142 1609 1255 1664 nutum
1269 1606 1443 1680 comitatur,
1461 1604 1589 1684 parique
1606 1620 1678 1663 cum
1693 1619 1730 1662 eo

140 1694 244 1774 ipsum
260 1694 454 1766 determinet,
471 1693 525 1753 sed
544 1699 702 1755 remaneat
727 1701 830 1754 motus
847 1694 914 1773 ejus
962 1700 1121 1755 momento
1132 1697 1340 1775 progreditur,
1356 1704 1386 1759 et
1400 1698 1433 1757 in
1447 1696 1566 1776 gratier,
1581 1693 1731 1756 acsalntis

142 1786 335 1864 confingens,
351 1804 416 1845 non
430 1790 535 1846 autem
551 1787 605 1845 liat
618 1788 912 1848 necessariusuPos-
962 1788 1085 1865 negotio
1100 1788 1319 1850 concomitante
1331 1790 1484 1867 theologis
1497 1787 1596 1867 pretio
1607 1786 1729 1847 dicitur.

142 1883 192 1939 tea
207 1878 273 1938 Soti
286 1877 382 1938 verba
395 1876 471 1955 ipsa,
488 1882 613 1938 auctore
628 1878 733 1954 tacito,
746 1896 912 1956 usurpans,
963 1878 1051 1939 Hanc
1078 1898 1152 1940 vcro
1175 1883 1357 1961 mecanicae
1380 1881 1535 1942 antecedit
1560 1879 1633 1955 alia,
1662 1896 1732 1957 quaa

145 1970 451 2047 onmessitariposse
464 1969 742 2031 voluntatemaita
756 1973 832 2046 Deo,
848 1990 913 2032 non
963 1988 1148 2033 consensum
1185 1973 1354 2035 voluntatis
1394 1974 1530 2035 liberum
1563 1991 1628 2032 nna
1659 1988 1732 2031 cum

142 2062 226 2139 cogi3
241 2061 295 2122 sed
308 2064 385 2121 tunc
396 2060 530 2122 auferret
541 2061 586 2121 illi
600 2061 785 2139 libertatem,
796 2062 910 2141 inquit,
962 2064 1122 2127 voluntate
1151 2065 1226 2126 citra
1245 2066 1457 2127 necessitatem
1482 2065 1584 2126 eflicit.
1600 2064 1645 2124 ue
1670 2056 1733 2140 qna

141 2155 176 2214 in
189 2153 240 2214 tali
260 2154 390 2228 actione,
404 2158 457 2213 »et
472 2158 594 2231 caetere,
605 2172 674 2233 quae
687 2157 785 2234 capite
797 2174 914 2234 x1r,ex
963 2156 1101 2217 motione
1111 2175 1185 2218 mox
1198 2159 1282 2219 idem
1302 2160 1496 2220 contarenus
1508 2158 1553 2216 ita
1566 2155 1705 2234 loquitur
1722 2174 1730 2215 ε

144 2245 219 2306 Soto
233 2244 463 2323 descripsimus.
967 2268 978 2305 a
994 2248 1119 2321 Quodsi
1133 2250 1324 2330 accipiantur
1336 2251 1419 2311 bona
1433 2268 1527 2329 opera
1540 2254 1655 2322 nostra,
1666 2246 1733 2325 qui-

960 2338 1020 2399 bus
1034 2340 1161 2402 felicitas
1180 2360 1325 2421 suprema
1344 2342 1499 2412 debetur,
1533 2338 1731 2400 manifestum

961 2436 1016 2505 est,
1033 2432 1114 2510 quod
1130 2438 1243 2511 prater
1265 2433 1471 2494 universalem
1482 2432 1569 2491 illam
1580 2430 1654 2498 vim,
1668 2448 1732 2509 qna

367 2538 396 2618 C
405 2539 476 2619 Ap
487 2538 562 2620 UT
592 2539 685 2621 XX·
961 2523 1154 2598 naturaliter,
1171 2526 1341 2586 secundum
1356 2530 1462 2585 tamen
1481 2528 1602 2584 naturae
1616 2527 1731 2581 nostrae

962 2620 1098 2693 mptum,
1114 2624 1310 2677 moremura
1327 2635 1419 2676 causa
1436 2614 1547 2696 prima,
1563 2612 1732 2692 requiritur

948 2706 1103 2783 privatus
1114 2707 1252 2786 quidam,
1269 2707 1511 2787 etparticularis,
1528 2704 1731 2783 propriusque

962 2804 1078 2875 motus,
1093 2800 1203 2877 quoin
1216 2801 1315 2861 [teum
1332 2818 1387 2879 per
1400 2798 1494 2859 fidem
1503 2801 1729 2866 convertamur,

145 2894 188 2956 De
213 2893 343 2975 Geapore
365 2894 538 2969 contareno,
558 2903 585 2956 et
605 2894 719 2955 Joonne
734 2913 753 2955 o
766 2893 912 2971 Bononia,
962 2898 993 2952 ct
1008 2890 1146 2952 conversi
1162 2893 1361 2971 pergratiam
1374 2891 1590 2969 justificemur,
1605 2888 1732 2968 adopte-

183 2987 238 3068 pui
245 2985 373 3047 eamdem
386 2986 556 3049 doctrinam
570 2994 669 3048 contra
683 3005 767 3047 amoos
779 2985 913 3066 Dopmo·
961 3000 1095 3062 murque
1109 2983 1140 3043 iu
1152 2983 1231 3044 lilios
1247 2985 1319 3044 liei:
1337 3001 1438 3062 neque
1450 2988 1554 3042 umen
1569 2980 1628 3040 hoc
1653 2979 1732 3040 tollit

184 3079 265 3139 tritor
279 3081 413 3139 tuentur.
962 3074 1137 3136 libertatem
1162 3075 1296 3151 arbitrii,
1324 3075 1388 3135 imo
1416 3074 1514 3151 magis
1537 3071 1650 3132 liberos
1674 3089 1732 3132 nos

962 3164 1731 3247 facit,nulliquedeesthicmotusaDeo,dummodo
1782 3194 1881 3240 mmm,

184 3263 238 3323 His
254 3280 460 3324 annumerare
480 3263 552 3325 piget
574 3262 744 3342 Gaspgrem
765 3262 913 3324 (pomam.
962 3257 1032 3335 quis
1046 3256 1244 3325 uonofficiat,
1270 3274 1306 3317 ac
1325 3274 1381 3336 per
1399 3255 1550 3315 delectum
1561 3252 1656 3315 malie
1676 3270 1731 3312 vo·
1776 3249 1880 3345 ⁰¹33&

143 3372 223 3415 num
240 3354 391 3434 [equalem
416 3355 560 3431 istorum,
583 3373 662 3434 quos
682 3355 853 3432 percensui,
878 3373 915 3416 ac
962 3346 1090 3409 luntatis
1102 3348 1220 3426 rejiciat
1231 3349 1372 3409 divinum
1385 3348 1470 3407 huuc
1488 3345 1638 3406 afflatum.
1653 3344 1732 3404 Nam
1790 3355 1874 3400 anan

143 3448 293 3508 Romanas
310 3446 451 3507 Ecclesia
466 3447 666 3521 cardinalem,
683 3447 737 3526 qui
754 3447 789 3507 in
808 3465 913 3525 oppu-
963 3459 1034 3520 quae
1047 3458 1101 3519 per
1115 3439 1191 3500 alios
1204 3458 1379 3520 possumus,
1395 3438 1566 3499 dummodo
1587 3436 1731 3513 velimus,

143 3539 269 3619 guando
286 3540 420 3600 Luthero
440 3544 601 3601 strenuam
621 3539 763 3600 Ecclesiae
776 3540 911 3615 navavit,
963 3549 1018 3593 seu
1036 3532 1206 3593 dummodo
1230 3550 1295 3592 non
1313 3531 1489 3611 rejiciamus
1506 3530 1625 3590 honum
1646 3528 1733 3588 obla·

143 3650 180 3692 ac
192 3630 379 3691 laudabilem
393 3649 530 3707 operam.
559 3633 604 3693 Ac
621 3631 659 3692 de
673 3630 771 3692 libero
785 3631 914 3692 arbitrio
963 3627 1044 3699 tum,
1059 3624 1158 3684 nostri
1170 3641 1235 3685 esse
1254 3622 1373 3684 arbitrii
1396 3623 1548 3696 dicimus;
1567 3621 1733 3699 nullusque

143 3727 251 3784 contra
273 3723 363 3783 illum
392 3723 565 3801 disputans,
592 3722 632 3782 ad
656 3723 723 3801 ejus
750 3722 915 3783 articulum
963 3722 1127 3797 propterea
1140 3734 1158 3776 a
1171 3717 1234 3777 Deo
1247 3715 1442 3794 reprobatur,
1463 3715 1489 3775 si
1511 3716 1576 3793 ipse
1595 3712 1654 3772 sibi
1668 3730 1733 3772 non

143 3906 243 3967 rentia
257 3906 297 3966 ad
311 3906 493 3966 utrumlibet
514 3906 704 3984 eligendum.
723 3906 913 3983 «Liberum,
964 3901 1109 3962 omnibus
1122 3900 1265 3976 gratiam,
1279 3899 1330 3958 cui
1350 3896 1609 3958 tamcnvoluntas
1627 3900 1733 3955 nostra

145 3998 257 4077 inquit.
274 3997 438 4058 arbitrium
453 3997 534 4058 nihil
547 3997 632 4059 aliod
648 4004 704 4070 est,
727 3999 787 4059 nisi
804 3999 842 4059 de
856 3997 915 4059 eli·
963 3997 1063 4072 potest
1081 3991 1237 4066 resistarc;
1259 3990 1343 4070 quod
1354 3996 1385 4051 et
1398 3990 1432 4050 in
1446 3987 1577 4066 epistola
1594 3987 1633 4048 de
1653 3986 1734 4047 Prae-

145 4089 254 4168 gaudis
264 4089 418 4168 judicium
430 4089 575 4164 liberum,
592 4109 627 4150 ac
640 4090 723 4169 optio
733 4089 915 4168 libera,quaa
964 4083 1169 4144 destinatione
1178 4083 1278 4143 docet.

145 4199 210 4242 non
233 4200 272 4242 ex
288 4181 488 4260 impressione
511 4181 619 4242 formae
634 4187 791 4258 conceptae
809 4198 914 4260 proce·
1004 4178 1074 4238 Non
1090 4180 1136 4237 est
1149 4176 1208 4236 hoc
1221 4175 1288 4236 loco
1311 4174 1543 4253 praetereundus
1565 4173 1733 4232 ioannesa
1784 4217 1877 4262 ,m

145 4274 203 4349 dit,
222 4274 275 4335 scd
302 4292 341 4334 ex
363 4274 599 4349 consultatione,
621 4279 652 4335 et
668 4273 785 4352 judicio
804 4275 915 4335 mentis
964 4268 1351 4330 Bononiaarchidiaconus
1372 4264 1623 4338 Panormitauus,
1644 4263 1732 4324 theo·
1769 4270 1893 4314 cuononis

145 4372 272 4442 nostrae,
299 4384 369 4444 quee
388 4365 569 4427 excellentia
588 4365 658 4427 ideo
682 4366 781 4426 menti
801 4371 915 4427 nostrae
964 4360 1054 4439 logice
1067 4360 1149 4440 apud
1168 4360 1375 4421 Lovanienses
1388 4358 1553 4436 professor,
1578 4356 1633 4435 qni
1650 4374 1733 4417 anno
1769 4335 1891 4432 oiiiff'io

145 4457 324 4533 tributaest,
334 4458 406 4537 quia
415 4476 504 4518 mens
516 4475 582 4518 non
591 4462 637 4519 cst
650 4463 788 4518 anatura
796 4458 915 4518 addicta
966 4452 1078 4513 Christi
1093 4454 1172 4513 lael
1193 4452 1310 4513 librum
1326 4450 1421 4512 edidit
1443 4448 1587 4510 delibero
1610 4447 1734 4509 dominis
1789 4430 1876 4527 iiiiii,

146 4550 281 4626 cuipiam
293 4549 472 4629 particulari
491 4540 589 4626 hono,
602 4568 637 4610 ac
652 4550 727 4610 certi
741 4549 917 4627 cujuspiam
965 4544 1113 4620 arbitrio,
1141 4550 1211 4623 post
1239 4544 1433 4619 inchoatam,
1468 4542 1602 4603 necdum
1630 4546 1733 4601 tamen
1758 4536 1902 4634 lgm&

147 4642 281 4719 generis,
307 4640 569 4720 quemadmodum
598 4641 726 4701 addicta
742 4646 815 4701 sunt
836 4642 917 4702 vires
965 4637 1138 4699 absolutum
1157 4636 1369 4696 Tridentiuam
1382 4635 1547 4714 synodum,
1567 4633 1655 4712 cujus
1667 4634 1733 4712 ipse

147 4733 318 4807 sensitivae3
344 4732 397 4792 sed
417 4731 583 4792 universali
602 4731 688 4792 bono
711 4732 832 4792 addicta
845 4731 914 4794 tuit.
965 4728 1118 4805 meminit,
1134 4727 1179 4788 uti
1195 4726 1391 4788 mordicum.
1413 4726 1468 4787 Hic
1489 4725 1578 4787 initio
1595 4725 1732 4803 disputa-

147 4826 219 4887 ideo
231 4823 402 4885 secuudum
416 4824 653 4901 impressionem
665 4823 773 4884 forme
786 4825 918 4903 particu-
966 4822 1057 4882 tionis
1082 4838 1145 4880 suae
1170 4819 1306 4880 liberum
1334 4818 1377 4879 ita
1403 4818 1512 4879 definit
1544 4816 1731 4877 arbitrium:

148 4917 220 4978 luris
229 4916 360 4995 alicujus
373 4916 447 4977 boni
455 4934 520 4975 nou
533 4916 739 4990 convincitur,
750 4920 788 4975 nt
798 4915 917 4977 inillud
969 4913 1151 4974 «Liberum
1172 4904 1352 4986 arbitrium,
1378 4910 1491 4989 inquit,
1522 4914 1567 4968 est
1593 4907 1731 4977 facultas,

147 5009 276 5086 feratur,
305 5008 358 5069 sed
385 5007 524 5069 conferre
552 5025 622 5067 cum
648 5007 708 5068 alio
732 5007 815 5067 bono
841 5007 917 5068 illud
966 5023 1038 5084 qua,
1066 5004 1172 5083 positis
1204 5002 1351 5064 omnibus
1369 5000 1524 5078 requisitis
1549 5000 1588 5060 ad
1615 5000 1733 5079 eligen-

148 5106 259 5182 potest,
275 5106 307 5163 et
320 5103 473 5179 quatenus
487 5099 607 5159 bonum
621 5104 676 5171 est,
700 5099 824 5178 eligere,
840 5118 917 5179 qua·
966 5097 1040 5157 dum
1065 5103 1096 5157 at
1120 5096 1276 5174 agendum
1313 5111 1477 5173 possumus
1509 5111 1574 5152 nou
1608 5093 1732 5171 eligere,

148 5200 240 5256 tenus
273 5193 367 5254 etiam
401 5191 585 5269 particulare
618 5191 755 5267 bonum,
789 5192 822 5251 in
855 5209 917 5270 quo
967 5195 997 5251 et
1017 5208 1080 5249 uon
1101 5206 1204 5267 agere,
1227 5188 1270 5247 ita
1290 5186 1442 5261 videlicet,
1466 5185 1560 5264 quod,
1589 5185 1734 5245 omnibus

149 5303 273 5347 necesse
300 5289 357 5357 est,
393 5283 519 5344 alterius
552 5282 627 5344 boni
652 5301 717 5344 asse
751 5282 916 5361 delectum,
967 5282 1107 5342 similiter
1134 5299 1167 5341 se
1194 5278 1390 5351 habentibus,
1418 5277 1543 5357 quando
1578 5277 1731 5356 eligimus,

149 5379 287 5457 rejicere.
308 5376 457 5437 Liberum
481 5391 554 5452 ergo
577 5381 727 5436 enatura
747 5375 815 5455 ipsa
831 5393 920 5438 meus
967 5373 1121 5455 possimus
1140 5391 1206 5434 uon
1231 5371 1355 5449 eligere,
1381 5368 1446 5429 imo
1470 5369 1655 5449 plerumque
1688 5387 1736 5430 re-

151 5476 258 5531 nostro
280 5467 435 5546 judicium
456 5465 577 5529 habuit.
602 5466 794 5546 liberamque
819 5468 919 5548 optio-
968 5466 1110 5528 future.»
1137 5466 1222 5526 Hanc
1255 5462 1509 5539 indifferentem,
1539 5461 1729 5540 minimeque
