3948 6172
274 311 336 391 ⁶02
780 322 1105 394 sanamuraoauu
1128 331 1347 396 omnnem

277 493 427 574 aireliet,
443 498 595 561 anteferre
615 500 729 580 posset.
765 501 914 583 Deinceps
940 506 1048 568 antem
1098 499 1226 562 coemtio
1251 498 1391 573 actionis,
1421 496 1612 560 moratium
1638 483 1866 581 codoniensi

278 587 410 659 achone.
432 591 641 672 electioneque
669 593 765 654 libere
791 591 881 671 iacta,
904 614 923 657 a
949 598 1048 679 seipso
1097 609 1162 654 non
1189 590 1269 652 actio
1294 590 1445 653 cancellos
1471 590 1622 653 libertatis
1655 588 1863 668 egreditur·

278 679 502 744 determinatus
514 691 633 762 manet3
648 686 848 767 indidemque
858 688 957 750 ortum
965 709 1050 771 qua-
1099 685 1193 745 Porro
1215 684 1363 763 theologi,
1386 701 1458 745 cum
1480 684 1515 744 in
1529 678 1868 764 imperatisactionibna

279 772 351 834 dem
365 776 527 837 necessitas
539 794 741 857 consequens,
758 785 788 839 et
801 781 972 859 complere,
987 800 1050 863 qna
1098 782 1282 858 potestatem
1308 777 1393 838 illam
1418 776 1549 856 agendi,
1578 774 1629 836 vei
1656 792 1721 835 non
1758 771 1868 850 mendi

279 865 372 926 etiam
395 867 610 947 contingentes
634 888 695 948 res,
719 877 871 951 quatenus
890 879 973 951 sunt,
997 879 1051 935 ne-
1098 869 1258 951 perspicue
1285 869 1567 948 deprehendissent,
1604 889 1620 925 a
1653 865 1866 947 perrexerunt,

279 973 360 1017 cesse
371 963 417 1018 est
431 973 504 1021 esse.
522 959 569 1021 Ad
583 962 729 1024 eumdem
748 964 877 1026 modum
896 966 977 1026 Deus
989 966 1051 1047 pri-
1099 959 1210 1041 inquit,
1227 962 1266 1022 ed
1278 962 1382 1042 ipsum
1395 960 1498 1022 cubile
1505 960 1666 1035 libertatis,
1678 958 1868 1019 voluntatem

279 1065 367 1110 mum
387 1050 591 1131 indifferenter
604 1072 636 1115 se
648 1055 778 1132 habens,
791 1062 822 1117 et
837 1058 925 1137 quasi
934 1058 1050 1120 delibe-
1100 1053 1164 1115 sive
1176 1054 1375 1130 volitionem3
1386 1059 1417 1115 et
1427 1052 1472 1114 ibi
1485 1052 1618 1114 similem
1630 1050 1867 1113 indifferentiam

278 1158 351 1202 rans
364 1142 505 1205 humana
524 1145 708 1225 cogitatione
728 1148 916 1228 depingitur.
939 1152 1049 1227 Quam,
1099 1148 1222 1225 semper
1233 1151 1265 1207 et
1275 1146 1391 1225 ubique
1402 1145 1683 1206 necessariamesse
1692 1141 1869 1222 judicarunt

278 1251 318 1293 ne
343 1238 614 1315 contemnendam,
643 1258 679 1300 ac
698 1241 926 1321 repudiandam
953 1244 1053 1305 existi·
1099 1244 1241 1318 respectu
1275 1238 1498 1317 cujuscumque
1526 1242 1629 1298 motus
1654 1233 1759 1296 liberi.
1795 1235 1868 1294 Gora

279 1342 355 1394 mes,
372 1328 467 1389 ctiam
481 1348 574 1392 eacrae
588 1331 701 1394 litterae
714 1334 1054 1397 auctoritatesueconr·
1100 1332 1186 1392 enim
1212 1331 1272 1392 hoc
1296 1331 1410 1391 habeat
1434 1328 1572 1391 definitio
1600 1333 1687 1389 actus
1708 1326 1813 1403 liberi,
1836 1330 1869 1389 nt

279 1418 424 1497 probant,
438 1422 515 1482 dum
536 1430 744 1502 cunctantem,
770 1430 811 1494 et,
828 1427 903 1505 quid
921 1427 1000 1488 iacto
1014 1428 1052 1490 sit
1101 1440 1175 1485 eum
1188 1440 1328 1501 agamus,
1345 1428 1376 1483 et
1389 1441 1454 1483 non
1468 1439 1597 1500 egeam
1609 1421 1867 1501 quandocumque

280 1528 370 1589 opus,
398 1514 627 1577 consultantem
659 1535 739 1596 sepe
767 1519 867 1578 Deum
893 1519 1050 1581 exhibent.
1100 1512 1301 1587 voluerimus,
1321 1514 1365 1576 ita
1387 1519 1423 1575 ut
1441 1531 1513 1575 cum
1534 1512 1869 1574 indifferentiacontra·

280 1603 355 1663 Post
380 1622 455 1665 vero
483 1623 579 1685 ιιιιιιιιι
602 1626 619 1668 e
641 1608 784 1688 pluribus
804 1628 905 1671 unum
927 1610 1052 1691 aliquod
1101 1605 1869 1689 dictionisoperemur3inamindiiierentiacontra·

280 1695 439 1756 conentuit
456 1699 554 1779 sequi,
574 1699 674 1762 fixum
699 1707 805 1763 manet
827 1702 1007 1778 voluntatis,
1022 1707 1053 1763 et
1101 1699 1217 1762 rietatis
1232 1700 1348 1779 judicio
1369 1717 1493 1779 quoque
1516 1696 1868 1776 Scholasticorumparvi

280 1786 474 1851 immutabile
488 1791 659 1877 decretum.
680 1794 740 1855 Sed
755 1795 823 1855 hec
836 1795 1053 1874 pessimantes
1101 1792 1254 1853 momenti
1276 1797 1331 1866 est,
1355 1796 1386 1852 et
1409 1792 1443 1852 in
1456 1788 1727 1863 solisriatoribus,
1753 1792 1869 1868 propter

280 1896 337 1958 pro
369 1886 417 1959 co,
444 1900 480 1944 ac
505 1898 626 1946 necesse
650 1884 741 1961 fuir,
765 1886 932 1949 inculcasse
946 1886 1054 1948 menri·
1102 1883 1176 1945 aliae
1197 1902 1314 1961 causas,
1338 1902 1434 1964 quam
1454 1883 1615 1957 libertatis,
1639 1881 1749 1943 locum
1774 1879 1867 1961 habeti

281 1971 395 2034 nimus.
1102 1976 1347 2057 fierinonposse
1359 1980 1555 2044 censuerunt,
1572 1980 1609 2035 ut
1623 1975 1666 2048 id,
1681 1972 1771 2055 quod
1783 1971 1867 2033 iiber·

321 2064 408 2125 XIII.
421 2067 542 2128 Rursus
555 2068 639 2129 aliud
649 2071 779 2149 opponit
791 2070 850 2132 sibi
856 2070 1053 2149 dogmatistes
1103 2067 1159 2128 tati
1172 2068 1334 2129 essentiale
1348 2073 1404 2138 est.
1421 2068 1461 2128 ab
1474 2068 1539 2128 ullo
1553 2073 1623 2128 actu
1638 2067 1742 2127 labero
1756 2082 1866 2144 separe·

282 2156 411 2232 novus’,
428 2159 517 2237 eique
530 2166 636 2239 postea
650 2164 827 2240 respondet.
839 2164 923 2224 Nam
942 2168 1053 2225 cactus
1102 2164 1197 2221 tur.»
1226 2161 1346 2221 Verum
1372 2162 1406 2221 in
1434 2178 1471 2221 eo
1500 2158 1696 2220 scholasticos
1720 2158 1866 2218 abenasse

282 2248 554 2327 iiliusvoluntatis,
572 2253 627 2332 qui
640 2252 855 2315 solaiibertate
869 2255 1054 2316 acoactione
1103 2251 1186 2329 dicit,
1214 2253 1298 2332 qnod
1324 2251 1410 2313 idem
1437 2252 1471 2312 in
1504 2250 1622 2312 actibus
1653 2268 1737 2331 quos
1767 2248 1867 2309 elicitae

281 2338 361 2401 bber
367 2340 468 2419 fuerit,
478 2361 544 2404 non
550 2343 692 2406 videmur
699 2363 763 2407 esse
773 2346 903 2422 domini,
917 2365 974 2407 neci
980 2363 1054 2407 eum
1102 2348 1224 2419 vocant,
1241 2343 1441 2423 quaesierunt,
1463 2343 1548 2423 quod
1564 2343 1598 2403 in
1615 2343 1780 2422 imperatis
1791 2342 1866 2402 inre·

281 2432 397 2494 hahere
410 2434 443 2495 in
457 2442 561 2496 nostra
580 2441 752 2516 potestate;
770 2440 855 2518 quod
887 2440 925 2499 ad
951 2444 1054 2499 actum
1103 2441 1225 2513 nerant,
1240 2441 1277 2496 ut
1287 2435 1553 2515 quemadmodum
1567 2436 1607 2497 ad
1624 2435 1683 2497 bos
1697 2435 1865 2515 exprimen-

282 2525 417 2587 liberum
432 2526 562 2587 omnino
583 2530 792 2590 necessarium
814 2536 870 2594 est.
887 2532 954 2605 Quo
969 2532 1054 2591 enim
1103 2527 1159 2588 dos
1179 2533 1275 2590 nutus
1299 2528 1468 2589 voluntatis
1488 2527 1644 2608 precedit,
1666 2528 1722 2607 qni
1745 2545 1796 2588 eos
1818 2544 1866 2606 pro

283 2623 373 2696 pacto
388 2618 530 2697 intellligi
549 2625 662 2698 potest,
683 2623 767 2699 quod
791 2623 881 2683 illum
903 2628 1007 2684 actum
1020 2623 1054 2683 in
1103 2620 1231 2682 arbitrio
1240 2620 1334 2692 laxat,
1350 2619 1401 2680 vel
1414 2619 1549 2697 cohibet,
1571 2618 1604 2681 in
1619 2637 1682 2699 qno
1698 2626 1749 2681 est
1759 2617 1865 2698 indiffc

283 2714 373 2769 notra
396 2715 546 2788 potestate
572 2711 754 2787 habeamus,
784 2720 815 2775 et
843 2713 910 2793 ejus
934 2715 1054 2776 domini
1103 2712 1218 2787 rentio3
1236 2711 1324 2779 sicin
1337 2711 1398 2772 illie
1415 2711 1507 2772 aliam
1520 2711 1755 2789 quodammodo
1770 2710 1866 2771 volun·

283 2801 391 2873 simus,
421 2820 524 2881 aquo
551 2809 677 2883 propter
699 2804 823 2865 volendi
842 2806 1055 2867 necessitatem
1102 2804 1175 2865 tatis
1200 2804 1363 2878 actionem,
1393 2804 1463 2864 sive·
1485 2803 1666 2864 volitionem
1688 2803 1861 2882 cogitarent,

284 2893 437 2955 abstinere
465 2912 529 2954 non
549 2895 738 2971 possumus?
765 2897 847 2958 illius
867 2898 982 2977 quippe
1003 2897 1056 2959 do·
1108 2896 1261 2957 aratione
1285 2896 1373 2975 cujus
1399 2895 1467 2957 baec
1487 2901 1644 2976 postrema
1668 2895 1708 2956 sit
1733 2894 1862 2955 libera·

284 2985 362 3045 mini
375 2986 519 3047 videmur
527 2987 677 3049 duntaxat
690 3006 766 3066 esec,
779 2989 1008 3069 quodiaoimus,
1024 2996 1055 3051 et
1104 2988 1198 3067 Atqui
1216 2987 1398 3063 «voluntas,
1416 2989 1530 3068 inquit,
1549 2988 1609 3048 boc
1623 2992 1669 3048 eet
1680 2986 1791 3047 rolitio
1803 2984 1866 3046 deli

284 3096 349 3137 non
362 3076 500 3153 iacimus,
513 3080 637 3158 quando
651 3079 748 3142 iubet.
767 3081 903 3159 Accedit,
925 3081 1008 3160 quod
1020 3081 1054 3143 in
1105 3080 1213 3141 berete
1231 3079 1330 3161 seipsa
1347 3079 1445 3141 libera
1468 3084 1525 3157 est,
1546 3085 1577 3140 ct
1599 3078 1864 3157 contradictionem

284 3169 464 3248 hujusmodi
478 3178 549 3231 actu
563 3172 665 3250 potius
680 3173 740 3251 agi,
759 3191 854 3253 quam
867 3191 958 3253 agere
971 3173 1057 3236 vide-
1103 3171 1253 3250 implicat,
1280 3189 1346 3232 non
1373 3189 1438 3231 esse
1464 3169 1604 3245 liberam,
1631 3170 1705 3250 quia
1734 3170 1781 3244 fit,
1803 3186 1864 3230 cun

285 3278 386 3322 amur.
403 3262 467 3322 Hoc
476 3267 582 3323 autem
591 3281 765 3343 repugnare
777 3264 914 3325 libertati
922 3264 1053 3341 arbitrii,
1103 3262 1331 3340 volumus,non
1339 3262 1465 3341 iit,cum
1479 3263 1639 3342 nolumus,
1647 3281 1711 3324 non
1727 3262 1789 3323 alia
1800 3260 1866 3323 voli·

286 3359 373 3414 extra
398 3357 639 3416 controversiam
663 3362 751 3417 esto
782 3357 828 3417 Ex
855 3358 913 3418 hac
936 3355 1055 3437 duplici
1104 3356 1202 3428 tione,
1217 3355 1421 3434 sedecima.»
1436 3354 1585 3416 Hoeeille.

287 3445 465 3524 obJectionis
486 3458 574 3526 parte
600 3448 766 3528 «primam
792 3448 952 3510 nonnullis
974 3449 1055 3509 anti·
1144 3446 1226 3509 XIV.
1249 3447 1342 3526 Atqui
1371 3445 1529 3507 somnium
1551 3444 1634 3507 istud
1654 3451 1710 3521 eet,
1733 3454 1766 3508 et
1784 3446 1863 3508 mane

286 3536 447 3617 quioribus
474 3537 667 3600 Scholasticis
697 3539 910 3601 hallucinandt
931 3558 1056 3602 caumm
1104 3538 1300 3615 figmentum,
1314 3538 1398 3618 quod
1412 3538 1600 3618 eringenio,
1615 3555 1651 3598 ac
1668 3556 1726 3618 pro
1749 3537 1863 3601 libidine

286 3629 379 3691 luisse
393 3629 569 3708 respondet,
585 3631 640 3708 qni
660 3630 826 3709 Augustini
840 3633 943 3694 locum
965 3633 1055 3693 illum
1105 3649 1161 3691 sua
1174 3634 1368 3691 commentus
1386 3636 1442 3691 est.
1465 3629 1537 3691 Sive
1551 3629 1636 3691 enim
1655 3630 1865 3706 interiores,et

287 3723 479 3784 citaverunt:
504 3720 589 3781 Nihil
609 3726 671 3781 tam
694 3722 728 3781 in
744 3727 850 3783 nostra
867 3728 1015 3803 potestate
1030 3722 1053 3801 ⁸,
1105 3721 1226 3802 abipsa
1237 3722 1396 3783 voluntate
1410 3726 1574 3783 manantes
1586 3722 1734 3799 actiones,
1756 3721 1812 3783 hoc
1824 3724 1864 3782 esi

286 3832 382 3894 quam
406 3816 472 3897 ipsa
500 3813 643 3874 voluntas
665 3814 723 3874 sita
736 3819 806 3875 est:
826 3835 838 3873 ι
856 3815 1057 3895 posteriorem
1105 3813 1220 3875 elicitos
1234 3819 1362 3893 spectes,
1388 3813 1453 3874 sive
1475 3818 1628 3891 externas,
1644 3818 1674 3874 et
1695 3813 1862 3894 imperuim

290 3929 303 3965 a
319 3906 446 3986 illisqui
460 3907 558 3985 magis
572 3906 741 3968 Aristotelis
752 3906 954 3989 philosophie
961 3907 1056 3968 dediti
1105 3923 1170 3966 una
1184 3905 1353 3985 cademque
1366 3904 1456 3966 radix
1469 3909 1525 3978 est,
1546 3923 1583 3966 ac
1595 3904 1697 3966 forma
1713 3903 1861 3978 libertatis,

286 4005 370 4075 sunt,
384 3998 485 4059 fraudi
499 3998 633 4060 fuisse.»
1106 4015 1200 4076 quam
1227 3997 1267 4058 ab
1293 3996 1475 4058 adversariis
1503 3996 1576 4077 ipsis
1604 3997 1788 4081 accipimus3
1811 3993 1862 4071 uti,

326 4090 485 4166 sicigitur
498 4090 663 4150 dissolvere
679 4089 737 4150 ista
751 4094 891 4150 conatur.
915 4091 1003 4164 Quod
1016 4092 1056 4152 ad
1105 4107 1177 4150 oum
1197 4090 1354 4163 volumus,
1368 4089 1437 4166 iiat3
1459 4107 1524 4150 non
1544 4089 1608 4162 flat,
1629 4107 1702 4150 cum
1714 4089 1861 4159 nolumus,

286 4185 422 4263 priorem
435 4182 544 4243 attinet
556 4187 675 4260 partem
691 4181 948 4260 «imaginationis
961 4182 1058 4243 imbe-
1105 4181 1324 4262 quodcumque
1355 4180 1452 4241 libere
1480 4178 1550 4241 fleri
1576 4180 1700 4242 dicitnr.
1727 4180 1812 4254 Nam,
1839 4176 1862 4237 si

164 4264 168 4271 ’
286 4275 411 4335 cillitate
424 4274 492 4333 fieri
501 4274 586 4346 dicit,
602 4279 639 4334 ut
655 4272 798 4334 homines
811 4274 846 4333 in
859 4274 1057 4354 percipienda
1105 4266 1250 4334 naturam
1259 4273 1359 4352 ipsam
1370 4291 1405 4333 ac
1417 4271 1580 4349 rationem,
1589 4267 1861 4351 etusnmloqnendi

285 4365 532 4428 voluntariorum
556 4370 681 4427 actuum
700 4364 844 4426 libertate
861 4366 1052 4428 fallantur.»
1105 4382 1306 4426 communem
1329 4363 1503 4437 consulant,
1526 4363 1655 4441 discam,
1678 4359 1860 4426 cambdeni

287 4459 369 4519 Nam
397 4478 413 4515 (ι
425 4457 579 4518 intuentes
592 4475 701 4517 omncs
721 4456 858 4518 actiones
877 4457 1053 4533 hominum,
1105 4456 1144 4518 ad
1158 4456 1247 4518 illum
1261 4455 1402 4531 modum,
1416 4474 1486 4535 quae
1504 4456 1672 4535 antequam
1692 4455 1799 4538 reipsa,
1813 4452 1860 4513 de·

287 4568 363 4630 quas
372 4550 537 4629 imperatas
550 4549 693 4625 dicimus,
709 4553 740 4609 et
752 4549 852 4627 megia
869 4555 952 4610 notae
971 4555 1053 4625 sunt,
1104 4549 1330 4628 terminataque
1344 4546 1465 4625 fierent,
1490 4564 1563 4609 eum
1582 4549 1704 4609 ratione
1716 4550 1861 4628 preeunte

287 4641 406 4702 nullam
413 4638 658 4701 earumomnino
668 4640 987 4720 liberamessevident,
997 4642 1057 4703 nisi
1104 4641 1248 4701 voluntas
1260 4639 1395 4701 electura
1405 4640 1470 4718 jam
1489 4656 1589 4701 unum
1612 4641 1764 4701 ednobns
1778 4640 1860 4711 cnei,

288 4752 383 4815 quam
397 4730 680 4812 possumustacere,
695 4736 803 4792 etnon
816 4732 1056 4813 facere,quando
1105 4736 1250 4814 poterant
1270 4750 1335 4793 non
1362 4731 1442 4809 fieri,
1471 4737 1507 4793 ut
1525 4731 1575 4793 rel
1601 4738 1707 4812 ageret
1732 4730 1859 4801 omnino,

287 4825 441 4887 volumus.
458 4844 473 4881 a
496 4825 583 4884 Hane
598 4822 683 4883 enim
702 4822 792 4883 liberi
816 4841 881 4883 esse
897 4827 1057 4887 notionem
1104 4824 1258 4903 velletque
1272 4822 1361 4896 nihil,
1377 4823 1427 4884 vei
1440 4823 1516 4902 ejus,
1533 4823 1618 4904 quod
1634 4824 1743 4896 uoluit,
1758 4819 1862 4883 aaut

288 4915 727 4994 omnibusinsitam,quodtit,
744 4932 816 4976 eum
829 4916 1057 4993 volumus‚non
1105 4915 1161 4992 rit,
1190 4914 1382 4976 contrarium
1409 4915 1489 4976 velie
1519 4919 1632 4996 posset,
1661 4921 1694 4977 et
1717 4909 1857 4993 ampiectt

159 5060 164 5069 .
288 5010 334 5086 fit,
350 5028 420 5070 cum
433 5009 618 5081 nolumus«
631 5008 675 5069 ita
688 5008 1058 5088 utrcgulaomnislibcr-
1108 5007 1286 5068 Absurdum
1305 5024 1391 5079 uero,
1415 5012 1447 5066 et
1464 5025 1483 5067 a
1500 5006 1627 5087 publica
1650 5002 1860 5068 consuetudine

287 5101 369 5177 tatis,
403 5118 474 5181 quae
511 5101 543 5161 in
583 5100 755 5161 actionibus
790 5118 1058 5181 quarumcumque
1105 5099 1257 5161 sermonis
1270 5098 1439 5159 abhorrens
1452 5103 1527 5171 esse,
1543 5095 1858 5181 dorstetsiooiameu,

288 5193 470 5253 facultatum
481 5193 644 5272 reperitur,
657 5193 696 5253 sit
707 5194 811 5273 ipsum
824 5193 918 5268 velle3
935 5193 984 5253 cui
997 5193 1058 5255 nisi
1106 5196 1170 5268 aut,
1185 5191 1269 5271 quod
1280 5188 1504 5251 intolerabilius
1518 5195 1574 5260 cst,
1590 5190 1695 5252 addito
1708 5191 1764 5251 boc
1780 5189 1858 5249 iam·

289 5303 364 5346 mox
385 5285 465 5346 adsit
490 5285 568 5345 actio
591 5285 811 5365 cujuscumque
828 5284 986 5365 potentiae,
1007 5285 1057 5346 vel
1107 5290 1211 5365 per,et
1223 5283 1250 5345 si
1256 5280 1401 5362 columae,
1413 5300 1470 5343 con
1477 5280 1555 5365 fieri,
1569 5283 1653 5363 qaod
1662 5281 1781 5344 nonnisi
1790 5296 1858 5357 uno,

320 5484 331 5526 i
346 5484 399 5528 lide
408 5485 529 5541 presertim
550 5497 570 5530 c.
583 5498 609 5530 ιιι
619 5485 687 5539 hujus
698 5486 810 5533 iibri-t
822 5486 874 5543 Gap.
886 5498 939 5531 rrrv
949 5485 1001 5532 libri
1010 5485 1146 5541 ejusdem·
1156 5486 1171 5531 t
1183 5486 1242 5542 Aug.
1255 5484 1295 5530 lib.
1311 5483 1342 5528 ill
1353 5482 1379 5530 ds
1392 5483 1429 5530 lit.
1441 5484 1489 5531 art.
1504 5493 1524 5531 ο.
1538 5493 1566 5529 ιιι
1577 5490 1600 5529 et
1610 5483 1620 5529 i
1632 5484 1691 5530 dett.
1706 5492 1725 5527 e·
1734 5492 1761 5526 n.
