<?xml version="1.0" encoding="UTF-8"?>
<!DOCTYPE html PUBLIC "-//W3C//DTD XHTML 1.0 Transitional//EN"
    "http://www.w3.org/TR/xhtml1/DTD/xhtml1-transitional.dtd">
<html xmlns="http://www.w3.org/1999/xhtml" xml:lang="en" lang="en">
 <head>
  <title>
</title>
<meta http-equiv="Content-Type" content="text/html;charset=utf-8" />
  <meta name='ocr-system' content='tesseract 3.04.00' />
  <meta name='ocr-capabilities' content='ocr_page ocr_carea ocr_par ocr_line ocrx_word'/>
</head>
<body>
  <div class='ocr_page' id='page_1' title='image "./dogmatatheologi00goog_0623.png"; bbox 0 0 4004 6168; ppageno 0'>
   <div class='ocr_carea' id='block_1_1' title="bbox 338 333 1375 402">
    <p class='ocr_par' dir='ltr' id='par_1_1' title="bbox 338 333 1375 402">
     <span class='ocr_line' id='line_1_1' title="bbox 338 333 1375 402; baseline -0.006 -2"><span class='ocrx_word' id='word_1_1' title='bbox 338 341 399 402; x_wconf 75' lang='grc'><strong>576</strong></span> <span class='ocrx_word' id='word_1_2' title='bbox 890 336 1087 401; x_wconf 83' lang='lat' dir='ltr'><strong>APPENDIX</strong></span> <span class='ocrx_word' id='word_1_3' title='bbox 1108 335 1161 395; x_wconf 84' lang='lat' dir='ltr'><strong>Ab</strong></span> <span class='ocrx_word' id='word_1_4' title='bbox 1181 333 1329 396; x_wconf 82' lang='lat' dir='ltr'>LIBRUM</span> <span class='ocrx_word' id='word_1_5' title='bbox 1349 334 1375 394; x_wconf 92' lang='lat' dir='ltr'><strong>ll</strong></span> 
     </span>
    </p>
   </div>
   <div class='ocr_carea' id='block_1_2' title="bbox 247 495 1991 5456">
    <p class='ocr_par' dir='ltr' id='par_1_2' title="bbox 247 495 1991 5456">
     <span class='ocr_line' id='line_1_2' title="bbox 332 495 1991 584; baseline -0.004 -21"><span class='ocrx_word' id='word_1_6' title='bbox 332 500 497 580; x_wconf 84' lang='lat' dir='ltr'><strong>justitiam,</strong></span> <span class='ocrx_word' id='word_1_7' title='bbox 506 500 719 582; x_wconf 83' lang='lat' dir='ltr'><strong>etaliagratiae</strong></span> <span class='ocrx_word' id='word_1_8' title='bbox 727 502 810 564; x_wconf 90' lang='lat' dir='ltr'><strong>dona</strong></span> <span class='ocrx_word' id='word_1_9' title='bbox 818 504 970 584; x_wconf 85' lang='lat' dir='ltr'><strong>accepisse</strong></span> <span class='ocrx_word' id='word_1_10' title='bbox 978 502 1102 564; x_wconf 88' lang='lat' dir='ltr'><strong>dicunt:</strong></span> <span class='ocrx_word' id='word_1_11' title='bbox 1155 503 1293 560; x_wconf 88' lang='lat' dir='ltr'><strong>meretur</strong></span> <span class='ocrx_word' id='word_1_12' title='bbox 1311 502 1366 560; x_wconf 91' lang='lat' dir='ltr'><strong>aut</strong></span> <span class='ocrx_word' id='word_1_13' title='bbox 1385 504 1614 580; x_wconf 75' lang='lat' dir='ltr'><strong>augumentum</strong></span> <span class='ocrx_word' id='word_1_14' title='bbox 1633 495 1924 578; x_wconf 80' lang='lat' dir='ltr'><strong>aceeptoejustitiae,</strong></span> <span class='ocrx_word' id='word_1_15' title='bbox 1990 526 1991 567; x_wconf 69' lang='lat'>1</span> 
     </span>
     <span class='ocr_line' id='line_1_3' title="bbox 337 590 1991 674; baseline -0.003 -20"><span class='ocrx_word' id='word_1_16' title='bbox 337 593 376 655; x_wconf 90' lang='lat' dir='ltr'><strong>de</strong></span> <span class='ocrx_word' id='word_1_17' title='bbox 396 612 458 673; x_wconf 92' lang='lat' dir='ltr'><strong>quo</strong></span> <span class='ocrx_word' id='word_1_18' title='bbox 477 594 547 656; x_wconf 88' lang='lat' dir='ltr'><strong>vide</strong></span> <span class='ocrx_word' id='word_1_19' title='bbox 573 595 720 656; x_wconf 86' lang='lat' dir='ltr'><strong>Suarium</strong></span> <span class='ocrx_word' id='word_1_20' title='bbox 738 595 792 655; x_wconf 94' lang='lat' dir='ltr'><strong>lib.</strong></span> <span class='ocrx_word' id='word_1_21' title='bbox 818 595 859 656; x_wconf 96' lang='lat' dir='ltr'><strong>lll</strong></span> <span class='ocrx_word' id='word_1_22' title='bbox 885 594 921 656; x_wconf 86' lang='lat' dir='ltr'><strong>de</strong></span> <span class='ocrx_word' id='word_1_23' title='bbox 942 613 1029 674; x_wconf 82' lang='lat' dir='ltr'><strong>opere</strong></span> <span class='ocrx_word' id='word_1_24' title='bbox 1053 612 1106 654; x_wconf 75' lang='lat' dir='ltr'><strong>aea</strong></span> <span class='ocrx_word' id='word_1_25' title='bbox 1156 596 1211 651; x_wconf 86' lang='lat' dir='ltr'><strong>aut</strong></span> <span class='ocrx_word' id='word_1_26' title='bbox 1224 590 1318 651; x_wconf 87' lang='lat' dir='ltr'><strong>etiam</strong></span> <span class='ocrx_word' id='word_1_27' title='bbox 1329 596 1513 670; x_wconf 87' lang='lat' dir='ltr'><strong>potestatem</strong></span> <span class='ocrx_word' id='word_1_28' title='bbox 1524 611 1583 672; x_wconf 88' lang='lat' dir='ltr'><strong>pro</strong></span> <span class='ocrx_word' id='word_1_29' title='bbox 1592 592 1675 653; x_wconf 90' lang='lat' dir='ltr'><strong>bona</strong></span> <span class='ocrx_word' id='word_1_30' title='bbox 1689 590 1864 661; x_wconf 75' lang='lat' dir='ltr'><strong>voluntate,</strong></span> <span class='ocrx_word' id='word_1_31' title='bbox 1875 595 1927 649; x_wconf 85' lang='lat' dir='ltr'><strong>aut</strong></span> <span class='ocrx_word' id='word_1_32' title='bbox 1990 630 1991 635; x_wconf 20' lang='grc' dir='ltr'><strong>κ</strong></span> 
     </span>
     <span class='ocr_line' id='line_1_4' title="bbox 337 681 1991 766; baseline -0.004 -21"><span class='ocrx_word' id='word_1_33' title='bbox 337 683 454 747; x_wconf 84' lang='lat' dir='ltr'><strong>dierum</strong></span> <span class='ocrx_word' id='word_1_34' title='bbox 476 705 544 766; x_wconf 91' lang='lat' dir='ltr'><strong>cap.</strong></span> <span class='ocrx_word' id='word_1_35' title='bbox 571 704 667 761; x_wconf 79' lang='lat' dir='ltr'><strong>xvn,</strong></span> <span class='ocrx_word' id='word_1_36' title='bbox 693 706 763 748; x_wconf 90' lang='lat' dir='ltr'><strong>an.</strong></span> <span class='ocrx_word' id='word_1_37' title='bbox 789 692 807 746; x_wconf 82' lang='lat'>5</span> <span class='ocrx_word' id='word_1_38' title='bbox 834 687 889 766; x_wconf 91' lang='lat' dir='ltr'><strong>qui</strong></span> <span class='ocrx_word' id='word_1_39' title='bbox 915 703 968 748; x_wconf 89' lang='lat' dir='ltr'><strong>eos</strong></span> <span class='ocrx_word' id='word_1_40' title='bbox 996 702 1105 747; x_wconf 89' lang='lat' dir='ltr'><strong>omnes</strong></span> <span class='ocrx_word' id='word_1_41' title='bbox 1155 683 1322 760; x_wconf 83' lang='lat' dir='ltr'><strong>praemium</strong></span> <span class='ocrx_word' id='word_1_42' title='bbox 1336 682 1479 763; x_wconf 90' lang='lat' dir='ltr'><strong>aliquod;</strong></span> <span class='ocrx_word' id='word_1_43' title='bbox 1500 683 1567 745; x_wconf 78' lang='lat' dir='ltr'><strong>hac</strong></span> <span class='ocrx_word' id='word_1_44' title='bbox 1589 683 1696 743; x_wconf 90' lang='lat' dir='ltr'><strong>omnia</strong></span> <span class='ocrx_word' id='word_1_45' title='bbox 1718 681 1840 742; x_wconf 77' lang='lat' dir='ltr'><strong>hauctus</strong></span> <span class='ocrx_word' id='word_1_46' title='bbox 1857 686 1927 741; x_wconf 86' lang='lat' dir='ltr'><strong>sunt</strong></span> <span class='ocrx_word' id='word_1_47' title='bbox 1990 708 1991 759; x_wconf 61' lang='lat'>3</span> 
     </span>
     <span class='ocr_line' id='line_1_5' title="bbox 336 772 1991 858; baseline -0.003 -20"><span class='ocrx_word' id='word_1_48' title='bbox 336 784 486 854; x_wconf 84' lang='lat' dir='ltr'><strong>recenset,</strong></span> <span class='ocrx_word' id='word_1_49' title='bbox 511 796 548 839; x_wconf 87' lang='lat' dir='ltr'><strong>ac</strong></span> <span class='ocrx_word' id='word_1_50' title='bbox 576 797 633 858; x_wconf 91' lang='lat' dir='ltr'><strong>pro</strong></span> <span class='ocrx_word' id='word_1_51' title='bbox 651 779 690 839; x_wconf 90' lang='lat' dir='ltr'><strong>iis</strong></span> <span class='ocrx_word' id='word_1_52' title='bbox 716 779 810 840; x_wconf 90' lang='lat' dir='ltr'><strong>etiam</strong></span> <span class='ocrx_word' id='word_1_53' title='bbox 833 780 923 840; x_wconf 84' lang='lat' dir='ltr'><strong>affert</strong></span> <span class='ocrx_word' id='word_1_54' title='bbox 940 777 1105 857; x_wconf 81' lang='lat' dir='ltr'><strong>Augustini</strong></span> <span class='ocrx_word' id='word_1_55' title='bbox 1154 774 1264 853; x_wconf 87' lang='lat' dir='ltr'><strong>primae</strong></span> <span class='ocrx_word' id='word_1_56' title='bbox 1283 774 1402 850; x_wconf 87' lang='lat' dir='ltr'><strong>gratiae,</strong></span> <span class='ocrx_word' id='word_1_57' title='bbox 1418 781 1450 837; x_wconf 89' lang='lat' dir='ltr'><strong>et</strong></span> <span class='ocrx_word' id='word_1_58' title='bbox 1466 777 1567 855; x_wconf 59' lang='lat' dir='ltr'><strong>matis</strong></span> <span class='ocrx_word' id='word_1_59' title='bbox 1584 793 1642 856; x_wconf 93' lang='lat' dir='ltr'><strong>pro</strong></span> <span class='ocrx_word' id='word_1_60' title='bbox 1665 774 1784 854; x_wconf 87' lang='lat' dir='ltr'><strong>gratia:</strong></span> <span class='ocrx_word' id='word_1_61' title='bbox 1808 779 1843 834; x_wconf 90' lang='lat' dir='ltr'><strong>et</strong></span> <span class='ocrx_word' id='word_1_62' title='bbox 1860 772 1927 833; x_wconf 85' lang='lat' dir='ltr'><strong>ideo</strong></span> <span class='ocrx_word' id='word_1_63' title='bbox 1990 792 1991 853; x_wconf 53' lang='grc' dir='ltr'><strong>ς</strong></span> 
     </span>
     <span class='ocr_line' id='line_1_6' title="bbox 336 860 1991 947; baseline -0.003 -18"><span class='ocrx_word' id='word_1_64' title='bbox 336 869 599 931; x_wconf 87' lang='lat' dir='ltr'><strong>testimoniumcx</strong></span> <span class='ocrx_word' id='word_1_65' title='bbox 612 869 667 932; x_wconf 86' lang='lat' dir='ltr'><strong>lib.</strong></span> <span class='ocrx_word' id='word_1_66' title='bbox 684 872 758 932; x_wconf 84' lang='lat' dir='ltr'><strong>lide</strong></span> <span class='ocrx_word' id='word_1_67' title='bbox 773 869 856 933; x_wconf 78' lang='lat' dir='ltr'><strong>(ient.</strong></span> <span class='ocrx_word' id='word_1_68' title='bbox 875 877 954 932; x_wconf 82' lang='lat' dir='ltr'><strong>cont.</strong></span> <span class='ocrx_word' id='word_1_69' title='bbox 973 866 1103 931; x_wconf 74' lang='lat' dir='ltr'><strong>Manebit..</strong></span> <span class='ocrx_word' id='word_1_70' title='bbox 1153 870 1256 927; x_wconf 89' lang='lat' dir='ltr'><strong>totum</strong></span> <span class='ocrx_word' id='word_1_71' title='bbox 1280 867 1501 946; x_wconf 86' lang='lat' dir='ltr'><strong>imputandum</strong></span> <span class='ocrx_word' id='word_1_72' title='bbox 1525 875 1572 930; x_wconf 91' lang='lat' dir='ltr'><strong>est</strong></span> <span class='ocrx_word' id='word_1_73' title='bbox 1591 868 1709 947; x_wconf 78' lang='lat' dir='ltr'><strong>gratia,</strong></span> <span class='ocrx_word' id='word_1_74' title='bbox 1728 866 1803 946; x_wconf 89' lang='lat' dir='ltr'><strong>quia</strong></span> <span class='ocrx_word' id='word_1_75' title='bbox 1827 882 1929 943; x_wconf 88' lang='lat' dir='ltr'><strong>neque</strong></span> <span class='ocrx_word' id='word_1_76' title='bbox 1990 860 1991 911; x_wconf 87' lang='lat' dir='ltr'><strong>l</strong></span> 
     </span>
     <span class='ocr_line' id='line_1_7' title="bbox 337 914 1991 1043; baseline -0.002 -21"><span class='ocrx_word' id='word_1_77' title='bbox 337 978 495 1040; x_wconf 79' lang='lat' dir='ltr'><strong>capum,</strong></span> <span class='ocrx_word' id='word_1_78' title='bbox 515 981 549 1022; x_wconf 92' lang='lat' dir='ltr'><strong>n.</strong></span> <span class='ocrx_word' id='word_1_79' title='bbox 576 964 616 1023; x_wconf 83' lang='lat' dir='ltr'><strong>ld</strong></span> <span class='ocrx_word' id='word_1_80' title='bbox 642 963 844 1024; x_wconf 82' lang='lat' dir='ltr'>«animalem</span> <span class='ocrx_word' id='word_1_81' title='bbox 867 980 980 1043; x_wconf 90' lang='lat' dir='ltr'><strong>nempe</strong></span> <span class='ocrx_word' id='word_1_82' title='bbox 1003 963 1104 1023; x_wconf 89' lang='lat' dir='ltr'><strong>adhuc</strong></span> <span class='ocrx_word' id='word_1_83' title='bbox 1153 957 1356 1035; x_wconf 84' lang='lat' dir='ltr'><strong>volentisest,</strong></span> <span class='ocrx_word' id='word_1_84' title='bbox 1372 960 1457 1039; x_wconf 88' lang='lat' dir='ltr'><strong>quod</strong></span> <span class='ocrx_word' id='word_1_85' title='bbox 1474 959 1542 1021; x_wconf 75' lang='lat' dir='ltr'><strong>vult</strong></span> <span class='ocrx_word' id='word_1_86' title='bbox 1563 966 1623 1021; x_wconf 83' lang='lat' dir='ltr'><strong>etc.</strong></span> <span class='ocrx_word' id='word_1_87' title='bbox 1649 957 1801 1022; x_wconf 87' lang='lat' dir='ltr'><strong>Omnibus</strong></span> <span class='ocrx_word' id='word_1_88' title='bbox 1830 957 1926 1031; x_wconf 86' lang='lat' dir='ltr'><strong>enim,</strong></span> <span class='ocrx_word' id='word_1_89' title='bbox 1990 914 1991 1007; x_wconf 82' lang='lat' dir='ltr'><strong>i</strong></span> 
     </span>
     <span class='ocr_line' id='line_1_8' title="bbox 335 1048 1929 1134; baseline -0.003 -21"><span class='ocrx_word' id='word_1_90' title='bbox 335 1053 429 1114; x_wconf 83' lang='lat' dir='ltr'><strong>luisse</strong></span> <span class='ocrx_word' id='word_1_91' title='bbox 442 1054 613 1131; x_wconf 91' lang='lat' dir='ltr'><strong>hominem,</strong></span> <span class='ocrx_word' id='word_1_92' title='bbox 628 1056 754 1134; x_wconf 90' lang='lat' dir='ltr'><strong>quando</strong></span> <span class='ocrx_word' id='word_1_93' title='bbox 768 1057 852 1116; x_wconf 90' lang='lat' dir='ltr'><strong>Deus</strong></span> <span class='ocrx_word' id='word_1_94' title='bbox 865 1055 899 1115; x_wconf 93' lang='lat' dir='ltr'><strong>in</strong></span> <span class='ocrx_word' id='word_1_95' title='bbox 918 1073 991 1116; x_wconf 91' lang='lat' dir='ltr'><strong>eum</strong></span> <span class='ocrx_word' id='word_1_96' title='bbox 1004 1053 1103 1115; x_wconf 86' lang='lat' dir='ltr'><strong>insul·</strong></span> <span class='ocrx_word' id='word_1_97' title='bbox 1153 1056 1281 1130; x_wconf 85' lang='lat' dir='ltr'><strong>excepto</strong></span> <span class='ocrx_word' id='word_1_98' title='bbox 1295 1049 1360 1111; x_wconf 91' lang='lat' dir='ltr'><strong>solo</strong></span> <span class='ocrx_word' id='word_1_99' title='bbox 1381 1052 1456 1126; x_wconf 83' lang='lat' dir='ltr'><strong>lieo,</strong></span> <span class='ocrx_word' id='word_1_100' title='bbox 1472 1051 1584 1112; x_wconf 90' lang='lat' dir='ltr'><strong>dicitur</strong></span> <span class='ocrx_word' id='word_1_101' title='bbox 1609 1072 1617 1112; x_wconf 75' lang='grc' dir='ltr'>ε</span> <span class='ocrx_word' id='word_1_102' title='bbox 1639 1048 1827 1133; x_wconf 69' lang='lat' dir='ltr'><strong>parilitates,</strong></span> <span class='ocrx_word' id='word_1_103' title='bbox 1852 1050 1929 1129; x_wconf 79' lang='lat' dir='ltr'><strong>quod</strong></span> 
     </span>
     <span class='ocr_line' id='line_1_9' title="bbox 337 1139 1991 1226; baseline -0.003 -22"><span class='ocrx_word' id='word_1_104' title='bbox 337 1145 424 1206; x_wconf 84' lang='lat' dir='ltr'><strong>tlavit</strong></span> <span class='ocrx_word' id='word_1_105' title='bbox 442 1145 632 1226; x_wconf 79' lang='lat' dir='ltr'><strong>spiraculum</strong></span> <span class='ocrx_word' id='word_1_106' title='bbox 646 1147 732 1224; x_wconf 74' lang='lat' dir='ltr'><strong>vitae,</strong></span> <span class='ocrx_word' id='word_1_107' title='bbox 755 1147 873 1208; x_wconf 85' lang='lat' dir='ltr'><strong>factum</strong></span> <span class='ocrx_word' id='word_1_108' title='bbox 893 1153 998 1208; x_wconf 88' lang='lat' dir='ltr'><strong>autem</strong></span> <span class='ocrx_word' id='word_1_109' title='bbox 1012 1145 1102 1225; x_wconf 92' lang='lat' dir='ltr'><strong>spiri-</strong></span> <span class='ocrx_word' id='word_1_110' title='bbox 1153 1160 1212 1202; x_wconf 81' lang='lat' dir='ltr'><strong>uon</strong></span> <span class='ocrx_word' id='word_1_111' title='bbox 1222 1141 1360 1221; x_wconf 66' lang='lat' dir='ltr'><strong>occepisti</strong></span> <span class='ocrx_word' id='word_1_112' title='bbox 1367 1139 1382 1202; x_wconf 74' lang='lat'><strong>‚2</strong></span> <span class='ocrx_word' id='word_1_113' title='bbox 1397 1142 1437 1204; x_wconf 82' lang='lat' dir='ltr'><strong>Si</strong></span> <span class='ocrx_word' id='word_1_114' title='bbox 1449 1150 1547 1204; x_wconf 83' lang='lat' dir='ltr'><strong>eutem</strong></span> <span class='ocrx_word' id='word_1_115' title='bbox 1559 1143 1720 1226; x_wconf 81' lang='lat' dir='ltr'><strong>accepistin</strong></span> <span class='ocrx_word' id='word_1_116' title='bbox 1733 1149 1791 1204; x_wconf 87' lang='lat' dir='ltr'><strong>etc.</strong></span> <span class='ocrx_word' id='word_1_117' title='bbox 1804 1142 1926 1203; x_wconf 85' lang='lat' dir='ltr'><strong>Horum</strong></span> <span class='ocrx_word' id='word_1_118' title='bbox 1990 1188 1991 1199; x_wconf 74' lang='grc'><strong>.</strong></span> 
     </span>
     <span class='ocr_line' id='line_1_10' title="bbox 336 1232 1577 1315; baseline -0.002 -17"><span class='ocrx_word' id='word_1_119' title='bbox 336 1237 465 1315; x_wconf 89' lang='lat' dir='ltr'><strong>tualem,</strong></span> <span class='ocrx_word' id='word_1_120' title='bbox 480 1240 600 1299; x_wconf 91' lang='lat' dir='ltr'><strong>cumin</strong></span> <span class='ocrx_word' id='word_1_121' title='bbox 614 1240 776 1308; x_wconf 88' lang='lat' dir='ltr'><strong>Paradiso,</strong></span> <span class='ocrx_word' id='word_1_122' title='bbox 792 1239 852 1300; x_wconf 91' lang='lat' dir='ltr'><strong>hoc</strong></span> <span class='ocrx_word' id='word_1_123' title='bbox 873 1245 934 1315; x_wconf 88' lang='lat' dir='ltr'><strong>est,</strong></span> <span class='ocrx_word' id='word_1_124' title='bbox 958 1240 992 1299; x_wconf 89' lang='lat' dir='ltr'><strong>in</strong></span> <span class='ocrx_word' id='word_1_125' title='bbox 1013 1239 1104 1299; x_wconf 89' lang='lat' dir='ltr'><strong>beata</strong></span> <span class='ocrx_word' id='word_1_126' title='bbox 1153 1232 1488 1313; x_wconf 84' lang='lat' dir='ltr'><strong>simillimalegesc.1v</strong></span> <span class='ocrx_word' id='word_1_127' title='bbox 1499 1241 1531 1297; x_wconf 90' lang='lat' dir='ltr'><strong>et</strong></span> <span class='ocrx_word' id='word_1_128' title='bbox 1543 1252 1577 1296; x_wconf 77' lang='lat' dir='ltr'><strong>e.</strong></span> 
     </span>
     <span class='ocr_line' id='line_1_11' title="bbox 336 1324 1991 1417; baseline -0.001 -29"><span class='ocrx_word' id='word_1_129' title='bbox 336 1329 402 1390; x_wconf 82' lang='lat' dir='ltr'><strong>vita</strong></span> <span class='ocrx_word' id='word_1_130' title='bbox 441 1331 626 1392; x_wconf 75' lang='lat' dir='ltr'><strong>conuiuas</strong></span> <span class='ocrx_word' id='word_1_131' title='bbox 670 1338 863 1412; x_wconf 71' lang='lat' dir='ltr'><strong>preceptum</strong></span> <span class='ocrx_word' id='word_1_132' title='bbox 907 1330 1103 1412; x_wconf 66' lang='lat' dir='ltr'><strong>perfectionis</strong></span> <span class='ocrx_word' id='word_1_133' title='bbox 1194 1324 1241 1386; x_wconf 91' lang='lat' dir='ltr'><strong>Ad</strong></span> <span class='ocrx_word' id='word_1_134' title='bbox 1261 1327 1433 1388; x_wconf 86' lang='lat' dir='ltr'><strong>secundum</strong></span> <span class='ocrx_word' id='word_1_135' title='bbox 1458 1326 1629 1408; x_wconf 82' lang='lat' dir='ltr'><strong>respondeo</strong></span> <span class='ocrx_word' id='word_1_136' title='bbox 1649 1325 1867 1406; x_wconf 87' lang='lat' dir='ltr'><strong>Augustinum</strong></span> <span class='ocrx_word' id='word_1_137' title='bbox 1886 1325 1925 1387; x_wconf 86' lang='lat' dir='ltr'><strong>ita</strong></span> <span class='ocrx_word' id='word_1_138' title='bbox 1990 1346 1991 1417; x_wconf 58' lang='lat' dir='ltr'><strong>p</strong></span> 
     </span>
     <span class='ocr_line' id='line_1_12' title="bbox 337 1416 1922 1503; baseline -0.001 -22"><span class='ocrx_word' id='word_1_139' title='bbox 337 1423 464 1502; x_wconf 88' lang='lat' dir='ltr'><strong>accepit.</strong></span> <span class='ocrx_word' id='word_1_140' title='bbox 478 1444 493 1480; x_wconf 85' lang='lat' dir='ltr'><strong>u</strong></span> <span class='ocrx_word' id='word_1_141' title='bbox 510 1424 577 1497; x_wconf 84' lang='lat' dir='ltr'><strong>Quo</strong></span> <span class='ocrx_word' id='word_1_142' title='bbox 600 1423 726 1503; x_wconf 90' lang='lat' dir='ltr'><strong>quidem</strong></span> <span class='ocrx_word' id='word_1_143' title='bbox 743 1423 919 1485; x_wconf 90' lang='lat' dir='ltr'><strong>testimonio</strong></span> <span class='ocrx_word' id='word_1_144' title='bbox 942 1441 1016 1483; x_wconf 91' lang='lat' dir='ltr'><strong>usus</strong></span> <span class='ocrx_word' id='word_1_145' title='bbox 1039 1440 1104 1482; x_wconf 89' lang='lat' dir='ltr'><strong>non</strong></span> <span class='ocrx_word' id='word_1_146' title='bbox 1152 1416 1319 1496; x_wconf 89' lang='lat' dir='ltr'><strong>loquutum</strong></span> <span class='ocrx_word' id='word_1_147' title='bbox 1337 1435 1376 1478; x_wconf 85' lang='lat' dir='ltr'><strong>ex</strong></span> <span class='ocrx_word' id='word_1_148' title='bbox 1396 1418 1774 1499; x_wconf 81' lang='lat' dir='ltr'><strong>praesentisprovidentiae</strong></span> <span class='ocrx_word' id='word_1_149' title='bbox 1795 1418 1922 1498; x_wconf 83' lang='lat' dir='ltr'><strong>legibus,</strong></span> 
     </span>
     <span class='ocr_line' id='line_1_13' title="bbox 337 1509 1991 1599; baseline -0.001 -26"><span class='ocrx_word' id='word_1_150' title='bbox 337 1531 426 1592; x_wconf 91' lang='lat' dir='ltr'><strong>sum,</strong></span> <span class='ocrx_word' id='word_1_151' title='bbox 446 1515 530 1594; x_wconf 92' lang='lat' dir='ltr'><strong>quod</strong></span> <span class='ocrx_word' id='word_1_152' title='bbox 543 1515 589 1576; x_wconf 91' lang='lat' dir='ltr'><strong>illi</strong></span> <span class='ocrx_word' id='word_1_153' title='bbox 603 1534 666 1576; x_wconf 87' lang='lat' dir='ltr'><strong>non</strong></span> <span class='ocrx_word' id='word_1_154' title='bbox 680 1516 815 1577; x_wconf 88' lang='lat' dir='ltr'><strong>multum</strong></span> <span class='ocrx_word' id='word_1_155' title='bbox 829 1516 1012 1592; x_wconf 82' lang='lat' dir='ltr'><strong>tribuerem,</strong></span> <span class='ocrx_word' id='word_1_156' title='bbox 1032 1532 1103 1576; x_wconf 85' lang='lat' dir='ltr'><strong>curn</strong></span> <span class='ocrx_word' id='word_1_157' title='bbox 1154 1509 1391 1588; x_wconf 80' lang='lat' dir='ltr'><strong>quibusnature</strong></span> <span class='ocrx_word' id='word_1_158' title='bbox 1404 1510 1558 1588; x_wconf 89' lang='lat' dir='ltr'><strong>hominis,</strong></span> <span class='ocrx_word' id='word_1_159' title='bbox 1574 1528 1644 1591; x_wconf 83' lang='lat' dir='ltr'><strong>quae</strong></span> <span class='ocrx_word' id='word_1_160' title='bbox 1658 1510 1793 1572; x_wconf 73' lang='lat' dir='ltr'><strong>rebonis</strong></span> <span class='ocrx_word' id='word_1_161' title='bbox 1803 1517 1922 1591; x_wconf 77' lang='lat' dir='ltr'><strong>estpar-</strong></span> <span class='ocrx_word' id='word_1_162' title='bbox 1990 1516 1991 1599; x_wconf 77' lang='lat' dir='ltr'><strong>l</strong></span> 
     </span>
     <span class='ocr_line' id='line_1_14' title="bbox 336 1601 1991 1687; baseline -0.002 -20"><span class='ocrx_word' id='word_1_163' title='bbox 336 1624 419 1667; x_wconf 87' lang='lat' dir='ltr'><strong>sanc.</strong></span> <span class='ocrx_word' id='word_1_164' title='bbox 442 1606 572 1686; x_wconf 81' lang='lat' dir='ltr'><strong>ipsemet</strong></span> <span class='ocrx_word' id='word_1_165' title='bbox 586 1608 694 1669; x_wconf 87' lang='lat' dir='ltr'><strong>doctor</strong></span> <span class='ocrx_word' id='word_1_166' title='bbox 708 1607 845 1687; x_wconf 74' lang='lat' dir='ltr'><strong>Apostoli</strong></span> <span class='ocrx_word' id='word_1_167' title='bbox 860 1612 1000 1668; x_wconf 88' lang='lat' dir='ltr'><strong>mentem</strong></span> <span class='ocrx_word' id='word_1_168' title='bbox 1017 1624 1054 1668; x_wconf 88' lang='lat' dir='ltr'><strong>eo</strong></span> <span class='ocrx_word' id='word_1_169' title='bbox 1069 1607 1104 1666; x_wconf 92' lang='lat' dir='ltr'><strong>in</strong></span> <span class='ocrx_word' id='word_1_170' title='bbox 1153 1601 1252 1682; x_wconf 83' lang='lat' dir='ltr'><strong>ticeps</strong></span> <span class='ocrx_word' id='word_1_171' title='bbox 1274 1601 1416 1681; x_wconf 70' lang='lat' dir='ltr'><strong>lacuque</strong></span> <span class='ocrx_word' id='word_1_172' title='bbox 1446 1603 1484 1664; x_wconf 91' lang='lat' dir='ltr'><strong>ad</strong></span> <span class='ocrx_word' id='word_1_173' title='bbox 1512 1602 1683 1683; x_wconf 77' lang='lat' dir='ltr'><strong>imaginem</strong></span> <span class='ocrx_word' id='word_1_174' title='bbox 1702 1603 1760 1665; x_wconf 89' lang='lat' dir='ltr'><strong>Dei</strong></span> <span class='ocrx_word' id='word_1_175' title='bbox 1774 1603 1815 1664; x_wconf 90' lang='lat' dir='ltr'><strong>ad</strong></span> <span class='ocrx_word' id='word_1_176' title='bbox 1834 1602 1922 1664; x_wconf 85' lang='lat' dir='ltr'><strong>finem</strong></span> <span class='ocrx_word' id='word_1_177' title='bbox 1990 1602 1991 1639; x_wconf 62' lang='lat'>³</span> 
     </span>
     <span class='ocr_line' id='line_1_15' title="bbox 334 1694 1922 1779; baseline -0.001 -21"><span class='ocrx_word' id='word_1_178' title='bbox 334 1696 402 1760; x_wconf 89' lang='lat' dir='ltr'><strong>loeo</strong></span> <span class='ocrx_word' id='word_1_179' title='bbox 422 1717 488 1760; x_wconf 90' lang='lat' dir='ltr'><strong>non</strong></span> <span class='ocrx_word' id='word_1_180' title='bbox 505 1718 537 1760; x_wconf 92' lang='lat' dir='ltr'><strong>se</strong></span> <span class='ocrx_word' id='word_1_181' title='bbox 551 1705 751 1779; x_wconf 89' lang='lat' dir='ltr'><strong>assequutum</strong></span> <span class='ocrx_word' id='word_1_182' title='bbox 772 1699 904 1761; x_wconf 80' lang='lat' dir='ltr'><strong>fateatm</strong></span> <span class='ocrx_word' id='word_1_183' title='bbox 929 1700 943 1759; x_wconf 89' lang='lat'>1</span> <span class='ocrx_word' id='word_1_184' title='bbox 972 1697 1103 1760; x_wconf 82' lang='lat' dir='ltr'><strong>Retract.</strong></span> <span class='ocrx_word' id='word_1_185' title='bbox 1154 1694 1425 1771; x_wconf 81' lang='lat' dir='ltr'><strong>supernaturalem</strong></span> <span class='ocrx_word' id='word_1_186' title='bbox 1458 1701 1622 1772; x_wconf 82' lang='lat' dir='ltr'><strong>evocatur,</strong></span> <span class='ocrx_word' id='word_1_187' title='bbox 1658 1695 1782 1774; x_wconf 90' lang='lat' dir='ltr'><strong>ipsique</strong></span> <span class='ocrx_word' id='word_1_188' title='bbox 1815 1695 1922 1756; x_wconf 78' lang='lat' dir='ltr'><strong>divinoe</strong></span> 
     </span>
     <span class='ocr_line' id='line_1_16' title="bbox 336 1785 1991 1883; baseline -0.001 -33"><span class='ocrx_word' id='word_1_189' title='bbox 336 1808 402 1870; x_wconf 89' lang='lat' dir='ltr'><strong>cap.</strong></span> <span class='ocrx_word' id='word_1_190' title='bbox 420 1810 453 1859; x_wconf 86' lang='lat' dir='ltr'><strong>x,</strong></span> <span class='ocrx_word' id='word_1_191' title='bbox 470 1810 502 1853; x_wconf 92' lang='lat' dir='ltr'><strong>n.</strong></span> <span class='ocrx_word' id='word_1_192' title='bbox 517 1794 537 1852; x_wconf 84' lang='lat'><strong>3</strong></span> <span class='ocrx_word' id='word_1_193' title='bbox 551 1797 596 1867; x_wconf 90' lang='lat' dir='ltr'><strong>et,</strong></span> <span class='ocrx_word' id='word_1_194' title='bbox 619 1798 654 1852; x_wconf 94' lang='lat' dir='ltr'><strong>ut</strong></span> <span class='ocrx_word' id='word_1_195' title='bbox 672 1791 876 1853; x_wconf 81' lang='lat' dir='ltr'><strong>assertionem</strong></span> <span class='ocrx_word' id='word_1_196' title='bbox 895 1808 998 1852; x_wconf 90' lang='lat' dir='ltr'><strong>meam</strong></span> <span class='ocrx_word' id='word_1_197' title='bbox 1012 1791 1105 1851; x_wconf 87' lang='lat' dir='ltr'><strong>susti·</strong></span> <span class='ocrx_word' id='word_1_198' title='bbox 1155 1785 1335 1863; x_wconf 74' lang='lat' dir='ltr'><strong>sanctitatis,</strong></span> <span class='ocrx_word' id='word_1_199' title='bbox 1361 1792 1455 1866; x_wconf 88' lang='lat' dir='ltr'><strong>atque</strong></span> <span class='ocrx_word' id='word_1_200' title='bbox 1482 1787 1657 1868; x_wconf 86' lang='lat' dir='ltr'><strong>adoptionis</strong></span> <span class='ocrx_word' id='word_1_201' title='bbox 1669 1786 1919 1850; x_wconf 81' lang='lat' dir='ltr'><strong>bonumeamn·</strong></span> <span class='ocrx_word' id='word_1_202' title='bbox 1990 1798 1991 1883; x_wconf 54' lang='lat' dir='ltr'><strong>l</strong></span> 
     </span>
     <span class='ocr_line' id='line_1_17' title="bbox 336 1874 1919 1962; baseline -0.002 -19"><span class='ocrx_word' id='word_1_203' title='bbox 336 1900 454 1957; x_wconf 90' lang='lat' dir='ltr'><strong>nerem,</strong></span> <span class='ocrx_word' id='word_1_204' title='bbox 464 1903 586 1946; x_wconf 90' lang='lat' dir='ltr'><strong>necesse</strong></span> <span class='ocrx_word' id='word_1_205' title='bbox 595 1902 660 1946; x_wconf 92' lang='lat' dir='ltr'><strong>non</strong></span> <span class='ocrx_word' id='word_1_206' title='bbox 669 1896 758 1960; x_wconf 89' lang='lat' dir='ltr'><strong>esset,</strong></span> <span class='ocrx_word' id='word_1_207' title='bbox 769 1884 974 1956; x_wconf 87' lang='lat' dir='ltr'><strong>sanctitatem,</strong></span> <span class='ocrx_word' id='word_1_208' title='bbox 983 1881 1104 1962; x_wconf 87' lang='lat' dir='ltr'><strong>aliaque</strong></span> <span class='ocrx_word' id='word_1_209' title='bbox 1154 1874 1271 1936; x_wconf 84' lang='lat' dir='ltr'><strong>ditione</strong></span> <span class='ocrx_word' id='word_1_210' title='bbox 1290 1879 1495 1957; x_wconf 85' lang='lat' dir='ltr'><strong>promittitur,</strong></span> <span class='ocrx_word' id='word_1_211' title='bbox 1519 1886 1612 1960; x_wconf 87' lang='lat' dir='ltr'><strong>atque</strong></span> <span class='ocrx_word' id='word_1_212' title='bbox 1635 1879 1817 1960; x_wconf 80' lang='lat' dir='ltr'><strong>obligatur3</strong></span> <span class='ocrx_word' id='word_1_213' title='bbox 1840 1886 1919 1941; x_wconf 88' lang='lat' dir='ltr'><strong>utne</strong></span> 
     </span>
     <span class='ocr_line' id='line_1_18' title="bbox 336 1970 1991 2069; baseline -0.002 -34"><span class='ocrx_word' id='word_1_214' title='bbox 336 1992 471 2055; x_wconf 88' lang='lat' dir='ltr'><strong>superna</strong></span> <span class='ocrx_word' id='word_1_215' title='bbox 483 1976 566 2038; x_wconf 90' lang='lat' dir='ltr'><strong>bona</strong></span> <span class='ocrx_word' id='word_1_216' title='bbox 583 1976 685 2056; x_wconf 88' lang='lat' dir='ltr'><strong>primo</strong></span> <span class='ocrx_word' id='word_1_217' title='bbox 705 1975 826 2036; x_wconf 90' lang='lat' dir='ltr'><strong>bomini</strong></span> <span class='ocrx_word' id='word_1_218' title='bbox 845 1976 966 2051; x_wconf 74' lang='lat' dir='ltr'><strong>cossam,</strong></span> <span class='ocrx_word' id='word_1_219' title='bbox 985 1994 1005 2035; x_wconf 88' lang='lat' dir='ltr'><strong>a</strong></span> <span class='ocrx_word' id='word_1_220' title='bbox 1018 1992 1103 2036; x_wconf 82' lang='lat' dir='ltr'><strong>orea-</strong></span> <span class='ocrx_word' id='word_1_221' title='bbox 1155 1985 1218 2047; x_wconf 81' lang='lat' dir='ltr'><strong>q110</strong></span> <span class='ocrx_word' id='word_1_222' title='bbox 1231 1973 1385 2040; x_wconf 67' lang='lat' dir='ltr'><strong>teneatur,</strong></span> <span class='ocrx_word' id='word_1_223' title='bbox 1398 1970 1448 2033; x_wconf 82' lang='lat' dir='ltr'><strong>vel</strong></span> <span class='ocrx_word' id='word_1_224' title='bbox 1457 1972 1594 2053; x_wconf 79' lang='lat' dir='ltr'><strong>proprio,</strong></span> <span class='ocrx_word' id='word_1_225' title='bbox 1607 1972 1657 2033; x_wconf 78' lang='lat' dir='ltr'><strong>vel</strong></span> <span class='ocrx_word' id='word_1_226' title='bbox 1671 1971 1917 2052; x_wconf 79' lang='lat' dir='ltr'><strong>alienopacoan:</strong></span> <span class='ocrx_word' id='word_1_227' title='bbox 1990 2032 1991 2069; x_wconf 49' lang='lat'><strong>,</strong></span> 
     </span>
     <span class='ocr_line' id='line_1_19' title="bbox 335 2062 1991 2148; baseline -0.002 -21"><span class='ocrx_word' id='word_1_228' title='bbox 335 2066 442 2142; x_wconf 90' lang='lat' dir='ltr'><strong>tionis,</strong></span> <span class='ocrx_word' id='word_1_229' title='bbox 456 2073 488 2129; x_wconf 88' lang='lat' dir='ltr'><strong>et</strong></span> <span class='ocrx_word' id='word_1_230' title='bbox 502 2075 623 2129; x_wconf 87' lang='lat' dir='ltr'><strong>naturae</strong></span> <span class='ocrx_word' id='word_1_231' title='bbox 636 2068 720 2128; x_wconf 91' lang='lat' dir='ltr'><strong>bono</strong></span> <span class='ocrx_word' id='word_1_232' title='bbox 732 2068 827 2129; x_wconf 88' lang='lat' dir='ltr'><strong>etiam</strong></span> <span class='ocrx_word' id='word_1_233' title='bbox 839 2074 980 2148; x_wconf 86' lang='lat' dir='ltr'><strong>tempore</strong></span> <span class='ocrx_word' id='word_1_234' title='bbox 999 2066 1105 2128; x_wconf 91' lang='lat' dir='ltr'><strong>distin·</strong></span> <span class='ocrx_word' id='word_1_235' title='bbox 1155 2064 1318 2140; x_wconf 87' lang='lat' dir='ltr'><strong>propterea</strong></span> <span class='ocrx_word' id='word_1_236' title='bbox 1328 2062 1476 2143; x_wconf 78' lang='lat' dir='ltr'><strong>frequens</strong></span> <span class='ocrx_word' id='word_1_237' title='bbox 1489 2070 1536 2125; x_wconf 91' lang='lat' dir='ltr'><strong>est</strong></span> <span class='ocrx_word' id='word_1_238' title='bbox 1548 2064 1632 2145; x_wconf 90' lang='lat' dir='ltr'><strong>apud</strong></span> <span class='ocrx_word' id='word_1_239' title='bbox 1650 2064 1863 2145; x_wconf 88' lang='lat' dir='ltr'><strong>Augustinum</strong></span> <span class='ocrx_word' id='word_1_240' title='bbox 1874 2064 1920 2124; x_wconf 86' lang='lat' dir='ltr'><strong>illa</strong></span> <span class='ocrx_word' id='word_1_241' title='bbox 1990 2074 1991 2111; x_wconf 60' lang='lat' dir='ltr'><strong>l</strong></span> 
     </span>
     <span class='ocr_line' id='line_1_20' title="bbox 335 2154 1991 2239; baseline -0.001 -21"><span class='ocrx_word' id='word_1_242' title='bbox 335 2176 451 2237; x_wconf 90' lang='lat' dir='ltr'><strong>guere;</strong></span> <span class='ocrx_word' id='word_1_243' title='bbox 476 2159 539 2220; x_wconf 90' lang='lat' dir='ltr'><strong>alia</strong></span> <span class='ocrx_word' id='word_1_244' title='bbox 563 2164 668 2221; x_wconf 90' lang='lat' dir='ltr'><strong>autem</strong></span> <span class='ocrx_word' id='word_1_245' title='bbox 688 2159 766 2220; x_wconf 89' lang='lat' dir='ltr'><strong>mibi</strong></span> <span class='ocrx_word' id='word_1_246' title='bbox 781 2160 879 2221; x_wconf 88' lang='lat' dir='ltr'><strong>multa</strong></span> <span class='ocrx_word' id='word_1_247' title='bbox 906 2164 1106 2239; x_wconf 86' lang='lat' dir='ltr'><strong>suppeterent</strong></span> <span class='ocrx_word' id='word_1_248' title='bbox 1156 2154 1333 2232; x_wconf 74' lang='lat' dir='ltr'><strong>sententia,</strong></span> <span class='ocrx_word' id='word_1_249' title='bbox 1365 2176 1381 2213; x_wconf 80' lang='lat' dir='ltr'><strong>o</strong></span> <span class='ocrx_word' id='word_1_250' title='bbox 1416 2157 1545 2217; x_wconf 83' lang='lat' dir='ltr'><strong>Peccata</strong></span> <span class='ocrx_word' id='word_1_251' title='bbox 1578 2156 1644 2218; x_wconf 87' lang='lat' dir='ltr'><strong>sola</strong></span> <span class='ocrx_word' id='word_1_252' title='bbox 1674 2162 1824 2237; x_wconf 87' lang='lat' dir='ltr'><strong>separant</strong></span> <span class='ocrx_word' id='word_1_253' title='bbox 1849 2157 1921 2217; x_wconf 89' lang='lat' dir='ltr'><strong>inter</strong></span> <span class='ocrx_word' id='word_1_254' title='bbox 1990 2170 1991 2173; x_wconf 73' lang='grc'>’</span> 
     </span>
     <span class='ocr_line' id='line_1_21' title="bbox 247 2244 1991 2331; baseline -0.003 -18"><span class='ocrx_word' id='word_1_255' title='bbox 247 2298 254 2313; x_wconf 98' lang='grc'><strong>.</strong></span> <span class='ocrx_word' id='word_1_256' title='bbox 336 2255 403 2311; x_wconf 88' lang='lat' dir='ltr'><strong>tum</strong></span> <span class='ocrx_word' id='word_1_257' title='bbox 427 2250 512 2330; x_wconf 89' lang='lat' dir='ltr'><strong>apud</strong></span> <span class='ocrx_word' id='word_1_258' title='bbox 538 2251 760 2329; x_wconf 89' lang='lat' dir='ltr'><strong>Augustinum,</strong></span> <span class='ocrx_word' id='word_1_259' title='bbox 789 2257 859 2312; x_wconf 87' lang='lat' dir='ltr'><strong>tum</strong></span> <span class='ocrx_word' id='word_1_260' title='bbox 886 2250 970 2331; x_wconf 86' lang='lat' dir='ltr'><strong>apud</strong></span> <span class='ocrx_word' id='word_1_261' title='bbox 996 2268 1105 2312; x_wconf 90' lang='lat' dir='ltr'><strong>omnes</strong></span> <span class='ocrx_word' id='word_1_262' title='bbox 1155 2244 1318 2321; x_wconf 90' lang='lat' dir='ltr'><strong>bomines,</strong></span> <span class='ocrx_word' id='word_1_263' title='bbox 1340 2251 1372 2307; x_wconf 86' lang='lat' dir='ltr'><strong>et</strong></span> <span class='ocrx_word' id='word_1_264' title='bbox 1389 2247 1499 2310; x_wconf 87' lang='lat' dir='ltr'><strong>Deum.</strong></span> <span class='ocrx_word' id='word_1_265' title='bbox 1515 2268 1531 2306; x_wconf 78' lang='lat' dir='ltr'><strong>a</strong></span> <span class='ocrx_word' id='word_1_266' title='bbox 1549 2249 1615 2308; x_wconf 91' lang='lat' dir='ltr'><strong>lmo</strong></span> <span class='ocrx_word' id='word_1_267' title='bbox 1635 2267 1710 2310; x_wconf 82' lang='lat' dir='ltr'><strong>vero</strong></span> <span class='ocrx_word' id='word_1_268' title='bbox 1731 2248 1768 2309; x_wconf 93' lang='lat' dir='ltr'><strong>in</strong></span> <span class='ocrx_word' id='word_1_269' title='bbox 1786 2249 1837 2309; x_wconf 91' lang='lat' dir='ltr'><strong>bis</strong></span> <span class='ocrx_word' id='word_1_270' title='bbox 1856 2248 1918 2328; x_wconf 82' lang='lat' dir='ltr'><strong>ipsis</strong></span> <span class='ocrx_word' id='word_1_271' title='bbox 1990 2250 1991 2327; x_wconf 85' lang='lat' dir='ltr'>j</span> 
     </span>
     <span class='ocr_line' id='line_1_22' title="bbox 337 2335 1991 2433; baseline 0.001 -33"><span class='ocrx_word' id='word_1_272' title='bbox 337 2357 440 2401; x_wconf 85' lang='lat' dir='ltr'><strong>saeros</strong></span> <span class='ocrx_word' id='word_1_273' title='bbox 466 2339 642 2419; x_wconf 87' lang='lat' dir='ltr'><strong>scriptores,</strong></span> <span class='ocrx_word' id='word_1_274' title='bbox 667 2340 781 2419; x_wconf 88' lang='lat' dir='ltr'><strong>quibus</strong></span> <span class='ocrx_word' id='word_1_275' title='bbox 799 2339 832 2400; x_wconf 92' lang='lat' dir='ltr'><strong>in</strong></span> <span class='ocrx_word' id='word_1_276' title='bbox 855 2340 893 2400; x_wconf 91' lang='lat' dir='ltr'><strong>iis</strong></span> <span class='ocrx_word' id='word_1_277' title='bbox 910 2338 1000 2399; x_wconf 91' lang='lat' dir='ltr'><strong>bonis</strong></span> <span class='ocrx_word' id='word_1_278' title='bbox 1013 2339 1106 2400; x_wconf 89' lang='lat' dir='ltr'><strong>ratic-</strong></span> <span class='ocrx_word' id='word_1_279' title='bbox 1156 2335 1233 2397; x_wconf 91' lang='lat' dir='ltr'><strong>locis</strong></span> <span class='ocrx_word' id='word_1_280' title='bbox 1253 2337 1343 2399; x_wconf 92' lang='lat' dir='ltr'><strong>nobis</strong></span> <span class='ocrx_word' id='word_1_281' title='bbox 1356 2338 1497 2418; x_wconf 84' lang='lat' dir='ltr'><strong>objectis,</strong></span> <span class='ocrx_word' id='word_1_282' title='bbox 1512 2358 1579 2401; x_wconf 88' lang='lat' dir='ltr'><strong>non</strong></span> <span class='ocrx_word' id='word_1_283' title='bbox 1589 2340 1664 2402; x_wconf 87' lang='lat' dir='ltr'><strong>alias</strong></span> <span class='ocrx_word' id='word_1_284' title='bbox 1676 2340 1768 2403; x_wconf 84' lang='lat' dir='ltr'><strong>affert</strong></span> <span class='ocrx_word' id='word_1_285' title='bbox 1781 2343 1916 2415; x_wconf 84' lang='lat' dir='ltr'><strong>rationes,</strong></span> <span class='ocrx_word' id='word_1_286' title='bbox 1990 2412 1991 2433; x_wconf 13' lang='grc' dir='ltr'>χ</span> 
     </span>
     <span class='ocr_line' id='line_1_23' title="bbox 336 2429 1991 2527; baseline 0.001 -35"><span class='ocrx_word' id='word_1_287' title='bbox 336 2450 410 2492; x_wconf 89' lang='lat' dir='ltr'><strong>nem</strong></span> <span class='ocrx_word' id='word_1_288' title='bbox 436 2430 535 2493; x_wconf 89' lang='lat' dir='ltr'><strong>inesse</strong></span> <span class='ocrx_word' id='word_1_289' title='bbox 562 2430 704 2493; x_wconf 81' lang='lat' dir='ltr'><strong>beneficii</strong></span> <span class='ocrx_word' id='word_1_290' title='bbox 730 2430 869 2512; x_wconf 87' lang='lat' dir='ltr'><strong>specialis</strong></span> <span class='ocrx_word' id='word_1_291' title='bbox 899 2450 936 2492; x_wconf 91' lang='lat' dir='ltr'><strong>ac</strong></span> <span class='ocrx_word' id='word_1_292' title='bbox 968 2448 1050 2493; x_wconf 73' lang='lat' dir='ltr'><strong>verse</strong></span> <span class='ocrx_word' id='word_1_293' title='bbox 1075 2437 1106 2492; x_wconf 89' lang='lat' dir='ltr'><strong>et</strong></span> <span class='ocrx_word' id='word_1_294' title='bbox 1156 2446 1261 2508; x_wconf 86' lang='lat' dir='ltr'><strong>quam,</strong></span> <span class='ocrx_word' id='word_1_295' title='bbox 1277 2429 1361 2509; x_wconf 90' lang='lat' dir='ltr'><strong>quod</strong></span> <span class='ocrx_word' id='word_1_296' title='bbox 1379 2430 1549 2492; x_wconf 80' lang='lat' dir='ltr'><strong>«ambolus</strong></span> <span class='ocrx_word' id='word_1_297' title='bbox 1561 2431 1672 2493; x_wconf 88' lang='lat' dir='ltr'><strong>eadem</strong></span> <span class='ocrx_word' id='word_1_298' title='bbox 1685 2438 1917 2493; x_wconf 86' lang='lat' dir='ltr'><strong>estcansaoom·</strong></span> <span class='ocrx_word' id='word_1_299' title='bbox 1990 2468 1991 2527; x_wconf 50' lang='lat' dir='ltr'><strong>p</strong></span> 
     </span>
     <span class='ocr_line' id='line_1_24' title="bbox 335 2521 1991 2605; baseline 0.001 -21"><span class='ocrx_word' id='word_1_300' title='bbox 335 2523 632 2604; x_wconf 81' lang='lat' dir='ltr'><strong>theologicaegratiae</strong></span> <span class='ocrx_word' id='word_1_301' title='bbox 645 2523 888 2586; x_wconf 88' lang='lat' dir='ltr'><strong>luculentissime</strong></span> <span class='ocrx_word' id='word_1_302' title='bbox 898 2523 1103 2585; x_wconf 87' lang='lat' dir='ltr'><strong>ostenderem.</strong></span> <span class='ocrx_word' id='word_1_303' title='bbox 1156 2521 1261 2581; x_wconf 89' lang='lat' dir='ltr'><strong>munis</strong></span> <span class='ocrx_word' id='word_1_304' title='bbox 1276 2540 1283 2581; x_wconf 77' lang='grc' dir='ltr'><strong>ε</strong></span> <span class='ocrx_word' id='word_1_305' title='bbox 1300 2542 1316 2579; x_wconf 80' lang='lat' dir='ltr'><strong>o</strong></span> <span class='ocrx_word' id='word_1_306' title='bbox 1333 2522 1416 2601; x_wconf 92' lang='lat' dir='ltr'><strong>quod</strong></span> <span class='ocrx_word' id='word_1_307' title='bbox 1435 2540 1534 2584; x_wconf 72' lang='lat' dir='ltr'><strong>(ioum</strong></span> <span class='ocrx_word' id='word_1_308' title='bbox 1546 2524 1811 2604; x_wconf 84' lang='lat' dir='ltr'><strong>impedimentum</strong></span> <span class='ocrx_word' id='word_1_309' title='bbox 1826 2529 1917 2605; x_wconf 80' lang='lat' dir='ltr'><strong>potes-</strong></span> <span class='ocrx_word' id='word_1_310' title='bbox 1990 2544 1991 2551; x_wconf 50' lang='lat'>¹</span> 
     </span>
     <span class='ocr_line' id='line_1_25' title="bbox 1154 2612 1991 2689; baseline 0.006 -18"><span class='ocrx_word' id='word_1_311' title='bbox 1154 2613 1226 2672; x_wconf 90' lang='lat' dir='ltr'><strong>tatis</strong></span> <span class='ocrx_word' id='word_1_312' title='bbox 1235 2612 1360 2689; x_wconf 86' lang='lat' dir='ltr'><strong>divinae,</strong></span> <span class='ocrx_word' id='word_1_313' title='bbox 1371 2631 1436 2674; x_wconf 88' lang='lat' dir='ltr'><strong>nou</strong></span> <span class='ocrx_word' id='word_1_314' title='bbox 1445 2613 1598 2675; x_wconf 84' lang='lat' dir='ltr'><strong>referatur</strong></span> <span class='ocrx_word' id='word_1_315' title='bbox 1608 2616 1648 2676; x_wconf 90' lang='lat' dir='ltr'><strong>ad</strong></span> <span class='ocrx_word' id='word_1_316' title='bbox 1661 2616 1813 2677; x_wconf 89' lang='lat' dir='ltr'><strong>meritum</strong></span> <span class='ocrx_word' id='word_1_317' title='bbox 1821 2615 1917 2676; x_wconf 83' lang='lat' dir='ltr'><strong>volun</strong></span> <span class='ocrx_word' id='word_1_318' title='bbox 1990 2638 1991 2687; x_wconf 77' lang='lat' dir='ltr'><strong>l</strong></span> 
     </span>
     <span class='ocr_line' id='line_1_26' title="bbox 512 2694 1991 2798; baseline 0.002 -34"><span class='ocrx_word' id='word_1_319' title='bbox 512 2749 514 2753; x_wconf 76' lang='lat'><em>.</em></span> <span class='ocrx_word' id='word_1_320' title='bbox 599 2714 605 2721; x_wconf 81' lang='grc'><em>“</em></span> <span class='ocrx_word' id='word_1_321' title='bbox 663 2719 692 2798; x_wconf 68' lang='lat' dir='ltr'><strong>g,</strong></span> <span class='ocrx_word' id='word_1_322' title='bbox 715 2719 769 2781; x_wconf 67' lang='lat'><strong>111,</strong></span> <span class='ocrx_word' id='word_1_323' title='bbox 1154 2703 1574 2782; x_wconf 81' lang='lat' dir='ltr'><strong>tatishumanoe,certenulli</strong></span> <span class='ocrx_word' id='word_1_324' title='bbox 1584 2724 1694 2769; x_wconf 89' lang='lat' dir='ltr'><strong>eorum</strong></span> <span class='ocrx_word' id='word_1_325' title='bbox 1705 2707 1915 2787; x_wconf 87' lang='lat' dir='ltr'><strong>dicerepotest,</strong></span> <span class='ocrx_word' id='word_1_326' title='bbox 1990 2694 1991 2719; x_wconf 61' lang='lat'>¹</span> 
     </span>
     <span class='ocr_line' id='line_1_27' title="bbox 1154 2794 1914 2877; baseline 0.007 -22"><span class='ocrx_word' id='word_1_327' title='bbox 1154 2794 1241 2856; x_wconf 84' lang='lat' dir='ltr'><strong>volui</strong></span> <span class='ocrx_word' id='word_1_328' title='bbox 1253 2801 1284 2856; x_wconf 87' lang='lat' dir='ltr'><strong>ct</strong></span> <span class='ocrx_word' id='word_1_329' title='bbox 1297 2797 1446 2858; x_wconf 86' lang='lat' dir='ltr'><strong>noluisti:</strong></span> <span class='ocrx_word' id='word_1_330' title='bbox 1461 2798 1544 2877; x_wconf 91' lang='lat' dir='ltr'><strong>quod</strong></span> <span class='ocrx_word' id='word_1_331' title='bbox 1554 2816 1619 2860; x_wconf 90' lang='lat' dir='ltr'><strong>non</strong></span> <span class='ocrx_word' id='word_1_332' title='bbox 1634 2799 1914 2870; x_wconf 81' lang='lat' dir='ltr'><strong>condemnatlleos,</strong></span> 
     </span>
     <span class='ocr_line' id='line_1_28' title="bbox 375 2888 1991 2972; baseline -0.002 -19"><span class='ocrx_word' id='word_1_333' title='bbox 375 2892 482 2972; x_wconf 87' lang='lat' dir='ltr'><strong>ltaque</strong></span> <span class='ocrx_word' id='word_1_334' title='bbox 521 2890 562 2952; x_wconf 84' lang='lat' dir='ltr'><strong>ad</strong></span> <span class='ocrx_word' id='word_1_335' title='bbox 613 2889 753 2970; x_wconf 90' lang='lat' dir='ltr'><strong>primum</strong></span> <span class='ocrx_word' id='word_1_336' title='bbox 795 2889 988 2969; x_wconf 86' lang='lat' dir='ltr'><strong>respondeo,</strong></span> <span class='ocrx_word' id='word_1_337' title='bbox 1032 2908 1104 2950; x_wconf 90' lang='lat' dir='ltr'><strong>cum</strong></span> <span class='ocrx_word' id='word_1_338' title='bbox 1154 2888 1214 2947; x_wconf 89' lang='lat' dir='ltr'><strong>nisi</strong></span> <span class='ocrx_word' id='word_1_339' title='bbox 1226 2894 1362 2968; x_wconf 89' lang='lat' dir='ltr'><strong>spretus,</strong></span> <span class='ocrx_word' id='word_1_340' title='bbox 1385 2889 1462 2950; x_wconf 90' lang='lat' dir='ltr'><strong>etin</strong></span> <span class='ocrx_word' id='word_1_341' title='bbox 1476 2891 1612 2971; x_wconf 88' lang='lat' dir='ltr'><strong>parvulis</strong></span> <span class='ocrx_word' id='word_1_342' title='bbox 1623 2909 1696 2953; x_wconf 89' lang='lat' dir='ltr'><strong>eum</strong></span> <span class='ocrx_word' id='word_1_343' title='bbox 1708 2897 1848 2972; x_wconf 88' lang='lat' dir='ltr'><strong>spretum</strong></span> <span class='ocrx_word' id='word_1_344' title='bbox 1859 2909 1915 2951; x_wconf 91' lang='lat' dir='ltr'><strong>non</strong></span> <span class='ocrx_word' id='word_1_345' title='bbox 1990 2894 1991 2925; x_wconf 65' lang='lat'><strong>³</strong></span> 
     </span>
     <span class='ocr_line' id='line_1_29' title="bbox 335 2980 1913 3063; baseline -0.001 -19"><span class='ocrx_word' id='word_1_346' title='bbox 335 2984 556 3063; x_wconf 86' lang='lat' dir='ltr'><strong>Augustinum,</strong></span> <span class='ocrx_word' id='word_1_347' title='bbox 581 2988 651 3044; x_wconf 91' lang='lat' dir='ltr'><strong>tum</strong></span> <span class='ocrx_word' id='word_1_348' title='bbox 678 2982 877 3054; x_wconf 91' lang='lat' dir='ltr'><strong>Anselmum,</strong></span> <span class='ocrx_word' id='word_1_349' title='bbox 906 3000 964 3061; x_wconf 92' lang='lat' dir='ltr'><strong>pro</strong></span> <span class='ocrx_word' id='word_1_350' title='bbox 991 2981 1105 3061; x_wconf 90' lang='lat' dir='ltr'><strong>duplici</strong></span> <span class='ocrx_word' id='word_1_351' title='bbox 1154 2980 1304 3058; x_wconf 90' lang='lat' dir='ltr'><strong>invenies,</strong></span> <span class='ocrx_word' id='word_1_352' title='bbox 1319 2981 1382 3043; x_wconf 88' lang='lat' dir='ltr'><strong>nisi</strong></span> <span class='ocrx_word' id='word_1_353' title='bbox 1402 2999 1454 3043; x_wconf 91' lang='lat' dir='ltr'><strong>eos</strong></span> <span class='ocrx_word' id='word_1_354' title='bbox 1478 2981 1618 3044; x_wconf 85' lang='lat' dir='ltr'><strong>invenias</strong></span> <span class='ocrx_word' id='word_1_355' title='bbox 1643 2983 1678 3042; x_wconf 91' lang='lat' dir='ltr'><strong>in</strong></span> <span class='ocrx_word' id='word_1_356' title='bbox 1698 2984 1820 3045; x_wconf 80' lang='lat' dir='ltr'><strong>Adam:</strong></span> <span class='ocrx_word' id='word_1_357' title='bbox 1842 2982 1913 3062; x_wconf 90' lang='lat' dir='ltr'><strong>quod</strong></span> 
     </span>
     <span class='ocr_line' id='line_1_30' title="bbox 335 3070 1991 3155; baseline 0.002 -21"><span class='ocrx_word' id='word_1_358' title='bbox 335 3082 455 3136; x_wconf 78' lang='lat' dir='ltr'><strong>naturae</strong></span> <span class='ocrx_word' id='word_1_359' title='bbox 483 3080 579 3148; x_wconf 85' lang='lat' dir='ltr'><strong>statu,</strong></span> <span class='ocrx_word' id='word_1_360' title='bbox 613 3092 708 3154; x_wconf 88' lang='lat' dir='ltr'><strong>quam</strong></span> <span class='ocrx_word' id='word_1_361' title='bbox 731 3075 769 3135; x_wconf 92' lang='lat' dir='ltr'><strong>iis</strong></span> <span class='ocrx_word' id='word_1_362' title='bbox 795 3074 829 3134; x_wconf 90' lang='lat' dir='ltr'><strong>in</strong></span> <span class='ocrx_word' id='word_1_363' title='bbox 855 3073 931 3134; x_wconf 87' lang='lat' dir='ltr'><strong>locis</strong></span> <span class='ocrx_word' id='word_1_364' title='bbox 953 3079 1104 3153; x_wconf 85' lang='lat' dir='ltr'><strong>spectasse</strong></span> <span class='ocrx_word' id='word_1_365' title='bbox 1154 3071 1215 3134; x_wconf 91' lang='lat' dir='ltr'><strong>hoc</strong></span> <span class='ocrx_word' id='word_1_366' title='bbox 1229 3072 1417 3135; x_wconf 90' lang='lat' dir='ltr'><strong>beneficium</strong></span> <span class='ocrx_word' id='word_1_367' title='bbox 1435 3092 1453 3134; x_wconf 91' lang='lat' dir='ltr'><strong>a</strong></span> <span class='ocrx_word' id='word_1_368' title='bbox 1472 3092 1504 3136; x_wconf 88' lang='lat' dir='ltr'><strong>se</strong></span> <span class='ocrx_word' id='word_1_369' title='bbox 1527 3094 1593 3137; x_wconf 91' lang='lat' dir='ltr'><strong>non</strong></span> <span class='ocrx_word' id='word_1_370' title='bbox 1617 3075 1764 3155; x_wconf 89' lang='lat' dir='ltr'><strong>prohibet</strong></span> <span class='ocrx_word' id='word_1_371' title='bbox 1784 3077 1915 3136; x_wconf 80' lang='lat' dir='ltr'><strong>voluntas</strong></span> <span class='ocrx_word' id='word_1_372' title='bbox 1990 3070 1991 3137; x_wconf 75' lang='lat' dir='ltr'><strong>l</strong></span> 
     </span>
     <span class='ocr_line' id='line_1_31' title="bbox 335 3165 1914 3246; baseline 0.002 -20"><span class='ocrx_word' id='word_1_373' title='bbox 335 3165 1100 3246; x_wconf 87' lang='lat' dir='ltr'><strong>potuerunt,dupliciterquoqneesseaccipiendos:</strong></span> <span class='ocrx_word' id='word_1_374' title='bbox 1155 3166 1307 3227; x_wconf 90' lang='lat' dir='ltr'><strong>contraria</strong></span> <span class='ocrx_word' id='word_1_375' title='bbox 1328 3166 1556 3246; x_wconf 80' lang='lat' dir='ltr'><strong>paruulorum:</strong></span> <span class='ocrx_word' id='word_1_376' title='bbox 1584 3189 1600 3226; x_wconf 86' lang='lat' dir='ltr'><strong>n</strong></span> <span class='ocrx_word' id='word_1_377' title='bbox 1631 3185 1702 3246; x_wconf 89' lang='lat' dir='ltr'><strong>quae</strong></span> <span class='ocrx_word' id='word_1_378' title='bbox 1727 3187 1795 3229; x_wconf 92' lang='lat' dir='ltr'><strong>non</strong></span> <span class='ocrx_word' id='word_1_379' title='bbox 1821 3183 1914 3229; x_wconf 84' lang='lat' dir='ltr'><strong>rerum</strong></span> 
     </span>
     <span class='ocr_line' id='line_1_32' title="bbox 335 3257 1991 3337; baseline 0.001 -19"><span class='ocrx_word' id='word_1_380' title='bbox 335 3263 371 3318; x_wconf 87' lang='lat' dir='ltr'><strong>ut</strong></span> <span class='ocrx_word' id='word_1_381' title='bbox 392 3258 503 3319; x_wconf 72' lang='lat' dir='ltr'><strong>vidum</strong></span> <span class='ocrx_word' id='word_1_382' title='bbox 530 3257 657 3336; x_wconf 89' lang='lat' dir='ltr'><strong>quidem</strong></span> <span class='ocrx_word' id='word_1_383' title='bbox 682 3258 721 3317; x_wconf 88' lang='lat' dir='ltr'><strong>sit</strong></span> <span class='ocrx_word' id='word_1_384' title='bbox 743 3265 864 3318; x_wconf 76' lang='lat' dir='ltr'><strong>naturae</strong></span> <span class='ocrx_word' id='word_1_385' title='bbox 886 3257 1046 3319; x_wconf 88' lang='lat' dir='ltr'><strong>rationalis</strong></span> <span class='ocrx_word' id='word_1_386' title='bbox 1069 3258 1102 3317; x_wconf 91' lang='lat' dir='ltr'><strong>in</strong></span> <span class='ocrx_word' id='word_1_387' title='bbox 1154 3257 1293 3337; x_wconf 89' lang='lat' dir='ltr'><strong>ipsarum</strong></span> <span class='ocrx_word' id='word_1_388' title='bbox 1307 3264 1432 3332; x_wconf 76' lang='lat' dir='ltr'><strong>natiue,</strong></span> <span class='ocrx_word' id='word_1_389' title='bbox 1454 3259 1507 3320; x_wconf 87' lang='lat' dir='ltr'><strong>scd</strong></span> <span class='ocrx_word' id='word_1_390' title='bbox 1534 3259 1591 3320; x_wconf 88' lang='lat' dir='ltr'><strong>Dei</strong></span> <span class='ocrx_word' id='word_1_391' title='bbox 1612 3259 1745 3321; x_wconf 85' lang='lat' dir='ltr'><strong>decretis</strong></span> <span class='ocrx_word' id='word_1_392' title='bbox 1771 3260 1912 3321; x_wconf 72' lang='lat' dir='ltr'><strong>nituntur.</strong></span> <span class='ocrx_word' id='word_1_393' title='bbox 1990 3272 1991 3331; x_wconf 74' lang='lat' dir='ltr'><strong>l</strong></span> 
     </span>
     <span class='ocr_line' id='line_1_33' title="bbox 335 3336 1991 3432; baseline -0.002 -22"><span class='ocrx_word' id='word_1_394' title='bbox 335 3356 467 3431; x_wconf 88' lang='lat' dir='ltr'><strong>utroque</strong></span> <span class='ocrx_word' id='word_1_395' title='bbox 490 3355 571 3411; x_wconf 85' lang='lat' dir='ltr'><strong>statu</strong></span> <span class='ocrx_word' id='word_1_396' title='bbox 585 3351 647 3411; x_wconf 88' lang='lat' dir='ltr'><strong>Deo</strong></span> <span class='ocrx_word' id='word_1_397' title='bbox 666 3367 732 3410; x_wconf 91' lang='lat' dir='ltr'><strong>non</strong></span> <span class='ocrx_word' id='word_1_398' title='bbox 756 3350 915 3410; x_wconf 70' lang='lat' dir='ltr'><strong>adherere</strong></span> <span class='ocrx_word' id='word_1_399' title='bbox 934 3368 990 3431; x_wconf 89' lang='lat' dir='ltr'><strong>per</strong></span> <span class='ocrx_word' id='word_1_400' title='bbox 1004 3349 1102 3410; x_wconf 88' lang='lat' dir='ltr'><strong>chari·</strong></span> <span class='ocrx_word' id='word_1_401' title='bbox 1155 3349 1243 3422; x_wconf 84' lang='lat' dir='ltr'><strong>Quod</strong></span> <span class='ocrx_word' id='word_1_402' title='bbox 1267 3349 1294 3410; x_wconf 90' lang='lat' dir='ltr'><strong>si</strong></span> <span class='ocrx_word' id='word_1_403' title='bbox 1315 3350 1391 3410; x_wconf 87' lang='lat' dir='ltr'><strong>velis</strong></span> <span class='ocrx_word' id='word_1_404' title='bbox 1416 3352 1627 3428; x_wconf 87' lang='lat' dir='ltr'><strong>Augustinum</strong></span> <span class='ocrx_word' id='word_1_405' title='bbox 1653 3369 1703 3412; x_wconf 88' lang='lat' dir='ltr'><strong>res</strong></span> <span class='ocrx_word' id='word_1_406' title='bbox 1732 3352 1830 3432; x_wconf 90' lang='lat' dir='ltr'><strong>ipsas,</strong></span> <span class='ocrx_word' id='word_1_407' title='bbox 1858 3368 1913 3411; x_wconf 94' lang='lat' dir='ltr'><strong>non</strong></span> <span class='ocrx_word' id='word_1_408' title='bbox 1990 3336 1991 3407; x_wconf 79' lang='lat' dir='ltr'><strong>l</strong></span> 
     </span>
     <span class='ocr_line' id='line_1_34' title="bbox 334 3441 1910 3522; baseline 0.002 -21"><span class='ocrx_word' id='word_1_409' title='bbox 334 3447 451 3504; x_wconf 89' lang='lat' dir='ltr'><strong>tatem:</strong></span> <span class='ocrx_word' id='word_1_410' title='bbox 467 3442 512 3503; x_wconf 90' lang='lat' dir='ltr'><strong>ita</strong></span> <span class='ocrx_word' id='word_1_411' title='bbox 523 3448 629 3503; x_wconf 88' lang='lat' dir='ltr'><strong>tamen</strong></span> <span class='ocrx_word' id='word_1_412' title='bbox 642 3447 689 3518; x_wconf 91' lang='lat' dir='ltr'><strong>ut,</strong></span> <span class='ocrx_word' id='word_1_413' title='bbox 710 3441 736 3501; x_wconf 91' lang='lat' dir='ltr'><strong>si</strong></span> <span class='ocrx_word' id='word_1_414' title='bbox 748 3442 788 3502; x_wconf 93' lang='lat' dir='ltr'><strong>ad</strong></span> <span class='ocrx_word' id='word_1_415' title='bbox 811 3442 908 3502; x_wconf 90' lang='lat' dir='ltr'><strong>finem</strong></span> <span class='ocrx_word' id='word_1_416' title='bbox 922 3446 1105 3521; x_wconf 88' lang='lat' dir='ltr'><strong>supernatu—</strong></span> <span class='ocrx_word' id='word_1_417' title='bbox 1155 3442 1280 3503; x_wconf 86' lang='lat' dir='ltr'><strong>decreta</strong></span> <span class='ocrx_word' id='word_1_418' title='bbox 1292 3448 1470 3522; x_wconf 89' lang='lat' dir='ltr'><strong>sequutum,</strong></span> <span class='ocrx_word' id='word_1_419' title='bbox 1493 3449 1529 3505; x_wconf 78' lang='lat' dir='ltr'><strong>et</strong></span> <span class='ocrx_word' id='word_1_420' title='bbox 1543 3443 1677 3520; x_wconf 92' lang='lat' dir='ltr'><strong>homini,</strong></span> <span class='ocrx_word' id='word_1_421' title='bbox 1692 3449 1728 3504; x_wconf 84' lang='lat' dir='ltr'><strong>ut</strong></span> <span class='ocrx_word' id='word_1_422' title='bbox 1748 3445 1843 3506; x_wconf 90' lang='lat' dir='ltr'><strong>homo</strong></span> <span class='ocrx_word' id='word_1_423' title='bbox 1863 3449 1910 3517; x_wconf 76' lang='lat' dir='ltr'><strong>eat,</strong></span> 
     </span>
     <span class='ocr_line' id='line_1_35' title="bbox 335 3526 1991 3615; baseline 0.001 -22"><span class='ocrx_word' id='word_1_424' title='bbox 335 3533 522 3594; x_wconf 89' lang='lat' dir='ltr'><strong>ralemolim</strong></span> <span class='ocrx_word' id='word_1_425' title='bbox 549 3539 653 3595; x_wconf 85' lang='lat' dir='ltr'><strong>evecta</strong></span> <span class='ocrx_word' id='word_1_426' title='bbox 675 3533 732 3609; x_wconf 87' lang='lat' dir='ltr'><strong>sit;</strong></span> <span class='ocrx_word' id='word_1_427' title='bbox 748 3534 861 3595; x_wconf 88' lang='lat' dir='ltr'><strong>vitium</strong></span> <span class='ocrx_word' id='word_1_428' title='bbox 882 3534 979 3613; x_wconf 91' lang='lat' dir='ltr'><strong>ipsius</strong></span> <span class='ocrx_word' id='word_1_429' title='bbox 993 3533 1045 3607; x_wconf 88' lang='lat' dir='ltr'><strong>sit,</strong></span> <span class='ocrx_word' id='word_1_430' title='bbox 1068 3551 1104 3593; x_wconf 88' lang='lat' dir='ltr'><strong>ea</strong></span> <span class='ocrx_word' id='word_1_431' title='bbox 1155 3533 1440 3595; x_wconf 83' lang='lat' dir='ltr'><strong>seciusisbisetiam</strong></span> <span class='ocrx_word' id='word_1_432' title='bbox 1453 3534 1782 3615; x_wconf 81' lang='lat' dir='ltr'><strong>divinaeprovidentiae</strong></span> <span class='ocrx_word' id='word_1_433' title='bbox 1795 3537 1909 3615; x_wconf 74' lang='lat' dir='ltr'><strong>legibus,</strong></span> <span class='ocrx_word' id='word_1_434' title='bbox 1990 3526 1991 3581; x_wconf 75' lang='lat' dir='ltr'><strong>i</strong></span> 
     </span>
     <span class='ocr_line' id='line_1_36' title="bbox 336 3592 1991 3708; baseline 0.001 -23"><span class='ocrx_word' id='word_1_435' title='bbox 336 3625 484 3685; x_wconf 86' lang='lat' dir='ltr'><strong>charitate</strong></span> <span class='ocrx_word' id='word_1_436' title='bbox 508 3642 624 3699; x_wconf 87' lang='lat' dir='ltr'><strong>carere,</strong></span> <span class='ocrx_word' id='word_1_437' title='bbox 648 3642 717 3703; x_wconf 77' lang='lat' dir='ltr'><strong>quae</strong></span> <span class='ocrx_word' id='word_1_438' title='bbox 740 3625 824 3685; x_wconf 88' lang='lat' dir='ltr'><strong>illius</strong></span> <span class='ocrx_word' id='word_1_439' title='bbox 851 3631 897 3686; x_wconf 87' lang='lat' dir='ltr'><strong>cst</strong></span> <span class='ocrx_word' id='word_1_440' title='bbox 919 3625 1049 3699; x_wconf 90' lang='lat' dir='ltr'><strong>ordinis,</strong></span> <span class='ocrx_word' id='word_1_441' title='bbox 1065 3625 1104 3685; x_wconf 90' lang='lat' dir='ltr'><strong>ad</strong></span> <span class='ocrx_word' id='word_1_442' title='bbox 1155 3625 1292 3687; x_wconf 86' lang='lat' dir='ltr'><strong>debitam</strong></span> <span class='ocrx_word' id='word_1_443' title='bbox 1307 3631 1430 3704; x_wconf 85' lang='lat' dir='ltr'><strong>putasse</strong></span> <span class='ocrx_word' id='word_1_444' title='bbox 1443 3628 1637 3688; x_wconf 84' lang='lat' dir='ltr'><strong>sanctitatem</strong></span> <span class='ocrx_word' id='word_1_445' title='bbox 1651 3632 1683 3688; x_wconf 90' lang='lat' dir='ltr'><strong>et</strong></span> <span class='ocrx_word' id='word_1_446' title='bbox 1697 3629 1908 3708; x_wconf 76' lang='lat' dir='ltr'><strong>adoptioncm3</strong></span> <span class='ocrx_word' id='word_1_447' title='bbox 1990 3592 1991 3657; x_wconf 64' lang='lat' dir='ltr'><strong>i</strong></span> 
     </span>
     <span class='ocr_line' id='line_1_37' title="bbox 337 3715 1911 3800; baseline 0 -22"><span class='ocrx_word' id='word_1_448' title='bbox 337 3734 471 3796; x_wconf 89' lang='lat' dir='ltr'><strong>eumque</strong></span> <span class='ocrx_word' id='word_1_449' title='bbox 485 3716 582 3777; x_wconf 88' lang='lat' dir='ltr'><strong>finem</strong></span> <span class='ocrx_word' id='word_1_450' title='bbox 596 3716 754 3792; x_wconf 63' lang='lat' dir='ltr'><strong>conductu</strong></span> <span class='ocrx_word' id='word_1_451' title='bbox 776 3717 824 3776; x_wconf 89' lang='lat' dir='ltr'><strong>sin</strong></span> <span class='ocrx_word' id='word_1_452' title='bbox 837 3734 912 3777; x_wconf 79' lang='lat' dir='ltr'><strong>vero</strong></span> <span class='ocrx_word' id='word_1_453' title='bbox 927 3735 963 3777; x_wconf 91' lang='lat' dir='ltr'><strong>eo</strong></span> <span class='ocrx_word' id='word_1_454' title='bbox 977 3715 1052 3791; x_wconf 92' lang='lat' dir='ltr'><strong>loci,</strong></span> <span class='ocrx_word' id='word_1_455' title='bbox 1068 3736 1104 3778; x_wconf 92' lang='lat' dir='ltr'><strong>ac</strong></span> <span class='ocrx_word' id='word_1_456' title='bbox 1151 3718 1219 3796; x_wconf 86' lang='lat' dir='ltr'><strong>jam</strong></span> <span class='ocrx_word' id='word_1_457' title='bbox 1236 3718 1423 3780; x_wconf 87' lang='lat' dir='ltr'><strong>acerrimum</strong></span> <span class='ocrx_word' id='word_1_458' title='bbox 1438 3719 1527 3780; x_wconf 89' lang='lat' dir='ltr'><strong>illum</strong></span> <span class='ocrx_word' id='word_1_459' title='bbox 1549 3720 1663 3780; x_wconf 77' lang='lat' dir='ltr'><strong>divinae</strong></span> <span class='ocrx_word' id='word_1_460' title='bbox 1679 3721 1789 3799; x_wconf 84' lang='lat' dir='ltr'><strong>gratiae</strong></span> <span class='ocrx_word' id='word_1_461' title='bbox 1807 3736 1911 3800; x_wconf 86' lang='lat' dir='ltr'><strong>propu-</strong></span> 
     </span>
     <span class='ocr_line' id='line_1_38' title="bbox 336 3808 1910 3892; baseline 0.003 -22"><span class='ocrx_word' id='word_1_462' title='bbox 336 3809 494 3889; x_wconf 88' lang='lat' dir='ltr'><strong>dignitatis</strong></span> <span class='ocrx_word' id='word_1_463' title='bbox 515 3814 619 3870; x_wconf 90' lang='lat' dir='ltr'><strong>evecta</strong></span> <span class='ocrx_word' id='word_1_464' title='bbox 633 3826 697 3869; x_wconf 92' lang='lat' dir='ltr'><strong>non</strong></span> <span class='ocrx_word' id='word_1_465' title='bbox 712 3808 770 3884; x_wconf 88' lang='lat' dir='ltr'><strong>sit;</strong></span> <span class='ocrx_word' id='word_1_466' title='bbox 787 3808 862 3868; x_wconf 84' lang='lat' dir='ltr'><strong>vitio</strong></span> <span class='ocrx_word' id='word_1_467' title='bbox 878 3808 937 3887; x_wconf 91' lang='lat' dir='ltr'><strong>ipsi</strong></span> <span class='ocrx_word' id='word_1_468' title='bbox 951 3813 1103 3887; x_wconf 84' lang='lat' dir='ltr'><strong>vertatur,</strong></span> <span class='ocrx_word' id='word_1_469' title='bbox 1155 3817 1328 3890; x_wconf 86' lang='lat' dir='ltr'><strong>gnatorem,</strong></span> <span class='ocrx_word' id='word_1_470' title='bbox 1340 3831 1376 3873; x_wconf 92' lang='lat' dir='ltr'><strong>ac</strong></span> <span class='ocrx_word' id='word_1_471' title='bbox 1387 3813 1551 3888; x_wconf 81' lang='lat' dir='ltr'><strong>vindicem,</strong></span> <span class='ocrx_word' id='word_1_472' title='bbox 1566 3830 1661 3892; x_wconf 89' lang='lat' dir='ltr'><strong>quem</strong></span> <span class='ocrx_word' id='word_1_473' title='bbox 1674 3812 1910 3885; x_wconf 78' lang='lat' dir='ltr'><strong>omnisealesia,</strong></span> 
     </span>
     <span class='ocr_line' id='line_1_39' title="bbox 336 3900 1911 3982; baseline -0.001 -19"><span class='ocrx_word' id='word_1_474' title='bbox 336 3904 362 3963; x_wconf 89' lang='lat' dir='ltr'><strong>si</strong></span> <span class='ocrx_word' id='word_1_475' title='bbox 384 3901 565 3963; x_wconf 89' lang='lat' dir='ltr'><strong>charitatem</strong></span> <span class='ocrx_word' id='word_1_476' title='bbox 579 3919 643 3961; x_wconf 91' lang='lat' dir='ltr'><strong>non</strong></span> <span class='ocrx_word' id='word_1_477' title='bbox 657 3900 783 3977; x_wconf 88' lang='lat' dir='ltr'><strong>habeat,</strong></span> <span class='ocrx_word' id='word_1_478' title='bbox 806 3918 876 3980; x_wconf 84' lang='lat' dir='ltr'><strong>quae</strong></span> <span class='ocrx_word' id='word_1_479' title='bbox 890 3900 1040 3962; x_wconf 85' lang='lat' dir='ltr'><strong>naturalis</strong></span> <span class='ocrx_word' id='word_1_480' title='bbox 1059 3907 1106 3962; x_wconf 88' lang='lat' dir='ltr'><strong>est</strong></span> <span class='ocrx_word' id='word_1_481' title='bbox 1156 3922 1250 3982; x_wconf 90' lang='lat' dir='ltr'><strong>quem</strong></span> <span class='ocrx_word' id='word_1_482' title='bbox 1263 3921 1319 3964; x_wconf 82' lang='lat' dir='ltr'><strong>ros</strong></span> <span class='ocrx_word' id='word_1_483' title='bbox 1336 3904 1395 3982; x_wconf 93' lang='lat' dir='ltr'><strong>ipsi</strong></span> <span class='ocrx_word' id='word_1_484' title='bbox 1413 3909 1575 3982; x_wconf 85' lang='lat' dir='ltr'><strong>tantopere</strong></span> <span class='ocrx_word' id='word_1_485' title='bbox 1594 3904 1781 3982; x_wconf 69' lang='lat' dir='ltr'><strong>praedicatis,</strong></span> <span class='ocrx_word' id='word_1_486' title='bbox 1797 3902 1911 3981; x_wconf 83' lang='lat' dir='ltr'><strong>Pelagio</strong></span> 
     </span>
     <span class='ocr_line' id='line_1_40' title="bbox 337 3990 1911 4076; baseline -0.001 -21"><span class='ocrx_word' id='word_1_487' title='bbox 337 3994 465 4070; x_wconf 89' lang='lat' dir='ltr'><strong>ordinis,</strong></span> <span class='ocrx_word' id='word_1_488' title='bbox 480 4013 516 4054; x_wconf 90' lang='lat' dir='ltr'><strong>ac</strong></span> <span class='ocrx_word' id='word_1_489' title='bbox 529 3992 714 4055; x_wconf 87' lang='lat' dir='ltr'><strong>beatitudini</strong></span> <span class='ocrx_word' id='word_1_490' title='bbox 723 3992 833 4053; x_wconf 93' lang='lat' dir='ltr'><strong>itidem</strong></span> <span class='ocrx_word' id='word_1_491' title='bbox 842 3990 976 4053; x_wconf 89' lang='lat' dir='ltr'><strong>naturali</strong></span> <span class='ocrx_word' id='word_1_492' title='bbox 985 4011 1106 4073; x_wconf 89' lang='lat' dir='ltr'><strong>prome·</strong></span> <span class='ocrx_word' id='word_1_493' title='bbox 1156 3995 1223 4073; x_wconf 90' lang='lat' dir='ltr'><strong>ipso</strong></span> <span class='ocrx_word' id='word_1_494' title='bbox 1237 3997 1420 4075; x_wconf 88' lang='lat' dir='ltr'><strong>nequiorem</strong></span> <span class='ocrx_word' id='word_1_495' title='bbox 1443 3995 1552 4057; x_wconf 86' lang='lat' dir='ltr'><strong>facias:</strong></span> <span class='ocrx_word' id='word_1_496' title='bbox 1582 3996 1698 4075; x_wconf 89' lang='lat' dir='ltr'><strong>quippe</strong></span> <span class='ocrx_word' id='word_1_497' title='bbox 1721 3996 1775 4076; x_wconf 92' lang='lat' dir='ltr'><strong>qui</strong></span> <span class='ocrx_word' id='word_1_498' title='bbox 1790 3994 1911 4075; x_wconf 84' lang='lat' dir='ltr'><strong>gratiam</strong></span> 
     </span>
     <span class='ocr_line' id='line_1_41' title="bbox 335 4084 1909 4168; baseline -0.002 -21"><span class='ocrx_word' id='word_1_499' title='bbox 335 4086 441 4148; x_wconf 75' lang='lat' dir='ltr'><strong>rendae</strong></span> <span class='ocrx_word' id='word_1_500' title='bbox 455 4104 520 4147; x_wconf 90' lang='lat' dir='ltr'><strong>non</strong></span> <span class='ocrx_word' id='word_1_501' title='bbox 535 4086 648 4165; x_wconf 92' lang='lat' dir='ltr'><strong>impar.</strong></span> <span class='ocrx_word' id='word_1_502' title='bbox 663 4085 760 4144; x_wconf 90' lang='lat' dir='ltr'><strong>Porro</strong></span> <span class='ocrx_word' id='word_1_503' title='bbox 775 4084 818 4145; x_wconf 87' lang='lat' dir='ltr'><strong>sic</strong></span> <span class='ocrx_word' id='word_1_504' title='bbox 831 4085 1106 4164; x_wconf 87' lang='lat' dir='ltr'><strong>esseexplieandos</strong></span> <span class='ocrx_word' id='word_1_505' title='bbox 1157 4087 1257 4149; x_wconf 90' lang='lat' dir='ltr'><strong>multo</strong></span> <span class='ocrx_word' id='word_1_506' title='bbox 1270 4089 1467 4168; x_wconf 83' lang='lat' dir='ltr'><strong>viliusatque</strong></span> <span class='ocrx_word' id='word_1_507' title='bbox 1480 4087 1640 4167; x_wconf 85' lang='lat' dir='ltr'><strong>abjectius,</strong></span> <span class='ocrx_word' id='word_1_508' title='bbox 1656 4106 1753 4168; x_wconf 71' lang='lat' dir='ltr'><strong>quiam</strong></span> <span class='ocrx_word' id='word_1_509' title='bbox 1768 4087 1909 4166; x_wconf 85' lang='lat' dir='ltr'><strong>Pelagius,</strong></span> 
     </span>
     <span class='ocr_line' id='line_1_42' title="bbox 336 4177 1909 4260; baseline 0.001 -23"><span class='ocrx_word' id='word_1_510' title='bbox 336 4180 393 4240; x_wconf 89' lang='lat' dir='ltr'><strong>hos</strong></span> <span class='ocrx_word' id='word_1_511' title='bbox 404 4180 523 4251; x_wconf 88' lang='lat' dir='ltr'><strong>Patres,</strong></span> <span class='ocrx_word' id='word_1_512' title='bbox 539 4182 604 4254; x_wconf 90' lang='lat' dir='ltr'><strong>aut,</strong></span> <span class='ocrx_word' id='word_1_513' title='bbox 619 4183 789 4255; x_wconf 82' lang='lat' dir='ltr'><strong>utcumque</strong></span> <span class='ocrx_word' id='word_1_514' title='bbox 802 4177 954 4256; x_wconf 86' lang='lat' dir='ltr'><strong>explicare</strong></span> <span class='ocrx_word' id='word_1_515' title='bbox 968 4177 1103 4252; x_wconf 88' lang='lat' dir='ltr'><strong>libuerit,</strong></span> <span class='ocrx_word' id='word_1_516' title='bbox 1156 4179 1286 4241; x_wconf 86' lang='lat' dir='ltr'><strong>habeat:</strong></span> <span class='ocrx_word' id='word_1_517' title='bbox 1303 4185 1411 4241; x_wconf 89' lang='lat' dir='ltr'><strong>contra</strong></span> <span class='ocrx_word' id='word_1_518' title='bbox 1425 4197 1499 4241; x_wconf 89' lang='lat' dir='ltr'><strong>vcro</strong></span> <span class='ocrx_word' id='word_1_519' title='bbox 1518 4180 1557 4241; x_wconf 90' lang='lat' dir='ltr'><strong>de</strong></span> <span class='ocrx_word' id='word_1_520' title='bbox 1573 4186 1687 4244; x_wconf 88' lang='lat' dir='ltr'><strong>natura</strong></span> <span class='ocrx_word' id='word_1_521' title='bbox 1700 4180 1794 4260; x_wconf 86' lang='lat' dir='ltr'><strong>longe</strong></span> <span class='ocrx_word' id='word_1_522' title='bbox 1817 4179 1909 4247; x_wconf 79' lang='lat' dir='ltr'><strong>albus,</strong></span> 
     </span>
     <span class='ocr_line' id='line_1_43' title="bbox 336 4268 1911 4351; baseline -0.001 -20"><span class='ocrx_word' id='word_1_523' title='bbox 336 4270 380 4331; x_wconf 90' lang='lat' dir='ltr'><strong>ita</strong></span> <span class='ocrx_word' id='word_1_524' title='bbox 403 4276 485 4332; x_wconf 87' lang='lat' dir='ltr'><strong>certe</strong></span> <span class='ocrx_word' id='word_1_525' title='bbox 509 4269 736 4349; x_wconf 82' lang='lat' dir='ltr'><strong>intelligendos,</strong></span> <span class='ocrx_word' id='word_1_526' title='bbox 767 4274 803 4328; x_wconf 88' lang='lat' dir='ltr'><strong>ut</strong></span> <span class='ocrx_word' id='word_1_527' title='bbox 822 4268 954 4329; x_wconf 92' lang='lat' dir='ltr'><strong>dubium</strong></span> <span class='ocrx_word' id='word_1_528' title='bbox 968 4269 1102 4343; x_wconf 87' lang='lat' dir='ltr'><strong>nonsit,</strong></span> <span class='ocrx_word' id='word_1_529' title='bbox 1156 4276 1189 4331; x_wconf 88' lang='lat' dir='ltr'><strong>ot</strong></span> <span class='ocrx_word' id='word_1_530' title='bbox 1213 4271 1465 4351; x_wconf 87' lang='lat' dir='ltr'><strong>magnificentius</strong></span> <span class='ocrx_word' id='word_1_531' title='bbox 1490 4272 1612 4333; x_wconf 88' lang='lat' dir='ltr'><strong>sentiat.</strong></span> <span class='ocrx_word' id='word_1_532' title='bbox 1636 4273 1700 4333; x_wconf 88' lang='lat' dir='ltr'><strong>Neo</strong></span> <span class='ocrx_word' id='word_1_533' title='bbox 1716 4290 1791 4334; x_wconf 77' lang='lat' dir='ltr'><strong>uero</strong></span> <span class='ocrx_word' id='word_1_534' title='bbox 1803 4277 1911 4332; x_wconf 73' lang='lat' dir='ltr'><strong>natiue</strong></span> 
     </span>
     <span class='ocr_line' id='line_1_44' title="bbox 336 4360 1913 4444; baseline -0.003 -21"><span class='ocrx_word' id='word_1_535' title='bbox 336 4362 415 4444; x_wconf 90' lang='lat' dir='ltr'><strong>quin</strong></span> <span class='ocrx_word' id='word_1_536' title='bbox 448 4362 657 4437; x_wconf 87' lang='lat' dir='ltr'><strong>sanctitatem,</strong></span> <span class='ocrx_word' id='word_1_537' title='bbox 693 4366 725 4421; x_wconf 90' lang='lat' dir='ltr'><strong>et</strong></span> <span class='ocrx_word' id='word_1_538' title='bbox 757 4360 956 4434; x_wconf 86' lang='lat' dir='ltr'><strong>charitatem,</strong></span> <span class='ocrx_word' id='word_1_539' title='bbox 993 4360 1105 4439; x_wconf 88' lang='lat' dir='ltr'><strong>quibus</strong></span> <span class='ocrx_word' id='word_1_540' title='bbox 1156 4365 1304 4426; x_wconf 88' lang='lat' dir='ltr'><strong>humanae</strong></span> <span class='ocrx_word' id='word_1_541' title='bbox 1333 4364 1430 4443; x_wconf 87' lang='lat' dir='ltr'><strong>jura,</strong></span> <span class='ocrx_word' id='word_1_542' title='bbox 1465 4382 1559 4444; x_wconf 91' lang='lat' dir='ltr'><strong>supra</strong></span> <span class='ocrx_word' id='word_1_543' title='bbox 1585 4364 1746 4444; x_wconf 86' lang='lat' dir='ltr'><strong>propriam</strong></span> <span class='ocrx_word' id='word_1_544' title='bbox 1777 4364 1913 4426; x_wconf 85' lang='lat' dir='ltr'><strong>duntaxat</strong></span> 
     </span>
     <span class='ocr_line' id='line_1_45' title="bbox 337 4452 1912 4534; baseline 0.001 -18"><span class='ocrx_word' id='word_1_545' title='bbox 337 4456 453 4516; x_wconf 87' lang='lat' dir='ltr'><strong>ditatus</strong></span> <span class='ocrx_word' id='word_1_546' title='bbox 472 4459 518 4515; x_wconf 90' lang='lat' dir='ltr'><strong>est</strong></span> <span class='ocrx_word' id='word_1_547' title='bbox 537 4454 649 4531; x_wconf 90' lang='lat' dir='ltr'><strong>Adam,</strong></span> <span class='ocrx_word' id='word_1_548' title='bbox 678 4471 772 4534; x_wconf 91' lang='lat' dir='ltr'><strong>supra</strong></span> <span class='ocrx_word' id='word_1_549' title='bbox 795 4452 963 4532; x_wconf 90' lang='lat' dir='ltr'><strong>propriam,</strong></span> <span class='ocrx_word' id='word_1_550' title='bbox 978 4458 1105 4514; x_wconf 89' lang='lat' dir='ltr'><strong>natura·</strong></span> <span class='ocrx_word' id='word_1_551' title='bbox 1157 4455 1296 4517; x_wconf 88' lang='lat' dir='ltr'><strong>bominis</strong></span> <span class='ocrx_word' id='word_1_552' title='bbox 1317 4456 1545 4533; x_wconf 89' lang='lat' dir='ltr'><strong>conditionem,</strong></span> <span class='ocrx_word' id='word_1_553' title='bbox 1568 4455 1713 4533; x_wconf 81' lang='lat' dir='ltr'><strong>extollat3</strong></span> <span class='ocrx_word' id='word_1_554' title='bbox 1733 4456 1786 4518; x_wconf 85' lang='lat' dir='ltr'><strong>sed</strong></span> <span class='ocrx_word' id='word_1_555' title='bbox 1802 4473 1836 4517; x_wconf 89' lang='lat' dir='ltr'><strong>co</strong></span> <span class='ocrx_word' id='word_1_556' title='bbox 1848 4471 1912 4533; x_wconf 85' lang='lat' dir='ltr'><strong>per·</strong></span> 
     </span>
     <span class='ocr_line' id='line_1_46' title="bbox 336 4543 1911 4627; baseline -0.002 -19"><span class='ocrx_word' id='word_1_557' title='bbox 336 4547 461 4627; x_wconf 89' lang='lat' dir='ltr'><strong>lemque</strong></span> <span class='ocrx_word' id='word_1_558' title='bbox 496 4546 634 4606; x_wconf 88' lang='lat' dir='ltr'><strong>bominis</strong></span> <span class='ocrx_word' id='word_1_559' title='bbox 669 4544 880 4607; x_wconf 88' lang='lat' dir='ltr'><strong>conditionem</strong></span> <span class='ocrx_word' id='word_1_560' title='bbox 917 4543 1104 4621; x_wconf 85' lang='lat' dir='ltr'><strong>extulerint,</strong></span> <span class='ocrx_word' id='word_1_561' title='bbox 1158 4548 1260 4624; x_wconf 91' lang='lat' dir='ltr'><strong>ducat,</strong></span> <span class='ocrx_word' id='word_1_562' title='bbox 1276 4547 1331 4608; x_wconf 93' lang='lat' dir='ltr'><strong>ubi</strong></span> <span class='ocrx_word' id='word_1_563' title='bbox 1342 4548 1375 4608; x_wconf 90' lang='lat' dir='ltr'><strong>id</strong></span> <span class='ocrx_word' id='word_1_564' title='bbox 1388 4547 1508 4609; x_wconf 90' lang='lat' dir='ltr'><strong>homini</strong></span> <span class='ocrx_word' id='word_1_565' title='bbox 1524 4547 1690 4624; x_wconf 88' lang='lat' dir='ltr'><strong>debeatur,</strong></span> <span class='ocrx_word' id='word_1_566' title='bbox 1705 4548 1789 4627; x_wconf 93' lang='lat' dir='ltr'><strong>quod</strong></span> <span class='ocrx_word' id='word_1_567' title='bbox 1800 4548 1911 4625; x_wconf 86' lang='lat' dir='ltr'><strong>Augus·</strong></span> 
     </span>
     <span class='ocr_line' id='line_1_47' title="bbox 337 4636 1911 4720; baseline -0.002 -20"><span class='ocrx_word' id='word_1_568' title='bbox 337 4639 498 4700; x_wconf 85' lang='lat' dir='ltr'><strong>manifeste</strong></span> <span class='ocrx_word' id='word_1_569' title='bbox 519 4637 571 4697; x_wconf 91' lang='lat' dir='ltr'><strong>illa</strong></span> <span class='ocrx_word' id='word_1_570' title='bbox 583 4638 740 4717; x_wconf 68' lang='lat' dir='ltr'><strong>probant,</strong></span> <span class='ocrx_word' id='word_1_571' title='bbox 753 4654 824 4715; x_wconf 88' lang='lat' dir='ltr'><strong>quoe</strong></span> <span class='ocrx_word' id='word_1_572' title='bbox 848 4654 943 4717; x_wconf 86' lang='lat' dir='ltr'><strong>supra</strong></span> <span class='ocrx_word' id='word_1_573' title='bbox 968 4654 1008 4696; x_wconf 83' lang='lat' dir='ltr'><strong>ex</strong></span> <span class='ocrx_word' id='word_1_574' title='bbox 1033 4636 1106 4716; x_wconf 89' lang='lat' dir='ltr'><strong>ipsis</strong></span> <span class='ocrx_word' id='word_1_575' title='bbox 1156 4640 1215 4700; x_wconf 88' lang='lat' dir='ltr'><strong>tini</strong></span> <span class='ocrx_word' id='word_1_576' title='bbox 1230 4639 1343 4720; x_wconf 91' lang='lat' dir='ltr'><strong>ipsius,</strong></span> <span class='ocrx_word' id='word_1_577' title='bbox 1366 4645 1460 4718; x_wconf 89' lang='lat' dir='ltr'><strong>atque</strong></span> <span class='ocrx_word' id='word_1_578' title='bbox 1474 4640 1549 4700; x_wconf 89' lang='lat' dir='ltr'><strong>adeo</strong></span> <span class='ocrx_word' id='word_1_579' title='bbox 1565 4640 1694 4700; x_wconf 87' lang='lat' dir='ltr'><strong>Petrum</strong></span> <span class='ocrx_word' id='word_1_580' title='bbox 1709 4639 1846 4700; x_wconf 91' lang='lat' dir='ltr'><strong>omnium</strong></span> <span class='ocrx_word' id='word_1_581' title='bbox 1857 4636 1911 4697; x_wconf 81' lang='lat' dir='ltr'><strong>ela·</strong></span> 
     </span>
     <span class='ocr_line' id='line_1_48' title="bbox 336 4726 1911 4811; baseline 0 -19"><span class='ocrx_word' id='word_1_582' title='bbox 336 4730 515 4792; x_wconf 82' lang='lat' dir='ltr'><strong>citavimus:</strong></span> <span class='ocrx_word' id='word_1_583' title='bbox 530 4728 850 4809; x_wconf 85' lang='lat' dir='ltr'><strong>quibuschnselmo,</strong></span> <span class='ocrx_word' id='word_1_584' title='bbox 862 4726 1011 4807; x_wconf 89' lang='lat' dir='ltr'><strong>quoniam</strong></span> <span class='ocrx_word' id='word_1_585' title='bbox 1023 4729 1108 4807; x_wconf 91' lang='lat' dir='ltr'><strong>quod</strong></span> <span class='ocrx_word' id='word_1_586' title='bbox 1157 4730 1286 4792; x_wconf 89' lang='lat' dir='ltr'><strong>rissimis</strong></span> <span class='ocrx_word' id='word_1_587' title='bbox 1298 4731 1494 4807; x_wconf 88' lang='lat' dir='ltr'><strong>testimoniis,</strong></span> <span class='ocrx_word' id='word_1_588' title='bbox 1510 4749 1550 4792; x_wconf 87' lang='lat' dir='ltr'><strong>ne</strong></span> <span class='ocrx_word' id='word_1_589' title='bbox 1562 4730 1689 4811; x_wconf 81' lang='lat' dir='ltr'><strong>Angelis</strong></span> <span class='ocrx_word' id='word_1_590' title='bbox 1702 4732 1826 4811; x_wconf 87' lang='lat' dir='ltr'><strong>quidem</strong></span> <span class='ocrx_word' id='word_1_591' title='bbox 1836 4728 1911 4809; x_wconf 73' lang='lat' dir='ltr'><strong>ipsis,</strong></span> 
     </span>
     <span class='ocr_line' id='line_1_49' title="bbox 336 4817 1912 4903; baseline -0.003 -19"><span class='ocrx_word' id='word_1_592' title='bbox 336 4822 486 4903; x_wconf 80' lang='lat' dir='ltr'><strong>Monolop.</strong></span> <span class='ocrx_word' id='word_1_593' title='bbox 504 4840 572 4901; x_wconf 87' lang='lat' dir='ltr'><strong>cap..</strong></span> <span class='ocrx_word' id='word_1_594' title='bbox 596 4838 699 4882; x_wconf 79' lang='lat' dir='ltr'><strong>ixrrn</strong></span> <span class='ocrx_word' id='word_1_595' title='bbox 720 4820 810 4881; x_wconf 89' lang='lat' dir='ltr'><strong>uobis</strong></span> <span class='ocrx_word' id='word_1_596' title='bbox 837 4819 993 4898; x_wconf 89' lang='lat' dir='ltr'><strong>objectum</strong></span> <span class='ocrx_word' id='word_1_597' title='bbox 1015 4819 1107 4880; x_wconf 89' lang='lat' dir='ltr'><strong>alicui</strong></span> <span class='ocrx_word' id='word_1_598' title='bbox 1159 4828 1213 4884; x_wconf 91' lang='lat' dir='ltr'><strong>aut</strong></span> <span class='ocrx_word' id='word_1_599' title='bbox 1232 4824 1290 4884; x_wconf 92' lang='lat' dir='ltr'><strong>ulli</strong></span> <span class='ocrx_word' id='word_1_600' title='bbox 1311 4823 1409 4884; x_wconf 87' lang='lat' dir='ltr'><strong>multo</strong></span> <span class='ocrx_word' id='word_1_601' title='bbox 1423 4823 1598 4903; x_wconf 82' lang='lat' dir='ltr'><strong>perfectiori</strong></span> <span class='ocrx_word' id='word_1_602' title='bbox 1611 4829 1704 4903; x_wconf 90' lang='lat' dir='ltr'><strong>atque</strong></span> <span class='ocrx_word' id='word_1_603' title='bbox 1718 4817 1912 4885; x_wconf 82' lang='lat' dir='ltr'><strong>excellentiori</strong></span> 
     </span>
     <span class='ocr_line' id='line_1_50' title="bbox 334 4911 1911 4995; baseline -0.002 -20"><span class='ocrx_word' id='word_1_604' title='bbox 334 4915 463 4977; x_wconf 83' lang='lat' dir='ltr'><strong>tortasse</strong></span> <span class='ocrx_word' id='word_1_605' title='bbox 487 4914 666 4989; x_wconf 85' lang='lat' dir='ltr'><strong>plusculum</strong></span> <span class='ocrx_word' id='word_1_606' title='bbox 688 4911 805 4991; x_wconf 86' lang='lat' dir='ltr'><strong>negotii</strong></span> <span class='ocrx_word' id='word_1_607' title='bbox 826 4911 975 4973; x_wconf 72' lang='lat' dir='ltr'><strong>iacomere</strong></span> <span class='ocrx_word' id='word_1_608' title='bbox 994 4912 1090 4991; x_wconf 89' lang='lat' dir='ltr'><strong>possit</strong></span> <span class='ocrx_word' id='word_1_609' title='bbox 1096 4930 1104 4986; x_wconf 92' lang='lat'>;</span> <span class='ocrx_word' id='word_1_610' title='bbox 1159 4920 1287 4991; x_wconf 74' lang='lat' dir='ltr'><strong>natiuae,</strong></span> <span class='ocrx_word' id='word_1_611' title='bbox 1302 4933 1373 4994; x_wconf 76' lang='lat' dir='ltr'><strong>quse</strong></span> <span class='ocrx_word' id='word_1_612' title='bbox 1390 4914 1481 4976; x_wconf 90' lang='lat' dir='ltr'><strong>condi</strong></span> <span class='ocrx_word' id='word_1_613' title='bbox 1495 4933 1636 4995; x_wconf 88' lang='lat' dir='ltr'><strong>unquam</strong></span> <span class='ocrx_word' id='word_1_614' title='bbox 1650 4916 1764 4993; x_wconf 88' lang='lat' dir='ltr'><strong>possit,</strong></span> <span class='ocrx_word' id='word_1_615' title='bbox 1787 4914 1911 4976; x_wconf 87' lang='lat' dir='ltr'><strong>debitum</strong></span> 
     </span>
     <span class='ocr_line' id='line_1_51' title="bbox 335 5002 1912 5087; baseline -0.001 -19"><span class='ocrx_word' id='word_1_616' title='bbox 335 5007 403 5069; x_wconf 86' lang='lat' dir='ltr'><strong>haec</strong></span> <span class='ocrx_word' id='word_1_617' title='bbox 416 5007 510 5068; x_wconf 89' lang='lat' dir='ltr'><strong>etiam</strong></span> <span class='ocrx_word' id='word_1_618' title='bbox 521 5006 693 5086; x_wconf 84' lang='lat' dir='ltr'><strong>adjicimus,</strong></span> <span class='ocrx_word' id='word_1_619' title='bbox 710 5023 781 5083; x_wconf 77' lang='lat' dir='ltr'><strong>quae</strong></span> <span class='ocrx_word' id='word_1_620' title='bbox 789 5004 981 5084; x_wconf 87' lang='lat' dir='ltr'><strong>scriptasunt</strong></span> <span class='ocrx_word' id='word_1_621' title='bbox 990 5002 1026 5063; x_wconf 85' lang='lat' dir='ltr'><strong>de</strong></span> <span class='ocrx_word' id='word_1_622' title='bbox 1038 5022 1106 5063; x_wconf 83' lang='lat' dir='ltr'><strong>coo-</strong></span> <span class='ocrx_word' id='word_1_623' title='bbox 1159 5013 1214 5069; x_wconf 88' lang='lat' dir='ltr'><strong>est.</strong></span> <span class='ocrx_word' id='word_1_624' title='bbox 1240 5009 1366 5087; x_wconf 87' lang='lat' dir='ltr'><strong>Pugnat</strong></span> <span class='ocrx_word' id='word_1_625' title='bbox 1386 5007 1482 5087; x_wconf 91' lang='lat' dir='ltr'><strong>igitur</strong></span> <span class='ocrx_word' id='word_1_626' title='bbox 1508 5007 1553 5068; x_wconf 92' lang='lat' dir='ltr'><strong>ibi</strong></span> <span class='ocrx_word' id='word_1_627' title='bbox 1580 5008 1772 5087; x_wconf 87' lang='lat' dir='ltr'><strong>Augustinus</strong></span> <span class='ocrx_word' id='word_1_628' title='bbox 1796 5023 1858 5068; x_wconf 91' lang='lat' dir='ltr'><strong>non</strong></span> <span class='ocrx_word' id='word_1_629' title='bbox 1880 5020 1912 5065; x_wconf 81' lang='lat' dir='ltr'><strong>cx</strong></span> 
     </span>
     <span class='ocr_line' id='line_1_52' title="bbox 335 5094 1912 5179; baseline -0.003 -19"><span class='ocrx_word' id='word_1_630' title='bbox 335 5099 413 5161; x_wconf 85' lang='lat' dir='ltr'><strong>cord.</strong></span> <span class='ocrx_word' id='word_1_631' title='bbox 438 5117 542 5179; x_wconf 74' lang='lat' dir='ltr'><strong>prosc.</strong></span> <span class='ocrx_word' id='word_1_632' title='bbox 565 5118 632 5159; x_wconf 85' lang='lat' dir='ltr'><strong>oum</strong></span> <span class='ocrx_word' id='word_1_633' title='bbox 656 5096 711 5158; x_wconf 84' lang='lat' dir='ltr'><strong>lib.</strong></span> <span class='ocrx_word' id='word_1_634' title='bbox 734 5095 801 5157; x_wconf 84' lang='lat' dir='ltr'><strong>orb.</strong></span> <span class='ocrx_word' id='word_1_635' title='bbox 820 5115 851 5175; x_wconf 89' lang='lat' dir='ltr'><strong>q.</strong></span> <span class='ocrx_word' id='word_1_636' title='bbox 872 5115 923 5172; x_wconf 88' lang='lat'><strong>111,</strong></span> <span class='ocrx_word' id='word_1_637' title='bbox 948 5115 975 5157; x_wconf 92' lang='lat' dir='ltr'><strong>c.</strong></span> <span class='ocrx_word' id='word_1_638' title='bbox 997 5113 1036 5157; x_wconf 91' lang='lat'><strong>111</strong></span> <span class='ocrx_word' id='word_1_639' title='bbox 1056 5094 1106 5156; x_wconf 89' lang='lat' dir='ltr'><strong>bis</strong></span> <span class='ocrx_word' id='word_1_640' title='bbox 1158 5104 1271 5160; x_wconf 89' lang='lat' dir='ltr'><strong>natura</strong></span> <span class='ocrx_word' id='word_1_641' title='bbox 1290 5100 1360 5176; x_wconf 89' lang='lat' dir='ltr'><strong>ipsa</strong></span> <span class='ocrx_word' id='word_1_642' title='bbox 1381 5099 1439 5172; x_wconf 89' lang='lat' dir='ltr'><strong>rei,</strong></span> <span class='ocrx_word' id='word_1_643' title='bbox 1466 5099 1519 5161; x_wconf 89' lang='lat' dir='ltr'><strong>sed</strong></span> <span class='ocrx_word' id='word_1_644' title='bbox 1546 5117 1584 5160; x_wconf 82' lang='lat' dir='ltr'><strong>ex</strong></span> <span class='ocrx_word' id='word_1_645' title='bbox 1599 5098 1801 5177; x_wconf 71' lang='lat' dir='ltr'><strong>presentibus</strong></span> <span class='ocrx_word' id='word_1_646' title='bbox 1810 5096 1912 5159; x_wconf 78' lang='lat' dir='ltr'><strong>divino</strong></span> 
     </span>
     <span class='ocr_line' id='line_1_53' title="bbox 335 5186 1911 5270; baseline 0 -18"><span class='ocrx_word' id='word_1_647' title='bbox 335 5191 449 5252; x_wconf 83' lang='lat' dir='ltr'><strong>verbis.</strong></span> <span class='ocrx_word' id='word_1_648' title='bbox 467 5212 482 5249; x_wconf 81' lang='lat' dir='ltr'><strong>a</strong></span> <span class='ocrx_word' id='word_1_649' title='bbox 498 5191 646 5270; x_wconf 83' lang='lat' dir='ltr'><strong>Sequitur</strong></span> <span class='ocrx_word' id='word_1_650' title='bbox 659 5190 775 5268; x_wconf 89' lang='lat' dir='ltr'><strong>itaque,</strong></span> <span class='ocrx_word' id='word_1_651' title='bbox 787 5188 860 5267; x_wconf 91' lang='lat' dir='ltr'><strong>quia</strong></span> <span class='ocrx_word' id='word_1_652' title='bbox 868 5186 955 5249; x_wconf 88' lang='lat' dir='ltr'><strong>nulla</strong></span> <span class='ocrx_word' id='word_1_653' title='bbox 967 5193 1107 5249; x_wconf 88' lang='lat' dir='ltr'><strong>ereatura</strong></span> <span class='ocrx_word' id='word_1_654' title='bbox 1157 5189 1362 5267; x_wconf 75' lang='lat' dir='ltr'><strong>providentia</strong></span> <span class='ocrx_word' id='word_1_655' title='bbox 1387 5190 1534 5267; x_wconf 88' lang='lat' dir='ltr'><strong>decretis,</strong></span> <span class='ocrx_word' id='word_1_656' title='bbox 1552 5208 1612 5252; x_wconf 89' lang='lat' dir='ltr'><strong>nec</strong></span> <span class='ocrx_word' id='word_1_657' title='bbox 1636 5190 1728 5252; x_wconf 88' lang='lat' dir='ltr'><strong>nobis</strong></span> <span class='ocrx_word' id='word_1_658' title='bbox 1750 5190 1814 5252; x_wconf 92' lang='lat' dir='ltr'><strong>ullo</strong></span> <span class='ocrx_word' id='word_1_659' title='bbox 1835 5191 1911 5267; x_wconf 79' lang='lat' dir='ltr'><strong>pecto</strong></span> 
     </span>
     <span class='ocr_line' id='line_1_54' title="bbox 312 5278 1348 5361; baseline -0.003 -17"><span class='ocrx_word' id='word_1_660' title='bbox 312 5283 554 5345; x_wconf 73' lang='lat' dir='ltr'><strong>rectitudinem</strong></span> <span class='ocrx_word' id='word_1_661' title='bbox 577 5281 685 5361; x_wconf 87' lang='lat' dir='ltr'><strong>habet,</strong></span> <span class='ocrx_word' id='word_1_662' title='bbox 714 5297 810 5361; x_wconf 87' lang='lat' dir='ltr'><strong>quarn</strong></span> <span class='ocrx_word' id='word_1_663' title='bbox 833 5278 898 5339; x_wconf 82' lang='lat' dir='ltr'><strong>dixi</strong></span> <span class='ocrx_word' id='word_1_664' title='bbox 924 5280 1104 5354; x_wconf 88' lang='lat' dir='ltr'><strong>voluntatis,</strong></span> <span class='ocrx_word' id='word_1_665' title='bbox 1156 5283 1348 5344; x_wconf 86' lang='lat' dir='ltr'><strong>adversatur.</strong></span> 
     </span>
     <span class='ocr_line' id='line_1_55' title="bbox 334 5371 1108 5456; baseline -0.004 -20"><span class='ocrx_word' id='word_1_666' title='bbox 334 5376 396 5436; x_wconf 92' lang='lat' dir='ltr'><strong>nisi</strong></span> <span class='ocrx_word' id='word_1_667' title='bbox 416 5394 473 5456; x_wconf 88' lang='lat' dir='ltr'><strong>per</strong></span> <span class='ocrx_word' id='word_1_668' title='bbox 496 5372 684 5454; x_wconf 77' lang='lat' dir='ltr'><strong>gratiam...</strong></span> <span class='ocrx_word' id='word_1_669' title='bbox 711 5372 737 5434; x_wconf 89' lang='lat' dir='ltr'><strong>si</strong></span> <span class='ocrx_word' id='word_1_670' title='bbox 766 5380 873 5434; x_wconf 89' lang='lat' dir='ltr'><strong>autem</strong></span> <span class='ocrx_word' id='word_1_671' title='bbox 890 5371 1035 5433; x_wconf 89' lang='lat' dir='ltr'><strong>voluntas</strong></span> <span class='ocrx_word' id='word_1_672' title='bbox 1052 5390 1108 5453; x_wconf 91' lang='lat' dir='ltr'><strong>per</strong></span> 
     </span>
    </p>
   </div>
   <div class='ocr_carea' id='block_1_3' title="bbox 336 5464 1105 5544">
    <p class='ocr_par' dir='ltr' id='par_1_3' title="bbox 336 5464 1105 5544">
     <span class='ocr_line' id='line_1_56' title="bbox 336 5464 1105 5544; baseline -0.013 -10"><span class='ocrx_word' id='word_1_673' title='bbox 336 5467 470 5534; x_wconf 88' lang='lat' dir='ltr'><strong>liberum</strong></span> <span class='ocrx_word' id='word_1_674' title='bbox 489 5465 667 5544; x_wconf 87' lang='lat' dir='ltr'><strong>arbitrium,</strong></span> <span class='ocrx_word' id='word_1_675' title='bbox 692 5464 845 5527; x_wconf 87' lang='lat' dir='ltr'><strong>servando</strong></span> <span class='ocrx_word' id='word_1_676' title='bbox 867 5464 952 5544; x_wconf 89' lang='lat' dir='ltr'><strong>quod</strong></span> <span class='ocrx_word' id='word_1_677' title='bbox 971 5464 1105 5543; x_wconf 86' lang='lat' dir='ltr'><strong>accepit,</strong></span> 
     </span>
    </p>
   </div>
   <div class='ocr_carea' id='block_1_4' title="bbox 0 0 2006 6164">
    <p class='ocr_par' dir='ltr' id='par_1_4' title="bbox 0 0 2006 6164">
     <span class='ocr_line' id='line_1_57' title="bbox 0 0 2006 6164; baseline 0 0"><span class='ocrx_word' id='word_1_678' title='bbox 0 0 2006 6164; x_wconf 95' lang='lat' dir='ltr'><strong> </strong></span> 
     </span>
    </p>
   </div>
  </div>
 </body>
</html>
