3984 6176
552 325 607 389 Dii
625 324 802 403 ANGEUS,
824 324 897 395 Liii·
920 325 982 403 111,
1003 327 1087 397 ore.
1109 329 1177 391 vu.
1598 328 1658 393 rot

115 490 154 555 u.
175 488 249 557 uos
272 491 454 571 Gregorius,
479 493 534 573 qui
556 512 632 561 sens
650 494 775 561 Domini
789 493 844 559 eti·
893 493 1661 576 ascaloniarumtsttnisqaoquotertuttiaour

81 586 251 657 renormat
262 583 513 651 incarnationem
523 605 589 653 non
599 587 701 653 solum
709 587 842 657 homiui,
892 590 1038 649 occtcem
1055 585 1256 651 deir'ctr'vooot
1273 585 1457 651 diabolum¹.
1470 585 1663 665 Augustinus

82 674 128 753 qui
141 673 284 753 perierat,
295 683 353 742 eto
366 677 509 743 demone
523 680 753 745 circumventus
766 685 843 758 erat,
893 676 975 741 libro
987 677 1023 739 de
1037 677 1170 755 Natura,
1185 687 1212 743 et
1224 679 1553 760 praenominans
1569 699 1585 739 o
1597 695 1664 739 om·

81 766 127 827 red
139 765 622 851 ofiamffliipstquipsrnioiem,
636 777 668 833 et
680 771 843 837 interitum
893 770 983 835 nium
1010 777 1207 849 peccatorum
1228 776 1387 839 sanctorem
1412 773 1569 835 Salonam.
1590 790 1605 831 u
1625 770 1663 830 Et

81 858 224 935 ounut,
247 861 368 938 utitem,
394 880 429 925 ac
453 864 619 927 salutarem
640 863 733 929 facisse
757 864 842 929 dicit.
892 860 972 923 libro
991 863 1093 942 primo
1112 861 1146 925 de
1159 862 1294 953 Nuptiis.
1314 870 1342 927 ot
1358 861 1598 944 morspecensis,
1615 879 1663 927 oa·

82 950 165 1029 Atqui
186 951 291 1013 nullus
313 953 394 1017 alius
410 954 475 1033 nic,
491 975 585 1036 quom
600 956 741 1019 diabolus
751 955 843 1021 intel·
892 953 955 1033 pite
969 971 1038 1017 xxru
1053 976 1068 1012 o
1082 954 1266 1034 principem,
1279 961 1498 1035 auctoremque
1507 953 1658 1035 pocomi.»

83 1041 247 1122 ligipotest,
258 1064 356 1125 quem
369 1055 400 1109 et
410 1056 657 1130 ὠριιὴιασοαααοο,
668 1050 843 1113 ι’νιοοιιτονεια
892 1046 1048 1113 Gotfridus
1085 1047 1321 1111 vindocinensis
1344 1048 1386 1117 ‚io
1422 1065 1565 1117 sermone
1591 1064 1602 1115 t
1628 1045 1664 1109 dc

83 1141 274 1218 rutamque
296 1136 376 1200 maii
399 1146 500 1217 vocat,
525 1148 639 1223 etpost
656 1141 795 1219 longam,
808 1159 844 1204 ao
892 1136 1073 1217 Nativitoto,
1092 1161 1107 1197 o
1122 1139 1328 1216 inventorem,
1343 1146 1374 1202 ot
1388 1146 1546 1209 auctorem
1555 1139 1664 1218 nequi-

84 1225 254 1289 uhoriosam
277 1233 511 1311 purgationem,
537 1235 625 1299 vetut
644 1252 773 1308 auruum,
789 1233 845 1295 de·
893 1230 956 1307 tim,
973 1252 988 1289 a
1006 1231 1084 1299 siout
1098 1232 1158 1292 Leo
1173 1233 1256 1312 Papo
1268 1249 1412 1299 sermone
1423 1230 1498 1301 ινιία
1512 1230 1661 1307 Cotteetr'r,

83 1319 161 1379 tersis
169 1319 232 1399 igni
246 1322 387 1399 mooun,
403 1342 439 1386 ae
460 1324 614 1402 sordibus,
630 1326 795 1406 pristinum
809 1326 844 1387 in
891 1322 1096 1401 incentorem,
1112 1329 1333 1403 auctoremque
1343 1324 1470 1404 peccati.
1482 1345 1497 1381 ιι
1517 1324 1665 1391 Paulinus

85 1414 184 1473 ustum
205 1413 381 1477 rediturum
406 1434 472 1479 csse
490 1419 544 1492 ait,
557 1438 593 1481 ao
606 1419 738 1481 satiatem
752 1419 844 1498 adep
891 1415 966 1475 item
980 1418 1069 1495 epist.
1084 1433 1116 1477 ιν
1130 1434 1225 1497 quem
1244 1435 1341 1497 supra
1354 1418 1528 1484 citavimus.
1559 1438 1571 1473 ι
1590 1435 1662 1477 auo-

84 1505 841 1589 tonrmita,utoommunesobcreaturisomnibus,
890 1511 992 1569 torem
1015 1509 1129 1586 peccati
1155 1530 1171 1566 n
1202 1513 1293 1571 vocat
1312 1508 1664 1589 diabolum.Phtltpp1u

84 1595 477 1677 temiiqquasoruoiatibus
490 1602 556 1665 istis
571 1604 701 1684 expiatos
714 1602 841 1681 tuerint,
891 1598 994 1660 Aonas
1017 1602 1110 1661 Bonae
1136 1601 1209 1681 Spei
1240 1623 1255 1659 o
1282 1602 1477 1664 inventorem
1495 1603 1659 1682 pacratii

84 1705 202 1769 queque
227 1709 315 1753 nunc
340 1693 374 1755 in
393 1694 470 1757 vitio
493 1695 608 1775 jacent,
628 1713 724 1776 quom
737 1696 778 1758 ab
791 1697 841 1774 iis,
891 1708 984 1770 supra
993 1692 1101 1753 itidem
1114 1692 1260 1754 laudatus
1273 1712 1292 1755 a
1306 1693 1408 1756 nohis.

85 1796 144 1858 que
164 1779 303 1861 integros,
328 1784 571 1867 innocentesque
593 1787 720 1865 tuerint,
736 1789 843 1867 gratim
932 1785 986 1847 111.
1014 1785 1057 1846 Ac
1077 1785 1234 1865 Nyssenus
1261 1787 1294 1849 in
1322 1785 1402 1846 libro
1428 1784 1463 1849 de
1488 1785 1609 1863 Animo,
1637 1794 1664 1848 et

85 1872 139 1932 [teo
158 1873 339 1939 reddantur.
364 1878 454 1952 Quod
468 1886 499 1941 et
509 1880 623 1943 otarius
636 1881 730 1942 etiam
744 1880 778 1941 in
792 1881 841 1956 iis,
892 1877 1102 1941 rusurrectione
1125 1878 1209 1939 idem
1238 1879 1350 1957 dogma
1370 1879 1408 1939 dc
1422 1878 1613 1954 daemonum,
1628 1897 1664 1945 ao

84 1981 144 2042 qua
156 1974 341 2046 seanmm,
366 1972 495 2049 exponit
517 1972 567 2035 his
585 1968 707 2035 verbis:
728 1973 841 2047 otioso,
893 1968 1111 2030 damnatorum
1126 1971 1267 2031 omnium
1282 1969 1387 2031 arture
1400 1970 1663 2035 salutcaffirmare

84 2056 264 2133 ettJusmodi
277 2061 341 2123 alia
353 2062 448 2125 tradit
457 2080 608 2144 magnum
620 2064 733 2125 divium
741 2065 843 2127 ineer-
892 2061 1016 2123 videtur
1038 2062 1095 2123 suh
1118 2063 1263 2125 Macrinus
1283 2063 1398 2124 sororis
1420 2081 1562 2140 persono.
1584 2064 1662 2127 Nom

83 2150 203 2215 mooun
227 2155 426 2232 mysterium.
456 2157 522 2217 Hoc
548 2156 632 2219 enim
652 2156 731 2237 ipso,
761 2158 845 2235 qnod
892 2152 981 2219 Pauli
994 2153 1661 2235 verbaillapsiorisadCorr'attu'oroapiterv,

83 2242 845 2329 mmhumanitatemistusest,peromnesnoturoe
892 2243 972 2309 Boas
1005 2246 1063 2307 erit
1084 2247 1180 2309 mauro
1210 2247 1242 2311 io
1269 2246 1418 2321 omullus,
1449 2247 1492 2309 sio
1520 2248 1662 2328 explicat,

83 2335 273 2414 proprietates
297 2339 544 2417 generationem,
569 2346 600 2402 et
615 2340 842 2419 educationem,
892 2343 1044 2418 tanquam
1066 2338 1227 2415 vitiositas,
1253 2344 1284 2401 et
1305 2339 1423 2403 malitia
1449 2338 1589 2409 irraditur
1606 2340 1663 2401 ali-

83 2426 356 2507 etinoremcntum,
376 2437 407 2491 et
421 2431 461 2492 ad
475 2433 584 2497 mortis
598 2433 844 2512 experimentum
893 2431 1018 2510 qnando
1039 2431 1235 2507 destruenda,
1256 2432 1526 2513 extinguendaqus
1549 2433 1589 2497 sit
1607 2433 1662 2510 ita,

81 2536 166 2598 usque
190 2523 361 2597 manmena,
390 2525 496 2589 omnia
520 2525 584 2595 illa,
609 2543 679 2605 qum
697 2525 842 2604 diximus,
893 2528 929 2585 ut
941 2524 975 2585 in
989 2523 1074 2587 naula
1087 2542 1120 2585 re
1132 2525 1289 2585 consistat.
1309 2525 1411 2599 otloo,
1427 2524 1538 2604 inquit.
1553 2525 1663 2595 inloeo

82 2609 178 2691 effecit
194 2619 230 2677 ut
243 2620 276 2681 ot
292 2615 456 2681 hominem
478 2617 629 2681 amolitio
641 2617 798 2695 liberaret,
814 2625 845 2680 et
893 2614 971 2679 mihi
994 2615 1115 2677 videtur
1139 2615 1322 2696 perfeetum,
1345 2621 1376 2677 et
1394 2616 1572 2683 absolutum
1586 2617 1665 2679 inte-

82 2702 236 2782 ipsummet
247 2706 447 2771 inventorem
459 2709 585 2775 malitias
599 2715 731 2771 sanaret.
747 2710 846 2789 AEgri-
893 2707 989 2769 ritum
1011 2708 1195 2784 vitiositatis,
1217 2725 1253 2769 ae
1275 2708 1665 2789 nequitiaetrsdereSorip

83 2794 184 2859 tudinis
208 2797 296 2859 enim
324 2800 445 2861 sanatio
481 2804 528 2863 est
554 2802 656 2865 morbi
683 2803 844 2880 purgatio,
894 2804 974 2863 turo.
1001 2799 1034 2860 Si
1051 2800 1137 2863 cuim
1163 2801 1197 2862 in
1214 2801 1360 2865 omnibus
1383 2800 1475 2864 rubras
1495 2801 1579 2863 Deus
1594 2801 1663 2879 erit,

83 2890 190 2952 ίιιιιείαί
200 2889 361 2955 laboriosa
373 2891 475 2952 siit.»
492 2894 574 2972 Ergo
584 2911 649 2956 uon
659 2894 742 2956 solus
750 2894 846 2957 homo
894 2890 1053 2965 vitiositas,
1081 2893 1280 2972 nequitiaque
1314 2892 1465 2954 nimirum
1501 2891 1535 2952 in
1559 2910 1665 2961 rerum

83 2988 239 3059 rpeoooto,
265 2988 300 3045 et
322 2985 462 3063 nequitia
474 2984 622 3049 liberatus
636 2990 681 3046 est
696 2986 844 3062 adventu,
896 2989 1007 3049 natum
1033 3002 1097 3047 non
1120 2986 1187 3046 erit.
1218 2986 1308 3060 Nam,
1334 2985 1358 3047 si
1379 2984 1449 3062 quis
1468 2983 1665 3050 vitiositatem

83 3072 329 3145 uincamationo
342 3076 450 3153 Verbi,
465 3077 518 3141 sod
533 3077 626 3145 etiam
639 3076 691 3139 ille
703 3077 769 3157 ipso
784 3096 846 3143 me·
896 3075 1000 3152 etiam,
1020 3081 1051 3136 et
1073 3076 1243 3154 nequitiam
1263 3093 1327 3137 esse
1342 3075 1492 3158 postremi,
1508 3077 1664 3156 quomodo

84 3161 146 3225 titia
171 3171 292 3243 auctor,
320 3172 353 3227 et
376 3168 532 3244 inventor,
560 3181 604 3244 τῆς
625 3172 709 3240 sartos
736 3177 845 3250 εὑρετής,
896 3167 1068 3231 servabitur
1087 3186 1125 3231 ea
1150 3169 1312 3242 sententia,
1337 3187 1398 3246 qua
1419 3168 1540 3243 cicitur,
1559 3170 1666 3233 inom-

84 3258 338 3334 qucmodmodum
353 3265 384 3321 et
395 3259 629 3327 uetustiustin
641 3260 721 3323 libro
735 3262 771 3323 rte
787 3261 846 3329 lie·
897 3260 990 3323 nihrrs
1008 3278 1073 3323 osso
1096 3259 1220 3323 Deum?
1241 3260 1397 3340 Siquidem
1416 3260 1499 3325 illius
1512 3263 1665 3342 exemptio

83 3349 677 3434 arrectionediabolu'msppeltatpeorati
687 3352 845 3432 artificem,
898 3369 1052 3428 maneam,
1072 3370 1108 3413 eo
1134 3352 1283 3417 deiectum
1306 3353 1449 3419 omnium
1466 3354 1667 3433 comprehen-

84 3444 847 3526 oerepertorear.ElidemGregoriusstpwtvqrttoos
898 3444 1017 3505 sionem
1040 3443 1123 3507 iacit.
1153 3444 1246 3524 Atqui
1274 3444 1337 3518 ille,
1375 3445 1428 3524 qui
1461 3443 1495 3511 iu
1522 3445 1668 3511 omnihus

84 3530 216 3595 macti
242 3543 447 3615 repertorem,
481 3536 514 3607 in
536 3537 617 3599 libro
639 3534 673 3607 de
686 3537 847 3609 Δαίμονι
898 3534 1021 3597 fertranus
1049 3541 1105 3613 est,
1135 3536 1168 3601 in
1194 3535 1242 3596 iis.
1265 3555 1335 3616 qum
1356 3543 1518 3611 nonsart,
1536 3536 1667 3609 minime

84 3626 293 3689 mercatione.
330 3628 517 3697 Autonoeius
551 3646 675 3709 qaoque
709 3629 848 3697 oratione
898 3627 986 3691 tritt
1010 3647 1026 3685 u
1055 3628 1129 3701 Qum
1158 3636 1312 3711 postrema
1332 3629 1427 3691 verba
1445 3628 1590 3697 nonnihil
1600 3629 1667 3693 obs

85 3717 174 3795 prima
188 3718 248 3783 suh
262 3719 409 3785 initium:
425 3720 577 3785 ouantia
594 3722 802 3797 inventorem,
818 3726 850 3782 et
898 3739 973 3783 orrro
995 3728 1089 3799 sunt3
1118 3719 1171 3781 sed
1188 3720 1232 3781 ita
1255 3720 1388 3799 intelligi
1419 3721 1554 3783 dehent:
1585 3722 1667 3795 Quo·

84 3824 223 3888 mgnum
244 3811 422 3875 &monem
444 3817 533 3879 uocat
556 3812 747 3874 diabolum⁶.
774 3834 787 3875 ι
810 3814 849 3872 Et
898 3811 984 3873 niam
1018 3814 1097 3875 Deras
1124 3817 1158 3873 iu
1186 3812 1332 3881 omnibus
1357 3812 1481 3876 frrttuus
1502 3812 1668 3892 aliquando

84 3900 210 3979 untur
244 3903 474 3967 Alexandrinus
503 3904 617 3985 possim
631 3902 657 3967 t.
687 3906 726 3969 Et
762 3909 848 3967 sexta
899 3904 1033 3981 dicitur,
1067 3921 1221 3983 nusquam
1259 3904 1402 3981 malitis,
1442 3913 1473 3965 et
1506 3910 1667 3983 peccatum

84 3994 211 4071 ryuodus
234 3995 267 4059 in
296 3995 419 4059 Decreta
437 3995 527 4059 Fidei
544 3997 665 4058 actione
685 4012 771 4059 πνοι.
803 3995 854 4058 Sic
901 3995 993 4057 dolrot
1025 3995 1202 4057 consistere.
1239 3996 1269 4056 Si
1304 3995 1390 4059 enim
1427 3996 1542 4071 alicubi
1575 4014 1668 4076 repe-

85 4086 166 4155 ttiorn
203 4088 374 4169 Gregorius
406 4089 618 4153 Nazianzenus
651 4089 791 4152 oratione
820 4088 852 4149 ia
902 4088 1020 4169 riatur,
1049 4087 1092 4148 ibi
1115 4088 1199 4149 Deus
1219 4104 1283 4149 non
1309 4088 1388 4165 erit3
1423 4093 1516 4167 atque
1543 4088 1586 4151 ita
1611 4087 1667 4153 ial-

84 4289 189 4359 ιιιμίιιιν
214 4290 331 4362 γίνηται,
354 4290 483 4364 ίμίριννος
511 4288 654 4363 apostasia
680 4288 748 4361 παρὰ
770 4289 849 4357 πάσης
896 4288 926 4347 τὸ
939 4288 1088 4361 δημιουργὸν
1101 4286 1174 4343 airis
1187 4288 1307 4361 ἁμαρτίας
1315 4288 1433 4361 ίιπάρχειν
1442 4290 1483 4347 καί
1494 4290 1601 4364 είριτήν,
1614 4298 1667 4349 oto.

86 4368 144 4424 ίσται
155 4376 198 4443 τῆς
206 4372 322 4437 ατίσεαις,
336 4372 378 4426 καί
389 4377 439 4427 τῶν
450 4371 474 4427 iv
488 4372 846 4446 rp‘aoitpoavsaoitcopivorv‚
933 4386 948 4433 c
967 4373 1070 4439 Anulu-
1089 4370 1122 4425 ‘0
1135 4376 1178 4441 τῆς
1196 4372 1280 4435 κακίας
1295 4371 1400 4444 siper-qq,
1423 4374 1463 4431 καί
1483 4375 1559 4447 μέγας
1574 4376 1669 4448 δαίμων

86 4453 118 4505 ταί
129 4461 176 4507 τῶν
185 4454 248 4526 μηδὲ
259 4458 303 4522 τῆς
318 4453 396 4527 ἀρχὴν
408 4454 446 4507 ἐπι
460 4456 594 4522 δεηθέντων
608 4456 756 4527 καθάρσεως.
898 4455 912 4508 ὁ
927 4455 1052 4516 διάίολος.

115 4538 226 4607 aldem
251 4538 337 4609 Grtg.
355 4538 448 4602 Ταῦτα,
470 4538 511 4590 καί
532 4537 563 4590 τὰ
582 4542 684 4590 τοιαῦτα
697 4536 848 4608 παραδίδωσι
933 4536 1066 4593 dCrutt.
1084 4536 1205 4595 {loide
1220 4536 1347 4594 Adorei.
1361 4538 1467 4613 Είιρετής
1482 4540 1600 4614 ἁμαρτίας
1616 4561 1623 4597 :
1640 4547 1671 4597 ut

86 4618 328 4693 tiplpupsortprov
343 4625 386 4688 τῆς
403 4620 468 4687 θείας
482 4618 693 4692 ἔνανίίρωττιξσεως.
705 4618 738 4672 δι’
752 4615 787 4672 ὦν
800 4618 848 4692 γὰρ
899 4628 926 4676 et
941 4621 963 4675 X
979 4623 1011 4677 itt
1023 4624 1108 4675 Joatt.
1134 4621 1183 4689 Τῆς
1209 4620 1330 4693 ἁμαρτίας
1345 4620 1408 4696 ἀρχή
1427 4643 1433 4679 :
1449 4628 1476 4678 ti
1492 4624 1558 4679 libro
1583 4624 1670 4695 ptimo

87 4703 206 4776 auspi-[iq
220 4708 253 4777 τῇ
270 4700 449 4775 ἇνίριοιτότητι,
464 4702 505 4756 διὰ
521 4704 619 4757 πάντων
632 4708 682 4756 τῶν
694 4705 738 4767 τῆς
756 4701 849 4772 ρίοειος
899 4709 1005 4758 contra
1019 4705 1132 4758 Nestor.
1146 4710 1172 4759 ei
1189 4711 1257 4759 utut.
1275 4705 1395 4776 paschali
1405 4723 1461 4761 itt.
1475 4704 1589 4781 Ἀνομίας
1603 4707 1669 4781 sirpe·

89 4782 215 4857 Βουρέων
226 4787 371 4859 γενόμενος,
390 4786 507 4859 γενέσεώς
520 4805 557 4849 τε,
581 4785 622 4838 καί
642 4784 788 4859 ἀνατροφῆς,
808 4786 848 4837 καί
898 4787 941 4853 τής
957 4804 964 4840 :
980 4791 1007 4853 ot
1022 4785 1141 4857 pusuituli
1158 4803 1214 4842 xvu
1229 4793 1256 4843 ei
1273 4803 1367 4843 xxvtu.

91 4866 207 4935 ἨΜ
217 4869 261 4923 Ὡί
276 4870 351 4943 μίκρῑ
364 4872 407 4937 τῆς
430 4873 474 4923 ῗῠῦ
488 4870 592 4922 θανᾶτου
606 4867 690 4940 πείρας
712 4865 847 4931 flumini,
935 4884 951 4924 e
969 4867 1086 4925 Nissen.
1112 4868 1158 4923 Ἐν
1172 4869 1253 4941 τούτῳ
1267 4871 1294 4923 δέ
1308 4891 1350 4943 μοι
1365 4871 1489 4925 tortitiis
1504 4872 1612 4945 παντελῆ
1627 4878 1670 4945 τῆς

91 4947 283 5025 rlzpoupsprivr
291 4952 375 5005 πάντα
382 4952 565 5024 κατείργασται,
574 4952 617 5004 τόν
628 4968 654 5003 τε
665 4950 792 5022 ἄνθρωπον
807 4952 850 5017 τῆς
898 4950 983 5015 κακίας
997 4950 1133 5024 ἀφανισμὸν
1161 4953 1316 5025 δογματίζειν
1339 4954 1353 5007 ὁ
1366 4955 1450 5026 λόγος.
1470 4952 1492 5007 si
1509 4953 1557 5033 γὰρ
1572 4953 1596 5010 ίν
1611 4960 1670 5012 τοῖσι

91 5032 328 5108 ωίαςίλενίιρῶν,
348 5034 391 5086 καί
418 5032 490 5087 citor
518 5034 611 5103 τδντῆ
644 5033 731 5095 κακίας
751 5031 849 5105 supet-qv
900 5036 950 5097 τοῖς
963 5028 1030 5088 οὖσιν
1045 5035 1059 5089 ὁ
1073 5036 1125 5098 (tros
1139 5034 1206 5090 ἔσται
1220 5035 1235 5105 ἡ
1249 5036 1320 5089 κακία
1334 5036 1427 5105 δηλαδὴ
1439 5035 1463 5090 iv
1477 5040 1530 5103 τοῖς
1543 5032 1611 5094 οὖσιν
1626 5040 1671 5095 οὐκ

93 5110 189 5185 heroe.
212 5115 279 5180 ίασις
296 5118 345 5189 γάρ
374 5114 437 5171 ἔστιν
464 5055 630 5189 effectius}
657 5109 702 5170 τοῦ
728 5118 851 5188 νοήματος
900 5115 977 5171 ἔσται.
994 5117 1015 5171 εί
1028 5119 1075 5191 γάρ
1089 5136 1125 5180 τις
1136 5118 1251 5173 tritomo
1264 5119 1376 5191 κᾴκείνην
1387 5114 1457 5183 rivos,
1470 5127 1523 5185 πῶς
1535 5123 1670 5190 σωθήσεται

91 5198 202 5271 ὥροις,
215 5199 388 5262 αᾶνίιτίπονος
400 5197 427 5274 ᾖ.
899 5200 928 5255 τὸ
941 5198 966 5254 iv
979 5203 1039 5257 πᾶσι
1054 5201 1096 5255 τὸν
1111 5201 1164 5255 θεὸν
1188 5195 1269 5268 είναις
1297 5201 1313 5270 ἡ
1336 5201 1384 5275 γὰρ
1402 5202 1549 5275 ίπεξαίρεσις
1569 5203 1668 5275 ἐκείνης,

121 5282 135 5336 b
153 5284 278 5343 Ιίῑπνοο.
308 5280 386 5354 apud
406 5283 503 5375 Βμίρίι.
526 5283 594 5340 haet.
618 5301 690 5349 uttv,
706 5299 787 5340 num.
802 5282 848 5339 56.
900 5282 987 5352 ἐλλιπῆ
1001 5290 1051 5338 τῶν
1065 5286 1163 5338 πάντων
1177 5284 1301 5352 ποιεῖτὴν
1322 5286 1459 5359 περίληψιν.
1475 5285 1561 5342 ἁλλ’ὁ
1578 5285 1602 5341 lv
1617 5289 1669 5349 τοῖς

6 5360 7 5433 ς
95 5360 187 5434 Ἐπειδὴ
201 5368 352 5431 hirmos,
368 5368 397 5419 ὃν
408 5366 528 5439 ἁμαρτίαν
541 5373 583 5422 νῦν
598 5360 670 5430 οὗτος
685 5365 793 5431 ἐκάλεσε,
809 5365 850 5419 διὰ
899 5369 971 5420 πᾶσιν
986 5365 1110 5441 ἐσόμενος,
1126 5366 1150 5421 ἔν
1167 5370 1219 5428 τοῖς
1234 5362 1342 5439 μὴοίισιν
1354 5367 1398 5421 oria
1410 5368 1488 5422 ἔσται.
1654 5374 1656 5379 ’

114 5473 553 5530 ίΙΜΙσονιαΙσπο.σιρ.ιειιινιιι.
