3984 6176
452 406 502 467 DE
522 406 687 468 ostricie
707 405 781 469 SEX
802 404 962 482 DIERUM,
985 406 1058 468 LlB.
1082 407 1106 469 1.
1128 405 1211 469 GAP.
1234 406 1272 467 ll.
1599 408 1654 470 lot
1737 436 1742 443 ·

92 567 167 643 dixit,
181 566 278 649 primo
294 565 364 629 eseli
380 566 613 634 fabricationem
628 587 694 633 esse
711 569 836 645 motam,
871 569 968 632 illud
982 570 1095 634 coelum
1109 569 1224 633 nullius
1235 568 1375 632 sendbns
1385 567 1584 647 discernitur3
1600 589 1659 634 nso

91 657 164 740 quod
183 660 249 721 lecti
268 660 364 721 instar
377 668 466 736 oeset,
486 660 617 742 loquens
627 663 687 724 sio:
703 660 741 724 ln
752 661 842 744 pn'n·
889 662 988 741 aliter,
1012 680 1107 744 quam
1133 662 1313 725 auctoritate
1340 661 1416 737 sola,
1442 664 1474 725 et
1496 661 1659 725 doctorum

91 749 230 832 npnfoert
242 750 511 830 amatunam
523 759 570 816 est
583 772 639 834 per
651 753 841 835 principium
890 755 1036 837 opinione
1056 756 1211 818 statuitur.
1238 756 1282 816 elo
1301 753 1379 817 Mosi
1396 754 1523 835 quidem
1545 773 1659 836 propo-

90 842 190 907 isctum
202 860 263 905 esse
275 843 401 921 ooelum,
411 850 550 926 utsupra
560 845 837 908 monstravimus.»
889 850 984 909 situm
1005 847 1109 924 inisse,
1133 846 1284 929 plerique,
1305 846 1389 927 quod
1408 864 1501 928 supra
1515 846 1657 925 memini,

123 935 239 1012 imum,
262 935 337 1016 quia
357 938 493 1000 soeundo
518 937 568 1000 die
594 937 839 1015 firmamentum,
890 940 1076 1002 confirmant
1097 944 1250 1013 veterum,
1274 938 1449 1001 ludaeosab
1469 939 1660 1018 sugentium

91 1028 388 1106 quodcstooelum‚a
411 1030 474 1092 ileo
496 1029 656 1092 conditum
669 1029 841 1110 essepanlo
889 1032 1088 1113 persuasione
1101 1030 1661 1111 longiusabclucerequeeoelestibus

91 1125 149 1200 posi
164 1120 257 1182 Moses
275 1119 380 1189 refert,
410 1139 448 1183 eo
470 1121 611 1202 plerique
623 1127 697 1184 sunt
709 1121 840 1197 inducti,
891 1123 1073 1205 corporibus
1098 1123 1294 1186 divinitatem
1320 1123 1585 1203 aeternitatemque
1608 1123 1662 1184 tri·

14 1252 16 1255 v
92 1216 121 1273 ut
130 1230 188 1273 non
198 1211 378 1275 uniusmodi
391 1213 505 1275 mlum
513 1213 679 1295 utrobique
687 1214 843 1276 nominari
892 1215 1017 1277 huebat.
1033 1216 1138 1296 ltaque
1150 1213 1268 1277 librum
1281 1231 1374 1276 suum
1387 1233 1407 1276 a
1420 1214 1575 1277 contrario
1588 1214 1663 1294 dog·

92 1303 241 1379 aderent,
260 1305 317 1366 sed
339 1304 449 1368 saltem
469 1306 603 1387 duplex3
625 1294 843 1387 quorumpri·
893 1313 975 1370 mate
988 1308 1092 1370 statim
1105 1326 1250 1370 exorsum
1266 1312 1386 1388 putant,
1401 1312 1437 1370 nt
1451 1302 1488 1368 ea
1498 1307 1575 1387 ipsa,
1591 1324 1662 1387 quae

14 1417 60 1465 „n
92 1412 165 1457 mam
188 1401 258 1458 ante
285 1396 351 1458 dies
372 1414 437 1474 sex,
461 1396 550 1462 initio
572 1415 644 1460 cum
664 1405 748 1460 terra
769 1416 842 1479 pro·
892 1400 1073 1481 suspiciunt,
1095 1418 1131 1462 ac
1144 1417 1268 1462 summa
1279 1399 1480 1462 veneratione
1492 1398 1662 1478 dignantur

14 1474 53 1580 ξ,
92 1487 201 1564 μανίη
227 1488 361 1551 alterum
382 1489 600 1552 dissonando.
628 1490 719 1553 Prius
737 1495 843 1552 antem
892 1492 1047 1569 homines,
1067 1492 1182 1554 sonent
1199 1510 1219 1553 a
1239 1494 1303 1554 Deo
1318 1490 1549 1554 esseiahricata.
1567 1490 1661 1571 Atqui

14 1588 68 1639 Ψ·
92 1578 156 1641 illud
176 1579 288 1642 ooelum
310 1598 492 1661 supremum
514 1600 579 1645 esse
598 1581 843 1662 voluntasque
893 1585 1006 1647 coslum
1019 1585 1098 1647 illud
1108 1584 1315 1665 potissimum,
1330 1582 1415 1664 quod
1428 1583 1561 1663 videtur,
1578 1583 1663 1663 quod

14 1642 57 1729 Ε.
92 1671 140 1732 ml>
160 1678 317 1752 aspectum
342 1674 477 1750 cadere;
503 1674 557 1737 sed
591 1674 782 1756 Angelorum
808 1692 844 1737 ac
893 1678 1037 1739 solemne
1050 1677 1153 1738 stellas
1168 1677 1317 1754 conduct,
1337 1676 1422 1757 quod
1435 1677 1555 1738 assidue
1569 1694 1664 1755 supra

92 1761 233 1826 latomm
274 1782 341 1826 esse
375 1765 580 1827 domicilium.
614 1765 659 1828 lta
690 1766 843 1828 Diodorus
893 1767 993 1847 capita
1010 1785 1065 1828 sna
1083 1765 1277 1842 volvebatur,
1299 1763 1514 1844 intelligebant
1531 1765 1593 1839 isti,
1609 1764 1663 1844 qui

91 1855 226 1917 lenosis
258 1856 295 1918 in
332 1854 445 1920 Caleno
474 1857 637 1940 lipomani
647 1878 656 1934 ;
689 1858 744 1939 qni
772 1858 842 1920 cosli
893 1858 922 1919 ei
933 1857 1147 1920 adscribebant
1159 1857 1369 1933 divinitatem
1384 1874 1443 1918 neo
1456 1856 1495 1919 de
1508 1856 1569 1919 alio
1580 1857 1664 1918 loeu-

91 1947 197 2009 aominc
214 1965 281 2009 non
299 1948 484 2028 aspectabile
501 1950 572 2025 hoc,
588 1955 620 2011 et
631 1948 772 2024 inferius,
787 1949 842 2012 sed
892 1956 943 2012 tus
961 1958 1007 2013 est
1021 1950 1188 2031 Propheta,
1212 1966 1284 2011 cum
1302 1949 1336 2010 in
1354 1948 1408 2011 Pa.
1434 1965 1461 2010 cr
1474 1949 1519 2010 ita
1531 1948 1660 2030 scripsit,

90 2038 240 2116 minius,
253 2058 294 2101 ac
303 2040 440 2102 divinius
447 2040 685 2122 intelligendum
692 2041 747 2118 ait,
758 2041 842 2122 qnod
892 2043 987 2105 Initio
1003 2050 1048 2120 tn,
1067 2041 1202 2121 Domine,
1225 2048 1338 2104 terram
1356 2038 1512 2122 lundam
1527 2049 1557 2103 et
1576 2044 1683 2123 opera

90 2129 177 2193 raian
195 2131 263 2193 oali
290 2132 450 2213 Scriptura
474 2134 625 2195 nominat
649 2133 842 2213 Epiphanius
893 2152 1034 2196 mannum
1052 2141 1171 2196 tuarum
1191 2140 1258 2194 rant
1276 2131 1354 2195 ccli.
1374 2131 1442 2213 Ipsi
1459 2130 1613 2214 pen'icnt,·
1631 2139 1665 2194 ln

90 2222 150 2285 item
173 2224 206 2285 in
227 2223 311 2285 libro
338 2223 374 2285 de
400 2224 558 2298 τοιουτου,
593 2233 623 2287 et
651 2224 839 2307 ponderibus,
892 2229 1274 2308 coenomanensem.
1295 2223 1477 2303 Complures
1495 2228 1666 2286 autemsa-

94 2315 202 2394 sprimo
214 2315 376 2378 disiectos
389 2335 456 2379 esse
473 2317 549 2378 dicit
566 2317 740 2398 superiores
753 2316 843 2380 orbes
893 2328 1038 2400 premam
1064 2316 1142 2378 illud
1169 2315 1293 2393 caelum,
1322 2314 1407 2396 quod
1432 2320 1463 2376 et
1478 2314 1665 2397 Empyreum

90 2406 255 2489 calicique
264 2413 386 2470 terram
395 2406 446 2470 ’.ν
462 2408 593 2471 Basilius
607 2427 731 2489 quoque
743 2408 844 2471 homi·
892 2414 1015 2489 nocant,
1028 2409 1244 2490 incorruptum
1258 2425 1324 2470 esse
1336 2410 1457 2485 putant,
1473 2412 1505 2469 et
1517 2408 1664 2470 immuta·

91 2497 225 2574 laertia,
237 2506 269 2562 et
288 2498 505 2574 Ambrosius¹,
528 2500 712 2577 Gasanns’,
727 2498 843 2562 etPlni·
893 2503 973 2579 hile;
994 2520 1091 2582 qnare
1113 2502 1152 2563 de
1172 2501 1232 2563 hoc
1253 2500 1307 2561 illa
1326 2498 1490 2561 minimae
1507 2499 1665 2581 Ptopheta

90 2589 232 2671 lopnnns⁸‚
258 2592 319 2673 qni
345 2592 592 2655 Firmamentum
618 2593 776 2654 diversum
801 2591 843 2653 ab
894 2593 1010 2658 inerint
1023 2594 1116 2655 dicta.

90 2681 142 2757 illo,
154 2683 319 2763 quodcum
333 2690 418 2746 terra
430 2683 547 2746 iactam
560 2688 841 2758 essememoratur‚
934 2686 1059 2749 Atenim
1096 2684 1230 2748 occurrit
1272 2685 1409 2748 loannes
1453 2683 1663 2764 Philoponus,

90 2773 185 2838 οοθυοι
204 2793 269 2839 esse
289 2776 440 2851 sentiunt,
463 2776 626 2839 sublimius
638 2775 795 2856 quoddam
809 2774 844 2837 in
895 2778 1013 2842 mirum
1034 2777 1154 2840 nemini
1175 2781 1318 2858 oportere
1336 2776 1446 2853 videri,
1470 2774 1554 2857 quod
1567 2776 1667 2838 Moses

90 2865 218 2948 oncupio
256 2875 400 2931 creatum
439 2874 620 2948 agnoscunt.
658 2867 845 2930 Severianus
895 2869 966 2933 coeli
989 2869 1163 2949 eujusdam,
1189 2870 1274 2949 quod
1294 2869 1390 2932 oculis
1407 2867 1501 2949 aspici
1520 2871 1664 2947 nequeat,

91 2959 481 3041 pniermhomiliaprima,
501 2960 648 3031 «Primo,
664 2959 777 3039 inquit,
792 2958 844 3020 <lie
895 2959 1212 3025 mentionemiecerit.
1238 2983 1253 3020 a
1272 2961 1352 3022 Nam
1363 2978 1464 3039 neque
1480 2964 1553 3021 ante
1564 2958 1665 3021 Ptole·

90 3049 196 3128 smum,
218 3051 307 3133 quod
330 3071 395 3114 non
412 3058 490 3129 erat,
514 3052 670 3128 condidit;
694 3050 842 3128 nonhoc,
895 3072 1024 3131 marum,
1060 3059 1091 3116 ct
1124 3052 1346 3132 Hipparchum,
1375 3049 1667 3115 mathematicorum

90 3142 158 3221 qood
174 3143 331 3221 videmus,
355 3144 409 3206 sed
435 3145 588 3225 superius.
610 3146 676 3205 Hoc
694 3144 779 3205 enim
795 3142 845 3205 die
895 3147 978 3208 ullus
991 3162 1108 3206 nonam
1121 3145 1275 3224 sphaeram
1286 3144 1382 3206 stellis
1390 3148 1547 3205 carentem
1555 3161 1668 3223 cogno-

91 3235 205 3296 nemea
219 3235 341 3298 θοοιιιιιι
355 3241 412 3298 est.
433 3236 515 3298 Fecit
528 3237 609 3298 Deus
626 3236 741 3297 eoelnnr
753 3235 842 3308 illud,
895 3235 1107 3300 veracensrd
1120 3233 1206 3297 aliud
1219 3240 1265 3298 est
1278 3235 1406 3297 eruditis
1418 3232 1546 3313 auribus
1557 3252 1668 3297 recon-

91 3324 186 3406 dsqno
199 3327 300 3390 David
313 3327 409 3390 dicit:
428 3325 547 3390 Coelnm
560 3325 847 3389 coeIiDomino⁸.Fst
895 3331 961 3392 dita
986 3327 1050 3396 illa,
1080 3332 1111 3389 et
1136 3326 1277 3389 abstrusa
1304 3326 1515 3402 committere3
1538 3326 1669 3388 aliudia

91 3423 179 3481 taem
202 3417 349 3500 superior
375 3418 436 3481 ista
462 3418 651 3500 contignatio
659 3427 681 3480 ⁰.
715 3439 731 3477 υ
759 3418 846 3481 idem
896 3420 1010 3500 vulgus
1031 3418 1192 3481 indoctum
1211 3419 1279 3480 siue
1300 3418 1366 3480 ullo
1384 3436 1487 3499 opera
1501 3418 1601 3499 pretio
1614 3418 1668 3479 de-

91 3511 337 3575 massennes
363 3511 569 3573 Damascenus
594 3509 677 3572 libro
696 3510 844 3586 secundo,
898 3527 1053 3594 promere.

91 3600 173 3680 apite
196 3620 239 3680 rr,
266 3603 354 3665 Beda
377 3603 411 3664 in
432 3602 653 3680 Hencemeron,
680 3620 716 3665 ac
743 3602 847 3683 plures
937 3606 992 3681 Ao,
1011 3601 1096 3683 quod
1109 3601 1149 3664 ad
1164 3603 1278 3665 ooelum
1297 3601 1387 3665 istud
1400 3601 1542 3664 omnium
1560 3621 1668 3682 supre-

92 3689 141 3755 alii.
899 3712 999 3771 mum,
1021 3713 1122 3774 neque
1145 3694 1203 3756 sub
1223 3700 1382 3775 aspectum
1404 3695 1518 3757 cadens
1545 3695 1667 3772 attinet,

16 3794 72 3905 a
123 3784 192 3848 vlit.
211 3786 343 3862 Verum,
359 3803 442 3864 eum,
458 3792 495 3848 ut
508 3785 598 3848 initio
607 3785 681 3860 dixi,
697 3786 796 3848 Moses
808 3784 847 3847 ad
899 3787 1031 3851 minime
1044 3785 1077 3849 id
1088 3786 1215 3865 quidem
1225 3786 1355 3848 inficiari
1369 3785 1451 3860 licet,
1465 3804 1531 3849 esse
1543 3785 1671 3847 beatum

71 3874 268 3958 'iudeorum
290 3877 413 3941 hebetis
432 3896 469 3941 ac
487 3878 575 3941 rudis
590 3877 707 3959 populi,
723 3883 849 3959 captum
900 3879 1067 3961 quoddam,
1079 3896 1116 3939 ac
1129 3878 1251 3940 eoeleste
1260 3895 1355 3959 supra
1363 3877 1470 3939 omnia
1478 3877 1671 3939 domicilium

93 3965 303 4047 islascnberet,
318 3989 382 4032 non
395 3969 626 4042 &transimile
642 3969 747 4032 statim
760 3970 850 4032 natio
902 3970 1039 4051 Angelis,
1054 3974 1086 4031 et
1099 3969 1213 4031 sanetis
1229 3968 1376 4032 omnibus
1393 3967 1588 4030 attributum.
1609 3967 1670 4030 Sed

93 4055 159 4137 libri,
182 4061 252 4125 coeli
278 4062 409 4124 nornine
434 4061 520 4123 aliud
547 4060 678 4140 intelligi
703 4061 848 4138 voluisse,
901 4061 1075 4144 eujtrsmodi
1087 4061 1137 4136 sit,
1153 4062 1279 4122 nonnisi
1292 4060 1476 4140 conjecturis
1486 4058 1672 4121 ethmnanis

94 4167 172 4230 mam
196 4153 283 4234 quod
304 4152 399 4233 ungo
426 4152 509 4215 docti
535 4170 656 4228 omues,
686 4158 718 4214 et
734 4151 851 4215 indocti
902 4152 1087 4218 commentis
1110 4152 1257 4215 asseritur
1279 4151 1301 4215 ⁸.
1325 4151 1458 4215 Sanctus
1477 4150 1611 4213 Thomas
1633 4151 1672 4214 de

93 4243 148 4304 roci
171 4244 215 4307 illi
239 4244 430 4325 subjiciunt,
459 4249 490 4305 et
517 4244 601 4324 quod
625 4244 659 4305 in
684 4244 851 4324 Scripturis
901 4247 961 4309 hoc
971 4246 1047 4308 coelo
1067 4263 1133 4307 non
1145 4245 1235 4306 aliter
1255 4249 1396 4307 constare
1420 4241 1673 4324 dieit,qname1

94 4336 188 4398 arcas
209 4337 323 4419 sepius
356 4336 553 4418 exprimitur.
588 4336 629 4398 nt
664 4353 848 4416 supremum
904 4337 1019 4415 Strabi,
1033 4354 1069 4398 ao
1083 4336 1174 4399 Beda
1188 4335 1380 4411 auctoritate,
1398 4335 1574 4398 tumeliam
1587 4336 1672 4399 Basi-

121 4529 139 4569 υ
153 4515 274 4571 Tutoris.
286 4512 335 4571 lib.
352 4513 376 4569 ll
392 4511 435 4570 ad
447 4511 549 4570 Auioi.
567 4511 709 4584 ’Ἄνθρωπος
722 4511 769 4585 γὰρ
782 4514 850 4568 aare
901 4512 982 4586 ἡμέρᾳ
995 4509 1095 4579 incipet
1105 4510 1162 4572 τοθς
1178 4508 1313 4581 ἂνωτέρους
1327 4507 1507 4582 eriperetquis
1521 4513 1578 4583 γῆν,
1594 4517 1648 4568 ete.

95 4595 131 4651 in.
145 4597 241 4673 ἔρχεται
263 4595 290 4651 ia
307 4601 351 4665 τῆς
371 4599 416 4668 γῆς
433 4595 588 4668 οἰκοδομεῖν,
611 4595 653 4648 nal
667 4593 696 4648 οθ
710 4596 771 4666 πρὸς
783 4594 850 4657 τάξιν
937 4595 1070 4651 essina.
1088 4592 1164 4649 hom.
1181 4608 1200 4648 1.
1225 4591 1345 4661 Ἐποίησε
1364 4593 1408 4647 τθν
1426 4591 1528 4665 οθρανθν
1551 4592 1669 4666 pitiana

96 4676 176 4733 θύηται
191 4681 233 4734 sal
253 4679 298 4748 τὴν
320 4678 412 4750 ὀροφὴν
428 4682 546 4747 ποιῆσαι,
566 4675 607 4731 ἰὰν
628 4675 661 4750 μὴ
681 4676 723 4731 τδν
738 4678 850 4750 θεμέλιον
902 4677 930 4733 oi
951 4682 1051 4743 τοῦτον,
1074 4674 1140 4730 ἀλλὰ
1159 4675 1202 4730 sbi
1225 4673 1348 4747 θτιράνω.
1363 4667 1433 4736 οὗτος
1446 4673 1494 4748 γὰρ
1521 4679 1552 4748 τῇ
1575 4677 1675 4751 δευτέρᾳ

96 4756 204 4829 θῶνται·
219 4765 277 4818 θεοῦ
289 4760 317 4816 ii
336 4761 366 4815 τθ
385 4761 488 4816 δυνατδν
512 4758 539 4814 θυι
555 4760 643 4814 τούτου
659 4759 790 4814 δείκνυται·
808 4761 852 4815 ἵνα
903 4759 1008 4834 ἐγένετο.
1029 4757 1237 4829 insinceritate
1255 4758 1298 4813 tin
1319 4757 1420 4831 υθρανθν
1437 4759 1479 4811 τὸν
1495 4757 1556 4813 ἅνω.
1578 4761 1633 4833 περὶ
1646 4755 1675 4814 οὗ

97 4850 177 4912 τρίπον
189 4845 232 4918 pte
247 4842 273 4907 θξ
286 4845 331 4898 adn
343 4844 421 4898 ὄντων
435 4847 498 4916 πονῇ
514 4842 545 4897 τὰ
556 4845 681 4916 γινόμενα,
698 4844 777 4906 ιιαθθνς
795 4842 852 4915 βοθ-
902 4844 978 4898 natta
992 4843 1069 4915 lipsi·
1089 4842 1105 4897 θ
1123 4840 1225 4914 οθραυθς
1239 4839 1344 4914 οὐρανοῦ
1358 4846 1395 4914 τῷ
1421 4841 1506 4913 κυρίῳ.
1520 4839 1631 4917 inspiras
1648 4845 1676 4899 tl

98 4922 160 4978 irre·
171 4927 259 5000 rdqlsp
271 4926 338 4999 sapic
347 4925 482 4998 ἀνθρώποις
496 4924 611 4980 ἀδύνατα.
619 4925 710 4979 δυνατά
724 4923 775 4980 ἔστι
785 4925 853 4999 παρὰ
903 4924 953 4981 lon
960 4929 1044 4980 τοῦτο.

99 5005 143 5077 θῆι
154 5011 191 5064 at
203 5012 246 5064 nai
259 5010 275 5064 ὁ
287 5009 419 5082 Προφήτης
431 5014 529 5082 πρῶτον
547 5006 627 5082 ιῐρνμτ
640 5007 685 5076 τὴν
696 5008 795 5076 ποίησιν
808 5011 853 5063 τοῦ
937 5007 1045 5065 dican.
1062 5006 1172 5063 Paltos.
1188 5005 1235 5063 lib.
1248 5006 1259 5062 l
1272 5004 1309 5064 de
1318 5004 1404 5082 opis
1415 5022 1476 5078 asp.
1487 5023 1536 5065 vll.
1560 5007 1606 5072 Ὦς
1618 5009 1675 5065 otti

101 5089 185 5161 (envoi
199 5093 353 5165 γιγινῆυθοι,
370 5094 462 5164 τρθτον
477 5090 598 5165 θτθχοντα
610 5090 710 5164 θρυρῆς,
722 5090 811 5163 λέγων·
827 5089 852 5144 ἰν
902 5098 952 5146 τῶν
969 5091 1017 5163 πρδ
1029 5090 1197 5163 Πτολεμαίου,
1212 5091 1252 5143 καθ
1270 5088 1412 5162 Ἱππάρχου
1427 5090 1600 5164 μαθηματικῶν
1617 5092 1674 5149 otti

18 5238 19 5245 ρ
102 5168 153 5246 ‘m
170 5173 282 5244 θτοθηστν
302 5174 317 5229 θ
339 5175 392 5237 istc
412 5175 453 5229 τὸν
476 5174 589 5247 siparis,
617 5174 727 5229 naasion
749 5173 791 5227 διὰ
810 5178 854 5242 τῆς
904 5167 940 5236 οἷς
953 5174 997 5241 τὴν
1019 5171 1129 5242 intimi,
1148 5173 1190 5226 nal
1210 5173 1297 5226 τᾶοῶν
1321 5169 1407 5234 ἔξωθεν
1429 5175 1534 5246 σφαῖραν
1556 5176 1608 5250 pin
1631 5174 1674 5243 τὴν

18 5260 20 5329 ρ
102 5252 853 5331 θηῆιγιγινῆοθτιτδνοθρτνθναυθὼςθρθημινδτδηλουιθναι,
904 5257 1035 5330 ἄναοτρον.

18 5342 20 5369 '
131 5338 249 5398 bssrlru.
265 5341 311 5399 lb.
326 5341 598 5399 donimanum-22
616 5339 853 5413 Τῇμθνγθριιριθιῃ

126 5441 192 5489 tua
206 5444 516 5494 illimem-icant.
531 5444 586 5494 dial.
600 5442 1067 5499 staca.u.-arnttltl.lleopll.a
1082 5438 1502 5497 vu.-cennn.ts.-an1p.q.
1515 5453 1601 5495 nrm
1614 5442 1636 5490 θ.

249 5534 325 5598 Tou.
346 5534 400 5596 lv.
1518 5533 1552 5593 ll
