4004 6168
622 380 673 444 DE
692 377 857 443 OPlFlGlO
879 377 953 439 SEX
972 378 1133 441 DIERUM.
1609 386 1669 447 573

87 570 190 629 meare,
205 556 265 613 ctc.
280 550 356 614 item
372 567 465 613 serm.
482 554 599 612 narret
616 565 713 610 sxxrs.
726 547 846 608 Euche-
897 560 930 602 vr
956 544 1026 605 adu.
1043 542 1202 624 Apolline.
1227 534 1243 603 c
1257 545 1474 627 Unusquisque
1492 554 1669 609 sanctorum

86 646 144 707 rias
154 644 257 707 senior
279 644 316 705 in
333 644 420 723 epist.
437 660 556 724 parcen.
578 639 620 702 ad
642 638 741 701 Vaier.
759 636 851 699 abiis
898 640 1027 696 catenus
1053 637 1412 717 templumfactusest,r›
1435 645 1491 700 etc.
1512 641 1669 714 Quantum

85 737 188 810 verbis,
235 754 340 798 rerum
372 734 505 797 domiuus
539 743 567 796 tc
606 732 636 793 iu
664 730 849 812 adoptionem
898 743 973 787 vero
994 727 1033 786 ad
1051 728 1250 807 adoptionem
1268 728 1302 790 in
1331 729 1446 792 Psalm.
1479 750 1624 807 xv111,v.
1650 734 1670 792 a

87 832 171 905 amat,
218 833 278 890 etc.
316 827 443 889 anilius
479 825 599 888 Seleuc.
640 828 719 885 orat.
756 839 791 884 vr
818 821 851 882 iu
900 821 974 878 etv.
996 840 1012 875 «
1033 822 1149 881 Omnes
1170 821 1298 900 quidem
1320 822 1462 883 homines
1480 829 1593 884 natura
1615 821 1672 884 Dei

88 917 181 981 dcem.
202 940 217 977 c
240 919 299 981 Dei
325 918 407 979 tilius
432 924 559 980 vocatus
587 921 633 976 est
657 914 850 994 Angelorum
899 916 973 971 sant
985 911 1077 985 servi,
1094 933 1109 971 a
1126 917 1185 977 etc.
1207 919 1285 975 orat.
1300 932 1322 975 x
1340 915 1377 975 de
1391 914 1522 977 Provid.
1543 936 1555 974 c
1574 934 1626 977 eos
1636 916 1671 976 in

87 1011 191 1086 nullm,
206 1032 223 1069 a
241 1017 304 1072 etc.
330 1010 462 1092 Prosper
486 1010 591 1089 Aquit.
616 1027 643 1069 c.
672 1024 746 1069 xxvr
769 1011 847 1067 cont.
898 1002 978 1064 filios
991 1021 1064 1065 suos
1076 1005 1244 1084 adoptavit,
1256 1006 1311 1085 qui
1322 1025 1361 1067 ne
1375 1006 1492 1069 servire
1501 1007 1667 1086 quidem»

87 1102 189 1165 Callet.
216 1124 232 1161 a
258 1103 397 1176 Naturae,
432 1102 547 1182 inquit,
582 1102 728 1162 humanae
762 1098 850 1177 cujus
899 1095 1181 1176 cuiuspiam
1199 1095 1319 1160 Hebroe.
1340 1117 1365 1159 c.
1383 1116 1420 1168 11,
1436 1117 1468 1159 v.
1484 1101 1515 1159 2.
1534 1099 1671 1161 «Unum

88 1196 204 1256 creator
222 1200 270 1256 est
283 1196 379 1270 Deus,
407 1195 499 1256 edum
524 1198 593 1273 post
621 1190 848 1272 praevaricatio-
900 1186 1050 1248 babemus
1063 1190 1197 1266 Patrem,
1213 1195 1245 1251 et
1271 1209 1368 1259 nos.»
1388 1198 1445 1252 eto.
1466 1190 1500 1251 in
1521 1191 1611 1272 epist.
1633 1190 1674 1252 ad

41 1363 43 1368 .
86 1303 162 1361 nens,
177 1291 284 1346 manet
297 1283 479 1352 substantia,
493 1288 600 1344 manet
613 1282 723 1356 forma,
745 1283 851 1340 manet
901 1276 1001 1342 Galat.
1015 1299 1041 1342 c.
1053 1299 1099 1357 vr,
1109 1300 1138 1341 v.
1154 1284 1193 1345 28
1203 1280 1360 1362 adapta.
1376 1301 1403 1344 c.
1422 1302 1445 1358 1,
1457 1302 1487 1344 v.
1504 1286 1522 1343 5
1538 1282 1669 1346 adltorn.

87 1376 152 1453 rita,
165 1382 273 1438 manet
286 1393 406 1453 sensus,
422 1381 453 1437 et
474 1375 563 1448 ratio,
592 1379 765 1452 ceteraque
786 1389 851 1433 ccr-
899 1389 925 1432 c.
939 1390 1057 1446 v111,v.
1074 1374 1113 1433 tl
1126 1372 1182 1434 lib.
1198 1373 1367 1435 dacurcud.
1387 1373 1557 1438 Groecorum
1571 1374 1668 1458 offert.

88 1470 172 1549 poris,
193 1475 288 1548 atque
309 1467 406 1530 ammi
428 1468 521 1542 bona,
546 1485 616 1546 quaa
639 1466 733 1527 etiam
747 1465 848 1540 malis,
899 1480 992 1525 serm.
1009 1483 1034 1525 11
1047 1463 1083 1526 de
1106 1464 1191 1543 mm,
1214 1470 1243 1526 et
1267 1465 1398 1544 iudicio,
1419 1474 1450 1529 et
1471 1466 1544 1528 alibi
1557 1468 1672 1547 passim

87 1560 252 1640 vitiosisque
273 1579 340 1622 non
361 1561 484 1632 desunt,
502 1559 556 1620 sed
575 1577 640 1620 non
658 1556 766 1618 inillis
785 1557 851 1618 veri
899 1556 959 1616 alia
973 1574 1062 1636 aeque
1077 1557 1170 1627 clara,
1194 1563 1226 1619 et
1249 1558 1423 1638 perspicua.
1440 1559 1582 1620 Salonius
1601 1560 1671 1620 dia·

88 1652 153 1713 boni
160 1653 318 1734 perceptio
332 1658 378 1714 est
393 1673 400 1712 ε
417 1670 488 1731 quas
503 1651 667 1712 mortalem
683 1650 779 1711 uum
793 1652 851 1710 ho-
899 1648 961 1727 lug.
978 1649 1009 1710 iu
1019 1669 1127 1730 paru,
1150 1649 1262 1712 Solam.
1284 1672 1300 1708 «
1315 1651 1402 1711 Sicut
1422 1651 1589 1712 divisiones
1602 1669 1673 1729 gra-

89 1750 197 1806 auare
217 1751 363 1824 possunt,
379 1750 529 1805 aternam
543 1742 683 1803 conterre
697 1758 762 1802 non
782 1759 851 1820 pos·
899 1740 1014 1802 tiauun
1035 1740 1175 1821 Angelis,
1201 1748 1233 1803 et
1256 1742 1447 1819 hominibus,
1477 1763 1492 1801 a
1524 1748 1583 1804 etc.
1607 1745 1672 1804 Lac

90 1841 187 1897 sunt.»
203 1834 851 1910 Inhaceademsententiavide,etc.x1x
900 1832 1002 1912 Magn.
1034 1851 1126 1894 serm.
1143 1834 1205 1895 rde
1220 1833 1317 1897 Notis.
1338 1856 1353 1892 a
1367 1835 1516 1915 Agnosce,
1533 1854 1551 1896 o
1567 1835 1671 1897 Chris-

90 1927 124 1988 ab
139 1927 174 1988 ils
185 1928 302 2005 verbis,
322 1929 477 1989 «Naturae
496 1929 642 1987 humana
655 1926 689 1986 in
707 1925 760 1985 illa
773 1925 848 1985 uni-
898 1922 993 2001 tiane,
1012 1947 1024 1983 a
1042 1931 1099 1987 etc.
1124 1932 1156 1986 et
1177 1944 1269 1987 serm.
1284 1944 1342 1988 vn.
1363 1949 1379 1986 a
1401 1930 1511 1990 Omnia
1525 1928 1608 1990 dona
1619 1947 1673 1989 ex-

91 2020 203 2083 versalis
228 2019 497 2099 prevaricationis
510 2017 613 2091 ruina,
632 2039 644 2076 r
663 2024 720 2079 etc.
738 2035 765 2078 c.
780 2036 846 2078 xxr.
900 2016 979 2078 cedit
991 2018 1051 2078 hoc
1064 2019 1196 2095 donum,
1214 2024 1296 2079 rete.
1315 2019 1466 2081 Maximus
1474 2021 1604 2081 Tauria.
1618 2020 1674 2081 ho·

93 2110 121 2172 st
132 2112 211 2173 enim
223 2131 282 2174 nec
300 2112 341 2173 ad
358 2113 417 2172 ista
429 2115 555 2172 terrena
568 2108 741 2170 ordinanda
754 2110 847 2170 ratio·
899 2109 967 2169 mil.
983 2110 1090 2172 habita
1103 2110 1137 2171 ln
1151 2111 1307 2173 solemnit.
1331 2112 1364 2172 S.
1380 2112 1497 2174 Micha.
1524 2135 1540 2172 a
1560 2112 1673 2193 Angeli

91 2204 159 2264 nelis
180 2204 276 2266 animi
304 2204 424 2282 vigeret
449 2201 623 2282 ingenium,
648 2219 713 2261 non
741 2201 850 2261 vitiata
899 2202 1000 2262 vestiti
1017 2203 1163 2264 videntur
1174 2221 1250 2279 esse,
1266 2203 1350 2283 quod
1365 2204 1464 2265 sancti
1479 2211 1562 2266 sunt.
1577 2228 1593 2264 a
1612 2211 1670 2266 eto.

92 2302 169 2373 emet,
182 2297 234 2358 md
248 2295 389 2357 extincta
400 2299 549 2368 naturam
567 2293 643 2354 item
657 2291 795 2354 carmine
814 2290 850 2353 de
900 2293 1086 2356 Claudianus
1110 2297 1285 2357 Mamercus
1307 2295 1362 2356 lib.
1386 2297 1400 2356 I
1421 2295 1456 2357 dc
1480 2304 1547 2358 atat.
1577 2298 1670 2359 onim.

93 2386 379 2468 inpudicum.
401 2387 518 2463 «Quae,
537 2385 619 2459 licet,
636 2389 696 2446 etc.
718 2385 787 2445 Non
801 2390 848 2444 ta·
900 2404 968 2465 cap.
984 2404 1050 2462 xvv,
1070 2387 1204 2448 «eodem
1221 2387 1304 2448 dono
1318 2387 1420 2447 bonus
1434 2393 1480 2448 est
1491 2389 1597 2464 homo,
1610 2408 1673 2469 quc

93 2497 156 2541 neu
167 2480 205 2542 ad
225 2497 336 2542 veram
363 2483 494 2560 possunt
518 2478 686 2557 perducere
706 2477 846 2555 vitam,r
900 2477 1003 2539 bonus
1018 2483 1064 2539 est
1077 2478 1250 2558 Angelus»
1269 2483 1327 2539 etc.
1342 2478 1480 2540 Gelasius
1504 2480 1673 2560 Cyzicenus

94 2576 121 2632 et
132 2579 274 2652 praeterea
285 2573 322 2633 in
335 2590 459 2651 respon.
474 2571 515 2631 ad
523 2588 557 2630 1x
566 2568 668 2651 objeci
686 2568 850 2647 Gallorum,
900 2587 967 2648 par.
984 2570 1025 2645 ll,
1040 2575 1099 2629 act.
1112 2571 1206 2631 Cone.
1222 2570 1291 2632 Nic.
1304 2588 1371 2650 cap.
1379 2588 1434 2630 rvr
1447 2590 1481 2630 n.
1496 2574 1564 2633 ltil.
1586 2575 1674 2634 rPer

97 2684 111 2720 c
128 2665 226 2744 Neque
246 2664 319 2726 baec
340 2663 435 2738 dona,
451 2662 564 2742 inquit,
587 2662 686 2723 itaer
704 2662 765 2723 Deo
786 2678 852 2722 csse
901 2660 1066 2741 praedictas
1088 2679 1138 2723 res
1163 2661 1292 2739 divinas,
1308 2680 1385 2741 quas
1398 2664 1478 2724 Deus
1499 2662 1532 2724 in
1546 2664 1673 2727 homine

95 2756 253 2836 opinemur,
268 2762 318 2832 ut,
333 2753 477 2835 quiaipse
491 2760 612 2815 naturae
621 2760 735 2815 nostra
745 2759 851 2814 auctor
902 2753 1050 2833 reposuit,
1067 2753 1185 2831 dicens,
1199 2753 1370 2831 Faciamus,
1386 2761 1474 2817 aetc.
1491 2760 1523 2816 st
1535 2774 1562 2816 c.
1578 2774 1672 2835 xvrn,

95 2853 142 2921 est,
155 2867 208 2928 per
226 2848 439 2910 conditionem
456 2847 522 2925 jam
536 2848 603 2906 haec
625 2846 790 2907 contulisse
810 2845 854 2906 vi·
901 2863 933 2906 n.
949 2848 1020 2906 tto.
1040 2847 1105 2906 cln
1123 2846 1250 2908 homine
1274 2847 1357 2907 Deus
1377 2846 1416 2906 ab
1429 2846 1517 2907 initio
1539 2853 1673 2909 creatam

96 2939 202 3018 deutur,
220 2963 236 3000 u
253 2947 313 3003 etc.
327 2940 467 3018 loqvtltar
479 2939 518 3000 dc
531 2938 569 2999 iis
589 2938 765 3015 virtutibus,
781 2956 852 3018 quoe
902 2938 1084 3017 sapientiam
1107 2939 1256 3017 reposuit,
1282 2957 1318 2999 ac
1339 2938 1490 2999 sinceram
1505 2939 1553 2998 sui
1576 2940 1674 3001 cbari-

97 3033 287 3096 adimlestem
309 3032 533 3093 beatitudinem
557 3030 760 3091 obtinendam
782 3049 854 3092 con·
904 3034 998 3089 tatem
1007 3030 1173 3109 impressit,
1190 3051 1204 3086 n
1222 3037 1279 3091 etc.
1291 3029 1470 3091 Gennadius
1483 3031 1549 3109 ipse
1569 3031 1624 3092 lib.
1638 3031 1674 3093 de

99 3122 196 3189 lerunt
213 3124 407 3187 Nominatlm
430 3129 535 3184 autem
562 3122 656 3184 fidem
678 3123 786 3183 eximit
814 3123 853 3184 ab
902 3118 989 3181 Eccl.
1009 3119 1106 3199 dopm.
1131 3138 1197 3200 cap.
1213 3139 1301 3181 suni.
1323 3143 1338 3179 u
1352 3121 1474 3202 Angeli,
1495 3123 1595 3202 quiin
1608 3123 1671 3202 illa,

98 3216 173 3277 omni
188 3219 257 3295 jure
285 3222 405 3278 natiuae
436 3216 469 3275 in
489 3233 616 3296 respuas.
632 3213 672 3275 cd
693 3232 730 3275 111
751 3215 851 3295 prim.
903 3230 965 3290 qua
978 3213 1073 3274 creati
1085 3219 1168 3289 sunt,
1182 3212 1372 3275 beatitudine
1384 3225 1593 3294 perseverant,
1608 3233 1674 3276 non

99 3305 157 3369 dat.
181 3309 296 3371 Vicerat.
325 3309 364 3369 ab
392 3308 431 3368 iis
446 3306 560 3384 verbiS,
602 3307 662 3382 Qui
688 3306 792 3369 Fidem
814 3306 854 3369 ool
903 3309 1016 3364 natura
1040 3303 1159 3365 bonsvm
1184 3306 1383 3385 possident»
1407 3312 1464 3368 etc.
1494 3307 1633 3368 Gelasius
1647 3326 1671 3384 1,

101 3399 148 3461 [lei
163 3421 283 3463 munera
303 3420 363 3463 cau
379 3407 472 3480 putot
488 3401 651 3480 perticere,
685 3405 744 3460 etc.
769 3402 853 3461 Cha·
903 3396 992 3476 epist.
1008 3394 1187 3457 rodomum
1201 3397 1306 3477 Epire.
1317 3416 1371 3478 per
1385 3396 1491 3459 Piceu.
1507 3419 1522 3457 u
1536 3398 1673 3479 Angelus

100 3491 208 3554 atatem
230 3512 257 3556 c.
285 3511 350 3554 xxx
372 3499 448 3553 cont.
474 3489 585 3552 Callet.
609 3490 648 3550 ab
676 3490 713 3552 iis
739 3493 852 3566 verbis,
903 3488 1050 3564 adivina,
1066 3506 1129 3567 qua
1142 3488 1365 3566 illustrabatur,
1379 3489 1489 3569 gratia,
1505 3497 1535 3552 et
1550 3491 1672 3572 partici-

101 3600 158 3661 qau
180 3584 209 3646 iu
233 3585 366 3646 omnium
388 3589 430 3644 est
452 3601 520 3645 arce
553 3582 710 3661 uirtutum,
727 3590 783 3646 etc.
800 3586 855 3646 lle
903 3583 1027 3660 paticne
1042 3580 1195 3660 delapsus,
1209 3602 1224 3639 u
1243 3588 1301 3642 etc.
1317 3582 1483 3660 Procopius
1497 3585 1625 3645 Gazaeus
1638 3584 1673 3645 in

101 3674 182 3754 nique
194 3699 209 3735 a
220 3678 258 3739 de
272 3676 405 3757 justitia,
420 3674 636 3755 temperantia.
652 3676 852 3745 continentia,
874 3730 879 3737 ,
904 3690 972 3752 cap.
993 3691 1019 3733 11
1047 3671 1121 3736 Gen.
1141 3675 1252 3736 «Satis
1272 3673 1370 3753 liquet
1381 3674 1518 3736 bominis
1531 3682 1674 3738 naturam

101 3765 313 3845 benevolentia,
334 3786 398 3829 non
419 3785 489 3847 quae
511 3768 715 3848 temporalem
740 3769 856 3831 babent
903 3765 1005 3843 primo
1016 3764 1109 3827 luisse
1119 3765 1249 3845 justitia,
1273 3772 1304 3827 et
1325 3766 1439 3827 virtute
1452 3768 1605 3846 insignem
1610 3812 1671 3831 .....

101 3858 132 3920 de
143 3879 217 3923 vana
233 3862 327 3923 laude
349 3859 534 3935 mercedem,
551 3859 606 3921 sed
627 3878 696 3939 quaa
713 3861 753 3921 ad
768 3861 854 3922 illam
903 3875 1014 3919 verum
1025 3877 1097 3919 cum
1111 3877 1177 3919 non
1190 3858 1291 3918 solum
1306 3876 1427 3919 necesse
1438 3864 1516 3919 esset
1532 3858 1580 3939 lad
1594 3860 1673 3921 salu·

102 3948 246 4015 balaum
274 3954 429 4014 virtutum
462 3952 621 4031 pertinent
640 3952 850 4030 veritatem»
903 3947 977 4029 tem)
994 3957 1030 4009 ut
1043 3949 1101 4010 ista
1112 3949 1299 4011 inhererent
1312 3949 1442 4023 bomini,
1460 3951 1513 4010 scd
1527 3955 1558 4011 et
1572 3951 1671 4031 Spiri-

101 4041 158 4123 lege
183 4052 274 4127 caput
295 4060 407 4106 xxvur.
434 4044 567 4105 Eosdem
591 4044 855 4124 exprimitsensus
903 4047 971 4101 tum
987 4046 1126 4101 sanctum
1151 4041 1294 4101 accedere
1317 4046 1483 4120 oporteret,
1499 4060 1561 4121 quc
1576 4042 1672 4105 bomo

102 4144 195 4199 auctor
207 4140 359 4200 librorum
376 4135 412 4197 de
431 4136 529 4198 locat.
557 4135 640 4199 Gmt.
665 4143 697 4197 ct
710 4137 798 4217 epist.
815 4139 855 4199 ad
903 4134 1102 4213 responderet
1114 4132 1227 4193 divinae
1237 4138 1357 4193 natura
1365 4132 1602 4211 characteribus,
1610 4153 1674 4198 me·

103 4225 316 4305 doaetricdem,
333 4247 403 4310 quae
424 4230 487 4289 duo
514 4244 606 4308 opera
628 4247 740 4307 unum,
765 4248 854 4291 eum-
904 4225 998 4286 ritcei
1009 4224 1171 4305 inspiravit
1179 4225 1250 4285 vitae
1260 4225 1460 4305 spiraculum.
1470 4226 1529 4287 Sed
1539 4226 1671 4289 illudni·

103 4318 220 4401 demque
239 4327 399 4384 auctorem
421 4320 538 4381 habere
560 4322 673 4381 certius
687 4327 742 4396 est,
760 4340 853 4401 quam
903 4317 1226 4392 bilaliuduocaveris,
1242 4335 1337 4396 quam
1352 4318 1501 4397 Spiritum
1515 4326 1669 4399 sanctum,

102 4413 160 4488 quis
170 4415 219 4477 ille
230 4415 272 4476 sit
288 4413 377 4493 :lege
389 4412 462 4473 libri
473 4413 508 4489 .l,
528 4432 556 4473 c.
578 4428 600 4472 11
621 4412 660 4473 ab
685 4413 721 4474 iis
740 4414 853 4476 verbis.
903 4429 960 4491 per
980 4409 1093 4470 Filium
1109 4408 1252 4470 rationali
1276 4416 1425 4471 creaturas
1447 4410 1596 4490 infusum,
1612 4420 1669 4476 etc.

104 4501 181 4566 Omni
201 4507 310 4568 aalma
333 4504 479 4582 iumcuoe,
508 4510 566 4566 etc.
593 4523 651 4565 nec
672 4523 737 4566 non
755 4526 782 4568 c.
804 4523 852 4580 111,
905 4500 1118 4564 Sanctificatus
1131 4501 1398 4580 estitaquehcmo
1413 4520 1468 4581 per
1481 4503 1568 4564 illam
1576 4505 1672 4585 iaspi-

103 4609 140 4669 sv,
151 4614 195 4657 vu
209 4599 280 4659 etin
294 4598 381 4678 epist.
405 4598 507 4670 «Qua
522 4596 560 4657 de
574 4597 725 4657 thesauris
738 4597 853 4677 sponsi,
904 4595 1067 4669 rationem,
1089 4610 1197 4654 verum
1215 4611 1284 4653 eam
1298 4594 1412 4672 amisit,
1430 4617 1442 4653 r
1461 4601 1519 4657 etc.
1535 4596 1672 4661 Alcimus

103 4702 149 4763 per
157 4692 249 4752 sancti
262 4687 395 4767 Spiritus
403 4690 516 4769 pignus
523 4688 651 4768 accepit,
668 4709 683 4746 u
697 4694 755 4765 etc.
766 4688 852 4759 item,
905 4686 1047 4748 Ecdicius
1067 4685 1154 4765 epist.
1171 4704 1194 4746 1.
1215 4706 1231 4743 a
1249 4687 1413 4747 Humanas
1433 4688 1559 4767 spiritus
1587 4709 1673 4752 crea·

107 4779 229 4859 «flnjm
242 4783 336 4862 igitur
355 4781 429 4841 boni
452 4779 637 4861 proprietas,
652 4805 666 4834 ι
685 4781 856 4843 etuTbeo-
903 4779 988 4839 tione
1009 4778 1183 4852 inchoatur,
1204 4777 1327 4838 divinus
1353 4788 1459 4839 autem
1482 4779 1671 4860 benignitate

104 4866 214 4933 duratus
225 4875 263 4936 de
277 4874 448 4948 sanctitate,
465 4878 496 4933 et
506 4871 628 4950 justitia
641 4872 675 4932 in
688 4872 777 4952 epist.
793 4872 858 4935 rod
904 4870 1092 4944 conceditur,
1111 4891 1123 4927 r
1141 4876 1201 4931 etc.
1228 4870 1409 4950 Fulgentius
1427 4871 1466 4931 de
1487 4872 1625 4949 scientia,
1641 4880 1672 4935 et

108 4957 220 5026 Timoli.
229 4966 267 5027 nd
280 4965 336 5026 illa
351 4963 447 5026 verba
467 4982 499 5033 v,
513 4965 544 5024 2.
564 4962 608 5024 Tu
622 4971 730 5040 cutem,
744 4963 855 5026 oiomo
903 4962 963 5023 fide
977 4981 1026 5043 ep.
1042 4960 1119 5022 uad
1130 4960 1276 5023 Ferrcud.
1292 4981 1359 5041 cap.
1377 4981 1427 5035 111,
1444 4979 1477 5022 n.
1493 4965 1521 5024 8.
1540 4985 1551 5020 a
1568 4964 1668 5042 Files,

104 5047 162 5131 det,
187 5063 241 5119 etc.
269 5056 304 5118 in
318 5056 406 5137 epist.
432 5053 472 5118 ud
483 5054 594 5136 Epiros.
613 5073 644 5116 v.
672 5058 718 5118 13.
749 5063 782 5117 iu
795 5076 855 5138 quo
903 5072 999 5134 quam
1012 5073 1074 5115 non
1091 5053 1225 5133 Spiritus
1241 5052 1366 5115 divinus
1388 5053 1559 5128 conscindit,
1576 5078 1591 5115 a
1610 5064 1669 5119 etc.

104 5146 275 5211 etaemus
296 5148 408 5229 sa’pucti
431 5147 499 5209 estis
519 5153 575 5209 etc.
600 5146 655 5208 lib.
674 5146 710 5208 de
727 5147 852 5210 curond.
903 5147 984 5226 apud
996 5146 1141 5208 eumdem
1155 5165 1203 5226 cp.
1216 5163 1270 5206 xvr
1289 5162 1357 5226 qua
1379 5150 1425 5207 est
1443 5145 1528 5209 Patr.
1547 5147 1625 5212 diac.
1640 5170 1667 5211 c.

106 5230 188 5297 Grac.
212 5239 306 5319 offeci.
335 5254 428 5298 serm.
454 5252 489 5297 su
511 5235 546 5297 de
568 5237 647 5317 Anp.
663 5257 678 5294 r
696 5237 759 5298 Nos
780 5255 854 5299 vero
903 5256 946 5299 vr.
967 5255 1054 5299 num.
1074 5239 1314 5315 succinctae
1335 5236 1432 5316 igitur
1451 5240 1551 5317 gratm
1568 5247 1670 5321 potest

105 5321 239 5403 Spiritum
262 5335 437 5402 seudum»
455 5334 513 5389 etc.
532 5327 567 5388 in
590 5329 718 5397 Auctor,
735 5328 849 5409 dialog.
903 5331 1028 5411 quidem
1041 5330 1186 5411 cogitare,
1198 5337 1228 5392 et
1238 5329 1411 5392 desiderare
1424 5330 1572 5406 humana,
1584 5337 1667 5395 rete.

106 5429 134 5473 tv
149 5417 275 5483 aduram
292 5418 493 5483 liacedoaiau.
518 5441 534 5479 u
553 5419 615 5482 Sed
633 5420 725 5498 dices,
751 5421 853 5500 maim
901 5422 1080 5504 Fulgentius
1092 5424 1159 5502 ipsa
1178 5422 1234 5483 lib.
1249 5420 1284 5483 de
1301 5420 1368 5483 luc.
1392 5430 1422 5482 et
1437 5419 1522 5484 Grct.
1548 5441 1615 5505 cap.
1635 5444 1667 5499 x,

106 5509 617 5594 eiigiturtvffiospntusssncus,
633 5520 719 5575 aesc.
736 5512 849 5595 dialog.
900 5518 1055 5578 numid.
1088 5513 1244 5575 «Eodem
1277 5512 1398 5594 spiritu,
1422 5518 1483 5576 etc.
1503 5533 1571 5596 cap.
1600 5535 1666 5593 xxr,
