4122 6184
307 301 346 366 14
643 287 647 292 ’
807 295 1133 363 THEOLOGIGORUM
1153 296 1371 361 munerun

304 472 368 526 tem
381 463 508 540 hubent,
524 469 556 525 ct
567 463 717 543 vigorem,
729 478 823 542 quem
841 461 914 523 etin
926 459 1073 523 inferiora
1120 463 1175 542 qui
1188 462 1332 543 subjectis
1344 462 1423 539 aliis,
1438 463 1515 527 dum
1526 480 1660 543 quoque
1679 468 1752 527 aunt
1768 461 1889 541 menda

306 556 458 617 derivant.
1119 556 1306 637 disponunt,
1322 552 1890 634 eissdexplendadivioaministerlo

345 647 525 728 Gregorius,
541 647 689 722 Isidorus,
704 647 806 725 Hugo,
817 645 993 707 Bernardus
1004 645 1073 706 Vir·
1119 649 1369 728 principantur.»
1382 647 1504 711 Atvero
1517 647 1702 721 Bernardus,
1717 664 1887 725 equorum,

303 746 386 805 tutes
409 740 559 820 appellari
579 741 703 820 spiritus
723 740 792 801 illos
816 744 948 819 putant,
977 758 994 796 u
1016 752 1072 817 per
1119 740 1233 819 inquit,
1261 740 1485 816 moderamine,
1515 745 1546 800 et
1570 738 1720 819 sapientia
1740 737 1889 801 omnisin

306 851 385 912 quos
399 832 497 911 signa,
510 829 895 910 etmiraculsfrequentius
907 829 990 891 fiunt
1001 849 1009 903 ;
1020 829 1072 891 val
1119 832 1210 893 terris
1226 833 1417 911 principatus
1431 831 1640 906 constituitur,
1661 830 1790 909 regitur,
1805 829 1888 890 limi·

304 941 440 1004 qucrum
452 928 543 999 nutu,
564 929 595 987 et
608 941 701 1003 opere
723 923 821 1001 sigua,
838 920 1020 1000 etprcdigia
1037 921 1071 981 in
1119 929 1215 1000 tatur,
1230 924 1425 998 translertur,
1439 923 1613 1000 mutilatum,
1628 928 1777 985 mutetur.
1806 941 1822 979 r

305 1015 477 1090 clementia,
503 1015 567 1079 sire
592 1033 631 1078 ex
653 1015 813 1093 elementis
825 1014 1073 1092 conspuerent
1160 1015 1372 1078 Theodoretus
1386 1015 1420 1077 in
1437 1020 1530 1095 eaput
1542 1015 1682 1094 primum
1699 1012 1837 1093 epistole
1851 1011 1890 1075 cd

304 1108 344 1169 ad
355 1107 629 1172 commonitionem
640 1105 820 1171 mortalium
835 1107 920 1181 ait,r
942 1104 986 1167 ait
999 1106 1071 1169 Ber
1122 1105 1311 1174 colossenses.
1334 1127 1347 1163 s
1366 1107 1607 1183 hominatione,
1624 1112 1656 1168 at
1681 1104 1888 1184 principatus,

303 1200 430 1261 nardus.
1120 1204 1152 1258 et
1164 1203 1341 1279 potestates,
1356 1198 1426 1261 illos
1445 1215 1510 1259 esse
1523 1197 1598 1261 dicit
1615 1197 1728 1277 quihus
1746 1195 1889 1276 gentium

252 1346 257 1358 .
342 1293 471 1366 Verum,
498 1290 572 1368 quia
590 1289 703 1361 δυνάμεις
715 1285 751 1347 in
770 1286 936 1366 scripturis
958 1287 1072 1366 possim
1122 1309 1195 1355 eura
1209 1292 1462 1355 commissaest⁰s
1476 1312 1492 1349 o
1508 1290 1547 1352 de
1559 1290 1672 1369 quihus
1681 1295 1796 1369 postea.

303 1389 463 1458 vocentur,
479 1379 689 1461 quasilobraei
702 1394 805 1448 nient
822 1376 951 1441 Sabaoth
964 1379 1070 1459 appel·
1160 1384 1346 1463 Archangeli
1369 1384 1453 1447 inter
1478 1390 1567 1463 ἀρχὰς,
1589 1387 1621 1443 et
1632 1380 1766 1461 Angelos
1780 1380 1886 1457 medii,
1912 1403 2044 1458 senesce

302 1476 379 1551 lant,
399 1476 460 1539 hcc
481 1480 528 1535 est
545 1479 700 1546 exeredes,
723 1477 754 1531 et
773 1471 938 1531 instnrctas
964 1475 1069 1546 ocios3
1122 1493 1160 1537 ex
1172 1486 1305 1557 unoque
1324 1481 1550 1555 temperantur,
1569 1480 1605 1535 ut
1625 1474 1669 1534 uit
1687 1472 1887 1554 Dionysius².
1912 1506 1944 1551 p,
1955 1507 2044 1551 mh„

303 1568 447 1631 credibile
462 1573 517 1639 est,
532 1565 605 1626 inde
619 1564 721 1643 potius
737 1580 854 1625 nomen
868 1579 932 1624 esse
951 1563 1073 1627 sortitos
1121 1567 1201 1631 Nom
1211 1574 1243 1629 et
1251 1567 1471 1647 mysteriorum
1485 1567 1661 1629 divinorum
1674 1566 1799 1639 moscii,
1810 1584 1889 1627 non·
1960 1560 2014 1616 Νὴ

303 1660 386 1721 illius
399 1658 517 1721 ordinis
529 1656 665 1737 spiritus,
690 1661 840 1735 tanquam
856 1654 1000 1717 hallicarn
1019 1655 1073 1717 Dei
1121 1659 1181 1721 nisi
1208 1658 1340 1739 magnis,
1369 1677 1405 1723 ao
1430 1658 1595 1739 precipuis
1615 1657 1766 1721 decausis
1780 1656 1889 1721 odilis

302 1752 377 1826 rim,
392 1756 424 1817 ot
440 1751 480 1813 ad
494 1747 717 1810 committenda
731 1746 840 1826 prolia
857 1745 1072 1809 fortitudinem
1121 1753 1300 1817 renuendo
1327 1752 1504 1826 mittamur,
1533 1752 1568 1815 in
1589 1769 1652 1831 quc
1671 1769 1744 1813 eum
1761 1751 1888 1829 Angelis

303 1843 492 1924 expriment,
512 1840 563 1903 vel
579 1844 687 1902 eontra
703 1838 757 1901 Dei
779 1838 884 1901 hostes
911 1838 1072 1903 excellenti
1122 1850 1317 1921 congruunt,
1346 1849 1377 1907 et
1396 1843 1464 1907 istis
1485 1842 1625 1907 violarim
1651 1848 1806 1923 presunt,
1833 1843 1888 1922 qui

302 1934 437 2015 quadmn
451 1933 582 2009 ratione,
597 1931 683 1993 velut
695 1929 810 1992 milites
820 1929 973 2007 instructi,
988 1930 1071 1995 ordi·
1121 1936 1262 1999 omnium
1275 1935 1387 2012 infimi,
1400 1934 1560 2014 citimique
1573 1935 1672 1999 nohis.

301 2026 434 2105 natique
448 2027 520 2086 siut.
1160 2026 1890 2106 Angeli,eommuniiusurpatovoeahulc,dionn·
1913 2054 1945 2099 u,
1963 2053 2044 2106 ungar,

341 2113 1072 2194 witterico,liooestpctertctcsmuncupotasox
1120 2122 1192 2179 tur:
1212 2119 1299 2193 «Qui
1321 2118 1406 2181 enim
1432 2117 1736 2192 minimauuntiant,
1749 2119 1792 2181 ait
1814 2121 1889 2182 Gro-

302 2226 340 2271 eo
360 2209 428 2270 vult
446 2206 622 2286 Dionysius,
647 2206 731 2285 quod
756 2205 906 2267 concinne
920 2205 1070 2269 ordinate
1121 2209 1239 2288 gorius,
1251 2211 1372 2290 Angeli,
1388 2210 1444 2289 qui
1459 2227 1534 2273 vero
1550 2229 1673 2275 summa
1688 2211 1888 2289 adnuntiant,

301 2307 386 2378 suut,
402 2306 432 2363 et
445 2299 485 2363 ad
504 2298 685 2377 excipiendo
700 2296 816 2372 divina,
840 2297 967 2376 dempta
984 2298 1071 2363 omni
1120 2302 1304 2379 Archangeli
1317 2307 1510 2369 uocantum

301 2393 492 2465 conluuione,
519 2390 625 2451 libera
650 2394 734 2466 sunt,
761 2394 793 2451 et
814 2393 943 2464 ereetae3
969 2408 1071 2469 neque

302 2504 395 2567 porro
418 2484 501 2563 jure,
523 2501 560 2543 ao
586 2487 736 2562 potestate
762 2498 818 2541 sua
843 2480 1000 2561 pervim,
1033 2500 1069 2543 ao

302 2577 501 2658 tyrannidem
513 2574 698 2648 abutuntur,
714 2573 767 2634 sed
775 2572 936 2635 inferiores
949 2573 989 2633 od
1002 2573 1070 2634 imi·
1337 2572 1534 2655 CAPUT
1580 2575 1661 2655 lv,

301 2671 451 2735 udonem
475 2684 627 2747 supreme
649 2665 733 2726 illius
757 2665 916 2744 potestatis
936 2664 1070 2743 benigne

302 2762 492 2843 provehunt.
521 2759 651 2821 Videtur
671 2757 836 2836 Dionysius
849 2762 958 2835 stistte,
973 2757 1005 2816 id
1024 2762 1070 2817 est

301 2853 427 2916 ordine
441 2849 613 2932 elegantia,
641 2855 672 2910 et
699 2849 893 2911 concinnitate
915 2847 1069 2910 definiisse
1118 2857 1162 2921 lte
1175 2857 1364 2921 hierarchicis
1371 2857 1579 2940 semitonium,
1592 2874 1658 2939 qao
1669 2857 1887 2942 adsriapenm

301 2944 495 3026 potissimum
518 2944 602 3006 huno
624 2940 782 3003 coelsstium
806 2939 957 3017 uacum,
984 2940 1069 3017 quod
1157 2958 1340 3024 remmio,
1357 2949 1618 3030 eoquecujusmodi
1630 2955 1884 3032 rieteepcaitur.

131 3062 276 3107 retentae
303 3036 466 3117 Apostolus
485 3045 538 3106 ταῖς
552 3040 668 3104 ἐξουσίαις
681 3031 919 3097 eamdemillam
933 3031 1069 3109 proprie
1160 3042 1294 3118 Quonam
1307 3041 1422 3104 ratione
1449 3041 1605 3121 refutares
1626 3042 1737 3123 Aapcti
1747 3043 1785 3105 ot
1802 3064 1887 3126 rupe-

304 3135 398 3191 tetem
427 3123 567 3189 tribuut¹
595 3145 603 3184 ι
630 3123 730 3189 Omisit
749 3124 852 3185 animo
873 3122 1069 3202 potestatibus
1157 3135 1287 3196 νίψω,
1306 3133 1525 3196 illuminentur,

301 3219 523 3283 sublimioribus
536 3215 654 3279 subdita
668 3218 717 3279 sit.
738 3215 805 3277 Non
819 3223 861 3277 est
876 3217 953 3277 enim
967 3223 1068 3294 potes-

302 3322 357 3391 tus,
372 3313 432 3374 ez'si
445 3332 465 3373 c
483 3310 554 3373 Deo·
577 3308 649 3383 Qut!
669 3316 767 3371 “vitm
780 3313 848 3368 wilt
861 3327 880 3371 a
899 3306 967 3381 0⁶³⁰,
984 3307 1068 3372 θνήτ’·
1158 3318 1179 3378 Ι.
1196 3316 1244 3379 Ad
1259 3332 1385 3378 ornnem
1399 3316 1649 3379 constituendam
1665 3317 1882 3394 hierarchiam,
1923 3354 1933 3363 ·

302 3413 380 3467 mite
392 3412 469 3466 tunt.
479 3403 596 3481 Itaque,
609 3398 777 3482 qlttresittt'i
783 3398 923 3480 potestati
933 3398 1070 3461 Deionii·
1117 3408 1178 3470 tria
1199 3414 1325 3471 auctore
1346 3409 1494 3488 Dionysio
1521 3408 1758 3485 eoncurrrmss,
1787 3420 1883 3488 τελετὴ,

302 3496 420 3560 enicet
432 3494 556 3557 rest'stt'i.
796 3576 801 3588 .
1119 3507 1217 3579 ptores,
1234 3507 1376 3580 preciperet,
1392 3516 1428 3561 eii
1441 3500 1555 3579 quihus
1569 3506 1654 3576 τελετὴ
1669 3502 1838 3583 merflipsa,
1855 3509 1886 3565 ei

343 3587 519 3667 (ἱΐθεθΐὶῑῐδ,
546 3583 690 3652 Ῑθῑᾶθΐῑῑθ,
713 3581 898 3655 Bernartius,
921 3581 1022 3657 Hutl⁰i
1037 3588 1069 3645 ei
1117 3592 1196 3653 ritus
1228 3591 1489 3672 ceremoniasque
1507 3593 1669 3672 significat,
1706 3592 1740 3657 in
1774 3594 1885 3674 quibus

215 3712 219 3716 ⁴
302 3680 493 3746 Lomhcrdus
506 3675 883 3754 indecrigiuemnomiuis
897 3679 1066 3750 arcessunt,
1117 3683 1884 3766 administrandishiersrehoe,quosptmvoeatdn

305 3796 321 3833 c
332 3772 416 3854 quod
437 3772 498 3833 hoe
518 3768 676 3849 potentius
696 3766 813 3828 titteris
832 3766 866 3829 in
884 3784 941 3828 8110
960 3766 1068 3829 ordino
1118 3775 1275 3854 capiendis
1283 3793 1368 3852 vero,
1391 3777 1494 3855 quiiis
1512 3775 1641 3853 subjecti
1652 3782 1735 3852 sunt,
1752 3785 1884 3859 postpono,

300 3868 518 3948 perceperunt,
532 3869 568 3923 ut
582 3858 949 3922 eorumditionivirtutes
962 3858 1069 3921 adver
1116 3874 1291 3928 vomantur.
1311 3869 1432 3929 Rursus
1451 3866 1603 3947 triplex⁸‚
1628 3874 1663 3929 ut
1682 3869 1765 3929 idem
1779 3870 1884 3931 ohser-
1939 3899 2033 3955 prim„

301 3978 343 4022 sco
366 3956 513 4036 subjecto
538 3955 610 4029 sint,
635 3970 770 4032 quorum
795 3956 945 4030 potestate
972 3950 1066 4015 rofre·
1119 3963 1182 4033 vet,
1198 3958 1316 4019 iunctio
1332 3965 1378 4020 est
1394 3978 1490 4034 saera,
1515 3961 1579 4020 sive
1592 3959 1799 4031 Hierarchioa,
1813 3981 1884 4040 que
1908 3951 2044 4051 Ἥζίξξ

301 4056 428 4125 nauhu,
453 4066 493 4110 ne
519 4045 612 4107 cordo
627 4043 794 4109 hominum
811 4047 934 4107 tentum
947 4047 1069 4105 tentore
1116 4049 1237 4111 abillis
1260 4051 1294 4111 in
1319 4052 1377 4111 hes
1409 4052 1580 4127 derivatur,
1602 4070 1638 4112 ac
1668 4051 1881 4131 proficiscitur,
2038 4040 2044 4051 ’

300 4141 502 4224 praesaleant
525 4141 681 4217 quantum
703 4135 825 4197 volunt.
838 4156 854 4194 o
879 4137 972 4213 Ergo,
988 4153 1068 4213 quo·
1116 4150 1239 4223 κάθαρσις,
1254 4150 1388 4223 correpte,
1403 4151 1537 4219 cortone,
1554 4144 1708 4225 perpetio,
1732 4142 1885 4206 illumine-

302 4235 389 4296 niam
413 4231 596 4294 excellenter
629 4245 740 4288 eorum
770 4227 912 4307 potestati
939 4225 1069 4300 subiecti
1118 4237 1171 4310 tic,
1191 4233 1333 4316 perfectio
1347 4254 1355 4310 ;
1368 4254 1440 4314 qua
1458 4236 1492 4295 in
1508 4238 1613 4297 nostra
1629 4236 1660 4296 id
1675 4241 1721 4297 est
1732 4236 1882 4312 humano,

302 4331 376 4389 sunt
387 4323 462 4387 aerii
480 4320 616 4401 spiritus.
638 4319 676 4379 ab
687 4319 787 4397 iisque
806 4318 1066 4398 comprimuntur,
1117 4330 1149 4388 et
1161 4327 1362 4387 ecelesiastica
1386 4326 1572 4403 hierarchia,
1593 4326 1713 4389 facilius
1726 4333 1757 4388 et
1770 4329 1883 4392 discer-

301 4413 666 4499 pctestctesappellantur.
1117 4422 1237 4479 nuntur
1256 4437 1276 4479 a
1295 4419 1403 4491 nobis,
1439 4424 1470 4480 et-
1503 4419 1643 4480 orsticne
1675 4419 1880 4482 declarantur.

133 4555 163 4599 Μ
188 4554 277 4600 rnnci-
342 4508 537 4587 Principatus
559 4521 675 4565 nomeu
699 4503 769 4563 ideo
793 4502 946 4565 tributum
966 4502 1068 4567 ordini
1118 4509 1220 4576 Quare
1248 4528 1286 4570 ex
1314 4510 1408 4587 hujus
1444 4509 1645 4571 similitudine
1670 4512 1837 4588 aculeatam,
1853 4518 1885 4574 et

158 4608 253 4665 patrous.
304 4602 446 4684 septimo,
458 4598 621 4677 Dionysius
629 4600 719 4675 putot
728 4595 812 4674 quod
822 4613 952 4657 summae
960 4596 1069 4676 majes-
1118 4601 1291 4679 angelicam
1317 4601 1449 4681 suequi,
1474 4602 1731 4681 interpretariqne
1759 4604 1910 4673 cenabi,

142 4734 262 4787 mmm,
302 4694 375 4756 tstis
401 4690 595 4770 dignitatem,
623 4705 658 4748 ao
679 4696 709 4749 rt
724 4693 839 4767 ἀρχικὸν,
867 4693 898 4749 et
922 4695 1067 4768 ἡγεμονικὸν
1118 4709 1200 4753 mur.
1225 4692 1321 4770 Igitur
1340 4699 1438 4767 τελετὴ,
1453 4692 1512 4753 hoc
1535 4699 1581 4754 est
1602 4692 1785 4771 subjeetum,
1805 4694 1885 4756 ciras

181 4791 227 4830 rem
303 4785 460 4867 proeeipua
473 4782 591 4842 ratione
604 4779 777 4853 imitentur,
794 4784 826 4839 et
840 4779 986 4858 consequi
1000 4785 1068 4839 stu·
1118 4783 1201 4862 quod
1215 4788 1321 4843 nostra
1339 4789 1507 4863 occupatur
1529 4784 1713 4859 hierarchia,
1725 4786 1884 4866 saeraipsa

131 4846 154 4883 ⁶²
166 4840 276 4884 ‘mm‘
303 4879 387 4954 dent,
410 4876 449 4936 ad
468 4873 561 4953 idque
581 4870 742 4935 inferiores
755 4871 927 4947 attrahunt,
942 4872 975 4931 in
991 4888 1069 4950 quos
1119 4880 1192 4935 sunt
1205 4874 1389 4948 Christiana,
1405 4894 1475 4954 quae
1486 4875 1558 4937 fidei
1572 4878 1737 4957 mysteriis,
1752 4883 1885 4940 elssora·

302 4970 461 5043 ducatum,
484 4970 518 5025 et
542 4961 751 5044 principatum
774 4968 928 5023 exercent.
953 4964 1069 5042 Grego-
1119 4970 1297 5027 mentorum
1324 4985 1384 5028 usu
1403 4967 1611 5031 continentur.
1631 4969 1774 5049 Purgatio
1792 4972 1885 5033 sacris

302 5063 379 5130 rius,
394 5064 425 5121 et
438 5053 890 5129 ceterisieeosdioosvolunt,
906 5055 981 5134 «qui
993 5052 1069 5134 ipsis
1119 5056 1159 5118 ab
1178 5056 1327 5121 ministris
1339 5065 1511 5136 exercetur,
1525 5060 1601 5123 dum
1614 5062 1709 5122 rudes
1726 5062 1838 5136 adhue,
1854 5070 1887 5129 et

302 5170 426 5234 quoque
438 5147 529 5211 bonis
542 5147 732 5227 Angelorum
747 5146 904 5227 spiritibus
916 5150 1066 5227 presunt,
1120 5149 1261 5211 nondum
1275 5149 1708 5231 initiatosprimischristianoe
1714 5152 1882 5233 discipline

337 5327 358 5366 c
372 5309 549 5367 Tnsoooasr.
570 5303 720 5374 Κυριότητας
737 5299 773 5365 δὲ,
787 5303 828 5355 καὶ
845 5301 923 5376 ἀρχὰς
936 5302 979 5356 καί
1000 5301 1067 5366 tiou-
1115 5311 1168 5376 σίας
1178 5312 1234 5376 cot<
1248 5321 1297 5367 τῶν
1313 5312 1387 5369 ἐθνῶν
1396 5316 1598 5388 πεπιστευμένους
1610 5314 1654 5385 tis
1669 5313 1818 5389 ἰπιμέλιιαν.

328 5448 340 5493 l
353 5449 413 5492 Rom.
425 5458 475 5501 nu,
486 5444 506 5489 l.
515 5465 542 5475 -
554 5441 568 5485 t
582 5441 636 5503 cop.
649 5452 680 5485 rr·
689 5460 714 5473 —
726 5440 798 5499 terp.
808 5453 821 5486 r
833 5443 859 5489 ds
873 5445 931 5490 licet.
942 5444 1055 5491 iiten-l
1069 5446 1123 5493 Vide
1136 5461 1184 5508 esp.
1200 5464 1225 5498 ru
1236 5454 1264 5499 dc
1275 5457 1360 5505 coint.
1373 5456 1432 5505 liter.
1444 5462 1466 5505 et
1476 5454 1530 5503 tolo.
1545 5456 1602 5503 Hcs.
