3934 6172
301 341 361 401 222
813 328 1137 396 rummuleuuutt
1158 329 1375 395 DOGMATUM

303 506 470 586 utrobique
490 503 700 569 differentiam
722 520 762 562 ex
788 518 825 561 ec
848 517 973 579 quoque
990 513 1073 559 com·
1122 501 1251 575 guntur,
1266 513 1332 559 non
1345 495 1481 575 proprie,
1502 498 1539 552 ut
1550 499 1632 553 reete
1645 490 1777 552 benene
1791 486 1871 547 inter-

304 599 442 671 mendat,
470 598 565 677 quod,
591 595 648 657 etsi
674 616 690 653 c
714 592 821 657 omnia
849 609 991 654 sermone
1017 588 1073 651 Dei
1124 594 1274 667 pretatur,
1289 606 1360 649 cum
1375 587 1487 649 Filium
1501 579 1758 664 significaridicit,
1772 579 1872 656 acSpi-

303 691 384 753 iacta
405 695 488 760 sunt,
518 694 550 751 et
568 688 635 750 sine
655 687 709 748 illo
728 685 852 761 nibus
875 691 982 745 tamen
1002 698 1073 743 caro
1123 680 1219 741 ritum
1246 688 1403 753 sanctum,
1430 676 1484 759 qui
1509 693 1621 737 manus
1653 671 1807 735 interdum
1830 672 1873 731 Dei

303 801 369 844 non
391 781 492 844 solum
512 780 567 842 Dei
588 796 730 841 sermone
749 777 890 848 corutrtit,
912 776 1073 837 sedetiam
1124 772 1225 834 Patris
1249 773 1463 853 appeDantur;
1482 770 1567 850 quod
1587 766 1662 829 alibi
1681 763 1872 844 exposuimus,

308 893 435 937 «manu
448 878 574 954 propter
585 871 810 952 prelationem,
829 887 869 931 nc
883 865 1072 929 universitati
1125 864 1324 944 Significatur
1337 864 1422 927 enim
1434 862 1553 942 tropica
1565 860 1724 943 locutione
1733 858 1789 917 ista
1799 873 1874 934 pecu·

305 972 546 1047 compararetur.
566 985 582 1024 u
603 964 703 1026 Simul
721 967 752 1025 in
773 960 908 1043 stupendi
923 958 1073 1021 verabido
1124 957 1200 1019 liare
1221 958 1378 1037 quoddam
1403 957 1438 1017 in
1457 953 1536 1015 iDud
1563 948 1787 1013 elaborandum
1809 965 1873 1027 opus

303 1060 498 1140 praecipuum
511 1056 591 1119 illud
605 1056 753 1136 agnoscit,
765 1055 848 1135 quod
859 1072 898 1115 ex
907 1051 1072 1114 Severiano
1124 1049 1331 1112 incumbentis
1346 1048 1473 1111 artificis
1494 1045 1549 1107 Dei
1571 1042 1723 1119 studium,
1740 1045 1771 1101 et
1784 1040 1873 1100 indus

303 1150 632 1213 commemoravimus:
657 1169 673 1207 u
691 1149 731 1207 Et
750 1145 850 1223 tinxit,
866 1145 977 1224 inquit,
993 1144 1074 1205 Deus
1124 1142 1195 1203 tris.
1209 1144 1391 1223 Quanquam
1403 1157 1468 1200 non
1481 1136 1656 1208 defuerunt,
1671 1138 1783 1214 prater
1793 1131 1873 1192 insul

303 1245 475 1306 bominem.
511 1244 627 1320 Magna
661 1239 728 1301 sine
761 1238 857 1300 dubio
893 1235 1075 1297 differentia
1125 1251 1174 1296 sos
1193 1230 1536 1314 anthropomorphitas,
1558 1226 1613 1308 qui
1628 1229 1729 1288 Deum
1752 1242 1874 1303 corpora-

306 1336 396 1411 ratio,
417 1353 473 1415 pro
487 1333 664 1396 conditione
678 1331 795 1393 scilicet
815 1347 933 1392 rerum.
953 1326 1075 1391 Minora
1127 1332 1194 1389 tum
1207 1345 1246 1386 ex
1257 1343 1322 1387 sese
1331 1323 1518 1398 statuebant,
1542 1320 1635 1381 etiam
1649 1318 1716 1395 alii,
1729 1316 1782 1397 qui
1793 1316 1872 1385 adid

304 1430 401 1503 enim,
418 1447 487 1508 quse
501 1427 629 1502 fiebant,
647 1444 684 1486 ec
702 1425 754 1484 cui
766 1423 893 1485 fiebant.
914 1420 1075 1500 Siquidem
1125 1424 1162 1479 ut
1185 1418 1347 1479 hominem
1373 1434 1392 1477 e
1416 1414 1481 1475 luto
1502 1414 1646 1492 fingeret,
1672 1411 1737 1471 imo
1762 1425 1829 1469 vero
1847 1413 1876 1466 ut

303 1521 425 1585 homini
438 1519 564 1594 fiebant,
586 1517 638 1578 cui
657 1535 732 1577 mox
745 1534 764 1575 a
777 1517 840 1576 Deo
854 1513 975 1576 addicta
988 1517 1072 1573 sunt.
1124 1510 1344 1591 aspectabilem
1358 1509 1444 1569 bunc
1462 1512 1564 1567 totum
1587 1503 1745 1566 mundum
1763 1505 1873 1573 meamt,

303 1613 413 1677 Merito
425 1612 530 1688 igitur,
544 1615 580 1670 ut
591 1609 717 1683 lunula,
729 1608 829 1687 jussu,
844 1610 876 1667 et
888 1605 1030 1685 imperio,
1044 1610 1076 1664 et
1125 1603 1263 1681 corporis
1275 1601 1381 1662 nescio
1395 1617 1489 1680 quam
1501 1595 1638 1677 effigiem
1652 1593 1814 1675 sumpsisse
1825 1610 1875 1652 cre

304 1706 370 1768 sola
388 1703 487 1765 vocali
511 1707 660 1782 potestate
682 1701 829 1761 uniuersa
851 1701 1072 1779 processerant.
1125 1696 1235 1757 derant
1248 1696 1358 1771 Deum,
1373 1693 1413 1755 de
1426 1710 1489 1772 qua
1501 1689 1649 1771 opinione
1663 1705 1749 1749 mox.

306 1798 422 1858 Contra
437 1795 544 1868 homo,
569 1799 605 1855 ut
626 1793 772 1855 domiuus
784 1808 905 1863 eorum,
919 1790 954 1850 in
965 1787 1074 1850 bocab

304 1889 371 1969 ipso
392 1889 455 1949 Deo
476 1891 633 1949 exunctus
646 1890 703 1955 est,
718 1889 754 1945 ut
767 1882 913 1945 dominus
926 1899 991 1943 esse
1004 1898 1074 1961 pos-

305 1988 363 2056 set,
378 1980 456 2041 dum
469 1980 505 2043 fit
515 1999 535 2043 a
546 1978 693 2041 Domino.
707 1998 722 2035 r

345 2072 398 2133 Vl.
424 2073 512 2133 Hanc
537 2088 630 2150 porro
655 2069 721 2130 vim
744 2066 839 2129 habet
868 2084 908 2129 ex
938 2065 1077 2146 ejusdem

305 2163 459 2227 sententia
472 2181 534 2225 vox
547 2163 608 2223 iste
620 2159 754 2243 (inpendi
766 2181 774 2236 ;
793 2180 809 2218 <r
824 2159 908 2239 quod
917 2159 970 2221 illa
980 2158 1075 2239 pusil-

305 2256 385 2325 litas,
401 2256 505 2330 limus,
525 2254 559 2315 iu
572 2272 684 2315 manus
697 2253 1073 2332 Dei,queecumquesunt,
1127 2258 1172 2322 De
1195 2277 1237 2336 ρο,
1261 2256 1341 2340 quod
1362 2256 1402 2318 ad
1427 2254 1598 2337 smyrnam,
1622 2262 1651 2314 α
1669 2248 1872 2314 similimum

308 2348 461 2428 pervellit,
485 2347 560 2409 talis
582 2346 701 2423 beelim,
719 2345 775 2406 etsi
794 2344 989 2407 wlummodo
1006 2361 1077 2405 0011·
1168 2350 1226 2413 Dei
1236 2350 1337 2429 sactus
1356 2349 1440 2410 domo
1453 2346 1577 2409 dicitur.
1599 2347 1634 2407 Iu
1653 2364 1712 2427 quo
1726 2345 1813 2423 riaago
1827 2340 1873 2401 ritu
1935 2366 1936 2385 ,

1363 1968 1551 2050 CAPUT
1579 1966 1640 2049 ll.

306 2439 516 2514 tactus.de
543 2438 674 2501 enimsi
701 2437 788 2499 nullo
815 2437 949 2516 amplius
971 2454 1076 2515 opere,

306 2534 411 2595 statim
433 2532 619 2612 figmentum
639 2532 677 2592 de
698 2535 843 2592 contactu
856 2529 911 2590 Dei
923 2528 1076 2591 constitis-

306 2625 378 2688 set?
392 2626 476 2691 Adeo
497 2643 546 2686 res
559 2642 673 2703 magna
686 2623 846 2702 agebatur,
862 2641 933 2702 quae
943 2621 1002 2683 ista
1012 2639 1078 2683 ma-

306 2720 384 2779 terie
407 2716 617 2779 astruebatur.
640 2717 746 2795 Itaque
766 2714 879 2775 totiens
891 2714 1073 2789 honoretur,

306 2810 450 2889 quotiens
469 2827 582 2871 manus
605 2807 659 2869 Dei
685 2808 812 2888 patitur,
832 2807 908 2867 dum
925 2806 1074 2885 tangitur,

306 2901 383 2963 dum
397 2902 583 2981 decerpitur,
589 2901 667 2961 dum
680 2899 852 2973 deducitur,
868 2899 945 2961 dum
956 2898 1076 2978 etfingi-

307 2994 385 3057 tur¹.
401 3016 417 3052 n
434 2996 526 3057 Mox:
546 3015 558 3050 r
577 2993 692 3053 Phidiae
706 2991 952 3070 manus,i11quit,
967 2993 1077 3053 lovem

307 3087 485 3165 Olympium
509 3104 545 3146 ex
567 3085 660 3146 ebore
689 3085 806 3146 molitae
820 3084 1004 3158 adorantem
1021 3102 1078 3145 nec

1166 2443 1216 2504 sit.
1225 2443 1324 2505 Varie
1337 2440 1371 2503 de
1384 2460 1417 2501 ca
1430 2439 1590 2501 sententie.
1607 2438 1741 2500 Pessima
1751 2433 1869 2503 omniur,

1168 2551 1235 2615 que
1248 2552 1372 2614 corpore
1394 2530 1618 2594 circumscribit.
1640 2528 1873 2591 Eutumarreuu
1934 2566 1936 2595 ,

1166 2625 1267 2707 aliquo
1288 2645 1346 2687 uon
1371 2622 1575 2705 improbanda.
1602 2619 1762 2703 Eugubini
1780 2614 1872 2697 fn'rcic
1935 2600 1936 2683 l

1167 2719 1377 2799 rodomacum
1390 2715 1583 2788 Tertulliani,
1605 2713 1661 2795 qui
1679 2711 1792 2791 corpori
1808 2726 1871 2770 eura·
1935 2688 1936 2775 i

1167 2802 1872 2888 deraudrtruunt.Aliiincopniticnccorstituurt3

1166 2902 1287 2983 quidam
1311 2903 1345 2963 ir
1366 2901 1492 2963 arbitrio
1510 2900 1614 2973 liberm
1633 2895 1772 2959 munuli
1783 2896 1872 2954 iuvir·

1168 3002 1239 3068 tute,
1268 3002 1295 3053 et
1319 2993 1443 3074 Spiritu
1463 3000 1586 3069 suarim
1608 2990 1668 3052 clii
1692 2988 1871 3069 imagineae
1935 2998 1936 3069 i

1165 3085 1366 3148 similitudine
1374 3084 1594 3163 decernuntur
1606 3080 1821 3144 immortalitate
1829 3073 1873 3139 olii
1935 3070 1936 3131 l

302 3177 370 3258 jam
383 3178 502 3253 bestiae,
515 3183 546 3239 et
560 3178 687 3256 quidem
695 3177 917 3253 insulsissimae,
932 3177 1076 3250 deusest,
1167 3178 1292 3261 denique
1302 3178 1460 3259 imaginem
1470 3183 1595 3259 perurit.

307 3270 361 3331 sed
384 3288 543 3332 summum
568 3270 674 3331 saeculi
700 3288 836 3344 numen3
856 3288 920 3329 non
934 3270 1079 3349 quiaele
1935 3256 1936 3339 l

306 3363 452 3442 pharius,
468 3363 521 3424 aed
535 3362 609 3442 quie
628 3362 751 3425 Phidias
764 3363 973 3423 tantusDeus
992 3363 1079 3424 vivus
1169 3362 1337 3440 Faciamus,
1358 3361 1460 3441 inquit
1478 3362 1559 3423 Deus
1573 3359 1596 3432 ¹,
1612 3359 1754 3423 haurirem
1765 3355 1801 3418 cd
1811 3355 1871 3415 risa·
1935 3350 1936 3421 l

306 3456 430 3515 ctDeus
452 3473 554 3528 verus,
576 3471 807 3533 quamcumque
830 3454 968 3515 materiae
982 3455 1080 3515 vilita-
1128 3455 1225 3537 pincia
1244 3463 1273 3516 et
1299 3452 1527 3516 siruiiitudiuem
1551 3461 1694 3515 nostrum.
1717 3451 1761 3513 Et
1782 3444 1871 3509 aaut
1935 3464 1936 3531 i

307 3553 372 3608 tem
386 3566 451 3609 uon
472 3547 511 3608 de
531 3565 588 3608 sua
608 3548 786 3626 operatione
808 3551 979 3625 purgasset,
995 3552 1026 3608 ct
1039 3548 1078 3608 ab
1128 3546 1348 3610 Demdouriues
1362 3545 1403 3609 ad
1409 3545 1565 3626 imaginem
1577 3564 1673 3620 simui,
1689 3543 1728 3606 ud
1740 3543 1870 3621 imaginem
1935 3542 1936 3603 l

309 3639 396 3700 omni
410 3639 591 3701 infirmitate
604 3638 796 3699 senescetis
1129 3639 1188 3702 Dei
1200 3640 1312 3702 creauit
1327 3637 1411 3700 illum
1425 3637 1449 3697 ⁸.
1463 3640 1613 3699 Perrctus
1629 3636 1739 3699 estille
1751 3630 1870 3714 muttit,

348 3731 511 3809 Descripsit
524 3730 585 3791 hoc
598 3730 833 3810 elegantissimis
850 3748 975 3810 quoque
988 3734 1081 3795 versi-
1129 3739 1160 3793 et
1174 3733 1208 3793 in
1227 3732 1327 3792 uarias
1347 3736 1449 3811 partes
1470 3729 1669 3810 opinionibus
1693 3721 1871 3797 distractaiu
1935 3716 1936 3801 ξ

308 3823 367 3886 bus
381 3823 566 3885 Prudentius
579 3823 612 3883 in
626 3819 781 3903 Apotlcou'
789 3821 811 3883 ².
1129 3843 1191 3903 quc
1204 3825 1306 3904 imago
1318 3824 1370 3884 illa
1379 3823 1438 3884 site
1450 3823 1499 3884 sit.
1513 3823 1613 3896 Quem
1626 3822 1688 3883 late
1700 3815 1871 3900 prosequitur
1935 3804 1936 3869 3

245 3922 250 3929 '
1129 3917 1323 3997 Epiphanius
1337 3916 1448 3977 haeresi
1461 3930 1514 3976 ixx
1527 3934 1597 3995 quas
1612 3921 1658 3975 est
1675 3912 1869 3977 Auenticum.
1935 3894 1936 3969 Ῑ

313 4031 325 4069 a
346 4010 558 4070 Tantusamor
566 4012 668 4084 terre,
674 4011 761 4071 anto
776 4013 823 4067 est
831 4006 954 4068 dilectio
969 4009 1077 4084 nostri,
1129 4014 1161 4070 et
1173 4010 1207 4069 in
1221 4010 1375 4085 Aurorcto,
1392 4007 1446 4069 ubi
1460 4025 1569 4068 omnes
1585 4007 1650 4068 iere
1663 4009 1702 4069 de
1720 4022 1754 4066 ea
1773 4019 1804 4063 re
1814 4015 1870 4059 sen-

310 4101 464 4181 Dignatur
474 4100 664 4181 praepinguis
675 4099 763 4161 humi
780 4100 986 4179 comprendre
999 4101 1079 4163 mol·
1128 4102 1241 4162 tentiae
1266 4105 1439 4172 enumerat,
1464 4105 1496 4161 et
1521 4100 1680 4179 expendit,
1713 4116 1747 4158 ac
1768 4088 1868 4159 refellit,
1935 4088 1936 4159 ἶ

1007 4192 1081 4270 [lem
1129 4212 1279 4269 asserens,
1295 4212 1353 4255 nee
1360 4194 1394 4253 in
1409 4210 1538 4272 corpore
1552 4192 1686 4271 positam
1701 4207 1772 4262 esse,
1786 4202 1834 4245 nec
1845 4181 1869 4238 11¹
1935 4182 1936 4223 ³

312 4281 429 4346 Divinis
442 4283 566 4362 glebam
580 4283 697 4363 digitis:
713 4301 770 4345 nec
780 4281 904 4345 sordida
917 4288 1022 4345 censet
1129 4285 1245 4362 anima,
1266 4304 1325 4348 nec
1341 4287 1375 4346 in
1388 4284 1513 4358 virtute
1541 4302 1599 4345 nee
1618 4284 1651 4345 in
1668 4272 1871 4364 baptismo,aut
1935 4288 1936 4353 j

311 4376 466 4437 Haereutis
478 4392 588 4437 massae
598 4376 751 4455 contagia.
767 4377 914 4451 iusserat,
930 4381 965 4436 ut
978 4376 1033 4437 lux
1131 4377 1237 4441 aliare
1251 4377 1398 4458 quapiam
1415 4376 1505 4437 nobis
1516 4374 1667 4455 cogabat
1684 4377 1778 4451 Quare
1789 4377 1869 4428 unium
1935 4362 1936 4425 ἲ

313 4467 466 4530 Coniieret
479 4485 486 4527 ι
501 4466 580 4527 bota
594 4472 651 4543 est,
666 4474 702 4528 ut
710 4467 844 4546 jusserat
850 4489 861 4538 ;
877 4467 1082 4547 omuiajussu
1130 4468 1209 4532 illud
1231 4470 1395 4531 traditione
1418 4468 1508 4531 uobis
1534 4468 1675 4531 Ecclesia
1703 4463 1869 4544 cumperlttffl
1935 4470 1936 4505 ³

310 4559 508 4639 imperitante
522 4577 618 4619 novas
631 4565 794 4621 traxerunt
807 4561 888 4621 edita
901 4559 1027 4622 formas.
1131 4578 1219 4639 esse,
1249 4562 1410 4623 hominem
1430 4562 1469 4622 ad
1489 4563 1657 4641 imaginem
1674 4558 1728 4622 Dei
1748 4572 1805 4618 csse
1820 4548 1868 4608 stt·
1935 4550 1936 4615 Ϊ

312 4651 404 4713 Solus
411 4650 507 4713 homo
521 4649 655 4713 emeruit
667 4651 790 4712 Domini
802 4651 965 4715 formabile
973 4653 1082 4715 dextre
1131 4658 1200 4715 tum
1206 4673 1214 4730 3
1230 4654 1350 4715 nuDam
1363 4660 1469 4714 tamen
1489 4659 1610 4734 partem
1628 4649 1758 4725 definiri,
1780 4645 1870 4719 inqua

215 4758 221 4769 ·
312 4745 352 4806 Os
365 4762 486 4824 rapere,
511 4749 542 4804 et
560 4742 657 4803 ssabro
672 4743 799 4804 Deitatis
810 4742 937 4823 tigmine
951 4745 1046 4806 nesci.
1063 4766 1078 4803 u
1131 4745 1304 4807 istiusmodi
1318 4747 1397 4807 ratio
1412 4745 1554 4824 imaginis
1574 4744 1747 4806 collocanda
1764 4739 1806 4798 sit.
1821 4726 1869 4791 Sed
1935 4734 1936 4817 ζ

1132 4855 1169 4898 ea
1185 4855 1244 4898 nos
1267 4836 1432 4917 Epiphauii
1452 4836 1620 4917 disputatio
1638 4836 1798 4897 abstenere
1818 4836 1869 4883 11⁰ss

354 4926 415 4988 Sed
427 4944 539 4988 manus
549 4926 607 4989 Dei
620 4934 711 5006 atque
721 4925 808 5007 digiti
823 4927 955 5007 figurate
968 4926 1081 4989 intelli·
1132 4929 1235 5007 debet,
1266 4930 1433 5010 quominus
1455 4928 1487 4990 id
1519 4929 1702 5007 investigare
1733 4928 1867 4985 murmur,

311 5128 415 5201 ilimal
429 5128 493 5183 mit
506 5130 613 5185 πθῑῶνὸ
633 5129 696 5195 θῑῧί,
712 5124 777 5203 tpoi
797 5124 1005 5203 sacrasacra,
1020 5127 1082 5202 μετὰ
1129 5130 1249 5204 προῆλθεν
1276 5130 1339 5204 ὁμοῦ
1360 5131 1422 5204 μετὰ
1444 5138 1493 5186 τῶν
1518 5131 1641 5203 σωμάτων
1657 5130 1697 5185 uel
1718 5125 1733 5195 ἡ
1752 5120 1818 5196 W·
1834 5110 1867 5167 ὡ*

312 5217 357 5267 τοῦ
368 5214 483 5286 σώματος
496 5214 538 5268 tel
547 5213 591 5281 τὴν
603 5212 694 5286 ψυχὴν.
704 5214 810 5287 πρόσεχε
826 5214 971 5287 παρακαλῶ.
983 5212 1081 5282 ἐποίησε
1130 5215 1257 5288 ἄνθρωπον
1270 5218 1339 5270 ποιεῖ
1348 5220 1386 5289 τῷ
1398 5217 1495 5288 σώματι
1505 5222 1615 5288 πρῶτον,
1623 5208 1677 5269 εἶτα
1687 5218 1716 5288 τῇ
1728 5210 1795 5283 lugd·
1935 5210 1936 5213 ’

313 5296 359 5370 γὰρ
369 5297 456 5368 νηκτὰ,
473 5297 536 5370 ὁμοῦ
550 5302 624 5370 σῶμα
639 5298 680 5350 καὶ
693 5297 784 5371 ψυχήν.
801 5295 938 5370 ἐξαγαγέτω
949 5296 964 5365 ἡ
976 5301 1007 5369 γῆ
1017 5298 1081 5358 ζῶα.

345 5474 354 5518 l
370 5478 430 5521 Tcru
443 5475 498 5528 ibid,
512 5488 560 5533 cap.
577 5476 659 5521 uei
673 5477 726 5522 Gru.
742 5488 758 5526 r,
770 5475 852 5522 itt-³
866 5476 914 5521 ier.
925 5476 1011 5521 tt.-t
1024 5474 1105 5531 Epiplr.
1119 5474 1176 5520 tter.
1189 5488 1235 5528 uxr,
1250 5487 1273 5520 n.
1284 5475 1299 5519 a
1310 5482 1333 5521 at
1350 5479 1429 5522 taccu
1444 5488 1466 5520 u.
1477 5475 1512 5520 55.
