4096 6166
633 428 636 435 .
726 386 840 448 niara
862 382 980 463 unus,
1002 384 1165 450 merx.
1677 365 1763 453 osa
1832 415 1838 424 ·

133 553 226 615 «Nec
237 558 355 617 tamen
373 554 431 616 hos
449 557 553 615 motus
574 552 715 634 scriptor,
730 558 873 613 narrator
887 556 918 612 et
969 550 1046 611 dum
1062 553 1309 632 cognoverimus,
1322 556 1417 616 etiam
1439 555 1538 617 fucere
1561 555 1738 635 diligamus,

800 647 919 722 [auctor
967 648 1061 723 atque
1074 645 1243 724 valeamus,
1266 648 1432 708 anathema
1454 649 1504 725 sit,
1521 670 1535 707 u
1553 649 1638 727 quod
1652 665 1690 709 ex
1704 666 1741 709 eo

129 738 292 800 Iusevere
308 738 414 800 animo
425 757 441 813 ς’
456 738 597 818 quamvis
618 737 697 799 forte
710 738 769 800 hoc
794 754 918 817 quoque
965 736 1088 815 prohat,
1099 739 1373 819 quiauutrumque
1388 741 1442 801 liei
1454 741 1637 809 donumest,
1650 741 1738 813 seire,

779 828 915 907 [vellent.
967 828 1042 906 quid
1065 828 1164 890 iacere
1190 831 1368 909 debeamus,
1394 838 1425 893 et
1446 832 1573 912 diligere
1598 838 1633 892 ut
1651 831 1742 894 facia·

129 923 194 984 Sed
209 924 256 985 de
276 924 432 1005 perceptis
445 940 535 984 mens
556 922 653 1003 judex
681 929 791 1002 sponte
815 938 919 982 move·
966 921 1139 991 mus.Nam
1154 921 1355 985 sicutdeDeo
1370 923 1581 1003 scriptumest
1597 923 1674 998 :Qui
1687 922 1739 985 do·

841 1015 916 1090 [tur,
966 1015 1013 1070 cot
1033 1009 1179 1073 domt'oem
1205 1015 1382 1093 scientium
1404 1016 1447 1076 ita
1472 1016 1740 1095 etiam'srriptum

128 1110 240 1188 Etpro
255 1125 350 1169 more
372 1126 441 1184 suo,
460 1113 612 1188 quantum
630 1124 663 1167 se
683 1105 822 1166 exercuit
839 1104 915 1180 istis,
966 1105 1022 1174 est,
1050 1101 1192 1165 Charitas
1219 1125 1256 1166 ec
1276 1106 1339 1169 Deo
1363 1116 1413 1168 ost.
1429 1128 1445 1165 a
1461 1107 1558 1186 lgitur
1586 1108 1669 1168 dona
1686 1108 1740 1168 illa

128 1200 266 1262 Transit
302 1200 337 1262 in
370 1200 533 1277 affectum,
562 1215 655 1278 quem
689 1196 919 1258 confirmaverit
965 1192 1087 1256 diversa
1110 1203 1277 1272 cantata
1296 1200 1396 1278 gratia
1414 1218 1531 1279 perse,
1556 1218 1590 1261 ac
1614 1200 1740 1280 proprie

820 1291 871 1365 [ex
884 1305 916 1348 se
965 1285 1215 1364 proficiscuntur.
1239 1291 1276 1349 In
1297 1307 1416 1352 canone
1434 1310 1508 1352 vero
1533 1309 1567 1367 v,
1580 1292 1739 1370 Pelagium

130 1385 188 1446 Illa
201 1384 347 1447 volendo
359 1403 502 1466 sequens,
517 1382 582 1444 istis
592 1381 726 1444 nolendo
739 1380 910 1442 resistens.»
965 1376 1094 1439 damnat
1106 1392 1349 1457 asseverantem,
1368 1384 1502 1462 gratiam
1522 1383 1591 1444 ideo
1616 1384 1736 1455 donari,

969 1475 1033 1531 rut
1054 1469 1174 1533 facilius
1196 1475 1350 1553 possimus
1373 1475 1504 1554 implere
1518 1494 1573 1554 per
1592 1476 1736 1554 gratiam,

171 1568 239 1630 Ubi
253 1569 372 1630 mentis
380 1568 543 1642 vocabulo,
559 1585 624 1627 non
634 1584 704 1627 eam
717 1569 842 1625 teritum
855 1582 916 1641 qua
964 1563 1048 1640 quod
1061 1561 1162 1625 facere
1176 1584 1232 1644 per
1243 1566 1378 1628 liberum
1385 1567 1533 1646 jubemur
1542 1567 1734 1644 arbitrium»

129 1660 348 1739 intelligimus
374 1665 495 1740 partem
514 1657 681 1738 significat,
698 1656 752 1718 sed
774 1657 915 1716 animum
964 1671 1059 1731 quam
1073 1657 1206 1734 gratiam
1220 1660 1411 1720 ostendimus
1435 1678 1500 1721 esse
1516 1659 1628 1720 mentis
1650 1659 1736 1721 illus-

130 1754 242 1831 ipsum
258 1752 316 1832 qui
332 1770 371 1813 ex
380 1750 555 1831 propositis,
572 1748 808 1829 dijudicatisqua
821 1748 915 1808 rebus
965 1746 1141 1822 nationem,
1162 1749 1379 1831 internamque
1392 1752 1624 1814 revelationem.

129 1857 163 1900 se
179 1846 222 1900 ad
236 1845 313 1904 illos
326 1843 453 1911 effectus
480 1842 603 1904 excitat.
618 1839 712 1920 Atqui
735 1840 834 1919 maiia
849 1840 912 1917 illa,
1004 1839 1044 1899 V.
1060 1839 1126 1901 Hoc
1146 1842 1231 1902 euim
1245 1844 1372 1904 nomine
1396 1844 1427 1906 S.
1445 1845 1649 1923 Augustinus,
1667 1843 1736 1905 alii·

130 1931 223 2010 eujus
248 1931 477 1992 contessionem
499 1932 644 1994 Catholici
675 1931 869 2011 potissimum
895 1949 915 1991 a
964 1946 1025 2007 que
1050 1930 1155 1992 Patres
1181 1933 1418 2013 inspirationem
1446 1936 1641 2015 intelligunt.
1673 1954 1737 2015 qua

130 2023 400 2103 Semipelagianis
414 2028 596 2102 extorquere
610 2023 787 2101 cupiebant,
802 2023 914 2083 nonin
963 2020 1044 2081 Deus
1058 2022 1181 2092 actuali,
1207 2029 1238 2085 et
1251 2025 1375 2087 interna
1398 2028 1566 2101 locutione,
1592 2028 1667 2106 quid
1690 2028 1736 2087 fa·

130 2115 198 2176 sola
212 2114 708 2190 credendorum,laeiendorumve
721 2114 830 2173 notitia
847 2132 914 2174 ver·
962 2111 1109 2174 ciendum
1123 2116 1172 2190 sit,
1195 2116 1409 2193 intelligentiae
1434 2126 1549 2180 nostrae
1573 2119 1710 2198 suggerit
1725 2139 1734 2194 ;

131 2212 231 2281 satur,
247 2207 414 2269 sedetiam
427 2204 909 2287 facitipsaquodestfaciendum,
961 2205 1224 2281 quemadmodum
1238 2212 1268 2268 et
1288 2209 1454 2286 Apostolus
1473 2210 1538 2288 ipse
1563 2210 1622 2271 hoc
1643 2228 1735 2271 voca·

131 2317 198 2359 non
226 2300 341 2379 utique
363 2299 465 2359 lucem
492 2303 524 2359 et
558 2296 768 2375 cognitionem
798 2297 913 2377 imper·
961 2293 1036 2356 bulo
1057 2296 1249 2361 revelationis
1279 2300 1386 2363 utitur.
1403 2301 1496 2362 Velut
1510 2303 1615 2363 hocin
1642 2303 1732 2364 loco:

131 2392 241 2453 tiendo
264 2390 336 2473 (hoc
356 2390 441 2451 enirn
462 2389 542 2450 helle
569 2388 619 2449 isti
644 2387 832 2471 fatebantur)
858 2389 911 2450 sed
948 2386 1146 2469 'Quicumque
1169 2410 1236 2471 ergo
1248 2392 1375 2473 perfecti
1385 2411 1487 2453 summ
1498 2392 1519 2460 ¹,
1545 2393 1599 2453 doc
1625 2396 1733 2456 sentia·

131 2483 333 2545 voluntatem
344 2482 509 2544 movendo.
962 2496 1037 2553 mus,
1054 2488 1082 2540 et
1108 2487 1134 2541 st
1159 2482 1234 2563 quid
1259 2483 1352 2544 aliter
1380 2485 1498 2563 sopitis,
1526 2493 1556 2545 et
1580 2484 1631 2546 hoc
1654 2486 1734 2547 cobis

171 2576 228 2637 lv.
245 2577 366 2638 Rursus
380 2576 534 2654 Prosper:
961 2568 1041 2631 Deus
1057 2572 1209 2634 revelavit.
1236 2575 1340 2636 Graece
1364 2575 1518 2653 reuolubit,
1540 2578 1623 2656 quod
1648 2579 1733 2639 futu·

136 2668 299 2730 oAtvero
326 2668 524 2748 omnipotens
537 2664 698 2727 hominem
720 2664 910 2743 cumgratia
960 2679 1033 2723 rum
1055 2668 1178 2745 tempus
1205 2666 1409 2742 demonstrat,
1436 2668 1475 2729 de
1497 2670 1734 2731 earevelatione

788 2757 907 2835 [salvat
960 2770 1135 2818 sermonem
1150 2776 1226 2835 esse,
1253 2777 1319 2820 non
1337 2779 1400 2839 qua
1421 2760 1455 2820 in
1481 2761 1657 2841 Scripturis,
1682 2763 1733 2823 vel

132 2852 203 2933 Ipsa
219 2871 316 2915 suum
329 2856 524 2913 consummat
537 2868 626 2931 opus,
642 2855 699 2910 etc.
959 2851 1086 2909 externa
1098 2850 1298 2928 proportione
1323 2852 1417 2927 Deus,
1432 2852 1517 2931 quod
1530 2853 1730 2930 credendum,

338 2942 417 3002 Deus
431 2958 505 3018 ergo
520 2938 656 3019 sepultos
958 2935 1173 3002 faciendumve
1187 2942 1237 3017 sit,
1267 2943 1425 3020 admonet,
1450 2943 1504 3004 sad
1527 2962 1589 3022 qua
1602 2944 1733 3007 interius

134 3031 281 3109 Suscitat,
297 3039 327 3094 et
336 3033 429 3093 solvit
438 3031 557 3113 peremi
570 3029 719 3108 compede
730 3028 866 3105 vinctos;
958 3029 1056 3105 docet,
1071 3038 1102 3092 et
1111 3032 1258 3112 inspirat:
1273 3035 1357 3095 unde
1371 3040 1403 3096 et
1417 3034 1581 3096 Christiani
1593 3033 1733 3099 docibiles

133 3123 187 3185 Ille
199 3125 434 3186 obscuratisdat
446 3123 591 3185 cordibus
604 3121 815 3197 intellectum
957 3119 1016 3182 Dei
1038 3140 1103 3184 esse
1123 3124 1320 3203 discuntur¹,
1346 3135 1378 3187 et
1388 3128 1456 3188 haec
1469 3127 1569 3189 nomio
1577 3128 1731 3207 vocatur⁸,

135 3215 191 3276 llle
205 3235 246 3277 ex
258 3216 382 3296 injustis
390 3216 488 3294 justos
501 3214 593 3291 facit3
608 3214 688 3274 indit
701 3231 852 3286 amorem,
958 3231 1025 3294 quae
1037 3212 1073 3275 de
1085 3215 1217 3277 omnibus
1236 3235 1287 3277 uos
1313 3216 1405 3280 docet.
1422 3221 1465 3280 lte
1479 3238 1542 3299 qua
1564 3220 1645 3295 vide,
1661 3238 1733 3300 que

135 3307 201 3381 Quo
212 3308 393 3370 redametur
410 3325 530 3386 amans,
546 3312 577 3368 et
599 3323 699 3383 amor,
725 3323 820 3385 quam
838 3323 909 3366 con·
957 3306 1056 3385 capite
1070 3308 1223 3387 superiori
1237 3326 1276 3370 ex
1288 3307 1465 3388 Augustino
1475 3311 1611 3372 diximus
1621 3309 1644 3372 ⁸.

660 3398 756 3475 [serit
771 3398 837 3478 ipse
851 3404 906 3460 est.
997 3398 1176 3460 Amusicani
1190 3418 1264 3461 vero
1290 3402 1412 3462 concilii
1433 3421 1534 3464 canon
1548 3420 1581 3480 v,
1607 3403 1734 3465 initium

138 3491 229 3555 llunc
248 3493 355 3573 itaque
377 3490 533 3565 affectum,
557 3507 620 3571 quo
636 3496 765 3551 sumunt
786 3496 909 3551 mortua
957 3488 1041 3563 fidei,
1068 3492 1131 3552 sive
1153 3492 1257 3571 ipsum
1278 3493 1467 3555 credulitatis
1496 3494 1655 3572 affectum,
1676 3514 1734 3575 per

789 3582 906 3659 [vitam
957 3581 1064 3659 gratiae
1077 3583 1206 3656 donum,
1222 3584 1314 3645 idest
1330 3603 1387 3665 per
1413 3587 1651 3666 inspirationem
1662 3587 1732 3668 Sps

139 3676 203 3750 Quo
217 3677 356 3741 tenebrae
367 3676 447 3738 liunt
459 3677 579 3748 lumen,
603 3692 664 3754 quo
686 3673 851 3735 immunda
864 3674 910 3734 ni-
957 3673 1037 3733 ritus
1050 3675 1248 3736 smrctinobis
1268 3675 1369 3738 inesse
1389 3678 1443 3753 ait,
1461 3678 1668 3756 corrigentem
1682 3698 1734 3740 vo

765 3770 907 3844 [tescunt,
958 3763 1111 3826 luntatem
1138 3772 1278 3827 nostram
1301 3767 1340 3828 ah
1360 3769 1543 3830 infidelitate
1557 3770 1598 3830 ad
1624 3770 1732 3848 fidem,

140 3860 204 3936 Quo
224 3861 314 3924 stulti
335 3878 441 3942 sapere
460 3854 631 3940 incipiunt,
656 3859 793 3940 aegrique
814 3859 911 3920 vales
958 3863 1017 3919 etc.
1035 3859 1114 3919 Vide
1123 3864 1155 3919 et
1167 3876 1320 3920 canonem
1332 3876 1411 3921 xxv.

811 3953 908 4028 [cunt
999 3950 1087 4010 Hanc
1100 3949 1196 4028 igitur
1218 3950 1350 4026 gratiam
1372 3951 1503 4011 omnino
1527 3953 1734 4016 necessariam

140 4045 237 4108 Nemo
251 4047 304 4109 alii
317 4047 381 4124 dat,
394 4062 488 4107 nemo
502 4043 570 4104 sibi.
583 4065 598 4103 o
959 4057 1025 4101 esse
1052 4041 1156 4101 Patres
1180 4040 1226 4101 illi
1253 4058 1372 4118 omnes,
1388 4060 1468 4120 quos
1499 4044 1600 4120 atad,
1625 4051 1733 4107 contra

962 4131 1130 4211 Pelagium,
1143 4132 1270 4212 ejusque
1282 4133 1431 4212 reliquias
1444 4134 1573 4210 docent;
1588 4153 1624 4196 ac
1642 4136 1681 4197 de
1696 4156 1734 4199 ea

142 4231 205 4294 Hoc
218 4235 323 4313 ipsum
337 4236 368 4292 et
389 4248 429 4292 ex
450 4228 572 4290 duobus
596 4225 732 4287 conciliis
752 4225 911 4287 evidenter
960 4223 1152 4303 potissimam
1173 4242 1238 4285 esse
1265 4226 1483 4286 controversia
1509 4233 1631 4307 partem
1649 4228 1732 4290 indi-

142 4325 325 4400 ostenditur,
340 4338 475 4402 quorum
487 4319 620 4380 alterum
644 4322 752 4378 contm
776 4317 913 4396 Pelagio·
960 4323 1042 4389 cant,
1062 4317 1235 4396 praesertim
1259 4317 1407 4377 adversus
1421 4319 1619 4397 posteriores,
1631 4320 1665 4381 id
1687 4329 1734 4382 est

143 4433 209 4493 nos,
223 4417 356 4478 alterum
370 4420 478 4475 contra
491 4428 598 4473 eorum
621 4409 766 4489 reliquias
787 4416 832 4470 est
854 4408 911 4469 ha·
962 4407 1236 4487 Semipelagianos,
1252 4407 1305 4485 sic,
1333 4414 1368 4469 ut
1390 4410 1483 4470 aliam
1498 4428 1636 4485 omnem,
1652 4430 1731 4493 prae·

142 4505 254 4584 bitum,
268 4507 345 4568 illud
365 4505 590 4579 Milevitanum,
614 4502 678 4562 sive
702 4501 807 4581 potius
831 4499 911 4560 Afri-
960 4504 1008 4560 ter
1021 4500 1112 4576 hanc,
1129 4500 1335 4572 adstruentes,
1352 4519 1417 4561 non
1430 4502 1523 4581 plene
1536 4521 1602 4566 esse
1617 4505 1731 4566 Catho-

144 4615 266 4675 tanum,
279 4604 334 4659 aut
347 4595 599 4674 Carthaginensc,
615 4592 675 4654 hoc
688 4593 913 4653 Arausicanum
959 4591 1045 4665 lioos,
1069 4592 1122 4652 sed
1142 4591 1288 4653 haeretica
1300 4592 1432 4671 fuligine
1452 4594 1580 4657 iniectos
1591 4596 1732 4659 arbitrati

144 4689 209 4756 ruit.
232 4691 345 4752 Prioris
373 4706 473 4749 canon
488 4704 523 4747 1v
541 4685 692 4766 ejusmodi
705 4691 775 4746 est:
795 4685 911 4759 «Quis
960 4685 1034 4745 sint.
1066 4767 1068 4771 ¹

146 4784 213 4860 quis
226 4783 348 4855 dixerit,
363 4779 505 4841 eamdem
519 4779 651 4857 gratiam
665 4777 719 4838 Dei
734 4777 912 4857 pertesum
1001 4777 1141 4850 Quanam
1163 4795 1237 4838 vero
1258 4778 1378 4838 ratione
1400 4796 1472 4839 curn
1496 4779 1584 4840 liberi
1611 4780 1732 4842 arbitrii

147 4874 301 4935 Christum
326 4872 493 4933 Dominum
524 4875 666 4930 nostrum
693 4874 820 4949 propter
852 4869 913 4929 hoc
961 4875 1083 4937 natura,
1097 4875 1127 4930 et
1139 4874 1288 4948 potestate
1299 4869 1450 4931 auxilium
1461 4869 1640 4948 hujusmodi
1656 4890 1730 4932 con-

145 4968 266 5028 tentum
297 4983 354 5025 nos
380 4963 526 5041 adjuvare
556 4961 596 5021 ad
621 4979 685 5020 non
709 4961 910 5038 peccandum,
962 4961 1083 5036 sanast,
1105 4962 1164 5021 hoc
1182 4960 1250 5021 loco
1264 4979 1329 5022 non
1348 4961 1461 5020 dicam.
1488 4962 1593 5021 Dicam
1624 4969 1731 5024 autem

147 5059 218 5137 quis
231 5077 287 5138 per
311 5058 410 5137 ipsam
433 5053 524 5115 nobis
538 5052 704 5127 revelatur,
724 5056 755 5111 et
775 5052 913 5131 aperitur
961 5053 1048 5128 alias,
1070 5053 1095 5113 si
1124 5054 1185 5113 Deo
1217 5051 1318 5112 visum
1342 5051 1446 5124 fuerit,
1466 5069 1503 5113 ac
1530 5052 1556 5112 si
1576 5053 1654 5114 mihi
1676 5073 1732 5134 per

147 5147 349 5229 intelligentia
368 5146 601 5219 mandatorum,
614 5148 651 5203 ut
671 5143 813 5220 adamus,
838 5141 913 5223 quid
961 5144 1041 5205 sedis
1063 5143 1246 5224 Apostolicae
1264 5144 1479 5206 auctoritatem
1490 5144 1590 5220 liceat,
1607 5164 1677 5226 quae
1691 5147 1731 5207 il·

146 5248 300 5321 appetere,
315 5238 391 5319 quid
403 5238 500 5298 vitare
514 5236 700 5311 debeamus3
716 5253 781 5295 non
806 5241 911 5296 autem
959 5236 1020 5297 lius
1034 5239 1251 5298 controversiae
1265 5235 1525 5314 discrepationem
1543 5254 1599 5297 suo
1609 5237 1729 5316 judicio

146 5348 198 5410 per
234 5332 319 5394 illam
341 5330 431 5392 nohis
452 5329 608 5409 praestari,
623 5334 675 5407 ut,
691 5327 775 5407 quod
796 5326 910 5389 facien·
959 5330 1138 5391 reservavit.

170 5533 179 5575 ι
195 5534 252 5578 rori.
266 5543 301 5585 m,
315 5532 376 5576 u.-
386 5530 402 5574 a
414 5498 477 5577 run,
496 5528 596 5572 ιιι-ι
609 5527 618 5571 ι
630 5529 696 5574 suo.
705 5538 733 5578 ιι,
746 5527 831 5573 sr.-r
844 5526 911 5573 nitu.
925 5520 958 5571 to.
