4004 6168
612 365 662 426 DE
681 362 843 426 orffilcto
864 364 938 426 SEX
958 366 1123 430 DIERUM.
1605 372 1665 432 aaa

98 542 180 606 quam
198 543 297 604 nuper
310 527 465 608 descripsi,
480 545 548 590 rem
572 529 616 591 ita
632 547 795 611 compono,
811 534 848 590 ut
896 549 928 592 se
943 532 1102 613 inspicere,
1113 533 1139 594 si
1148 551 1181 594 se
1187 533 1291 593 metiri
1297 533 1403 610 velint,
1409 532 1524 593 referre
1535 542 1664 613 possunt

97 635 130 679 ιι
148 618 200 679 linc
218 635 298 679 vena
320 620 391 681 vra
414 619 530 681 ducant
548 638 655 683 omnes
679 623 710 683 id
730 623 844 702 ipsum,
894 624 928 686 in
942 625 1379 701 DeumPerfectionestsntae,
1393 626 1664 706 perceptionesque

99 711 271 789 quodsunt:
287 710 569 792 perfectionemque
581 731 672 774 auam
685 714 757 775 inde
767 714 845 775 bau·
895 716 1009 777 summi
1032 718 1108 778 boni
1132 718 1219 778 brevi
1241 717 1404 779 sextariola
1426 718 1579 777 contineri
1600 737 1664 779 non

96 803 176 875 nant,
198 808 228 864 ct
251 804 480 882 quodammodo
505 812 663 886 asportent
683 826 690 867 :
714 825 845 887 quaeque
895 810 1455 885 poterant.Fnrumdefectumnatnrae
1465 811 1664 887 humanae,et

96 900 184 956 umen
195 913 253 975 pro
264 896 452 958 conditionis
463 916 527 958 suae
535 898 843 967 mensnraetmodo.
894 902 1039 976 angelicae
1054 903 1176 979 modus,
1191 921 1256 962 non
1269 902 1362 962 fontis
1375 902 1564 962 illiberalitas
1578 902 1660 963 fecit.

96 986 194 1049 bibunt
212 986 273 1048 hoc
293 1005 333 1049 ex
351 988 435 1050 fonte
448 990 562 1069 plantae
579 1009 586 1051 :
602 990 731 1068 sedfnou
751 1008 844 1070 supra
894 992 1095 1069 Praestantioe,
1117 999 1209 1073 atque
1227 993 1415 1054 excellentias
1438 993 1588 1073 quidquid
1605 995 1661 1054 ha-

96 1084 337 1157 quamquantum
350 1079 447 1159 exigit
455 1081 592 1161 ipsamrm
602 1084 771 1143 natineEt
780 1100 844 1143 esse
892 1083 978 1157 beni,
1007 1091 1053 1146 est
1078 1086 1192 1146 fontis:
1219 1087 1369 1165 quidquid
1393 1104 1457 1146 non
1477 1085 1593 1145 habent
1618 1092 1663 1147 est

95 1170 570 1251 etsiverenccipiuntzatrerum
578 1174 846 1254 notitia,etappe·
892 1175 1020 1237 vasculi.
1043 1179 1083 1237 ιιι
1103 1177 1199 1245 enim,
1230 1178 1363 1255 inquies,
1387 1176 1547 1237 bominem
1568 1196 1662 1258 supra
1775 1226 1778 1233 ,

93 1262 303 1324 ιιιιοιιιιιιιιιι
319 1283 327 1323 :
342 1281 401 1325 nec
422 1266 506 1344 quod
529 1271 654 1326 ιιιιιιιι
674 1266 768 1327 fontis
785 1272 841 1343 est,
892 1266 989 1347 ipsius
1002 1272 1125 1329 nature
1139 1269 1269 1329 modum
1278 1269 1376 1329 ditare
1384 1286 1454 1329 curm
1463 1269 1558 1346 possit
1567 1270 1659 1343 Deus,

42 1363 44 1368 ’
93 1353 274 1432 sedproprioe
288 1355 429 1435 ipsarum
452 1361 596 1418 nature:
613 1357 701 1436 cujus
714 1358 843 1419 modum
892 1366 928 1419 ut
941 1360 1042 1439 reipsa
1061 1360 1214 1440 principio
1228 1361 1351 1434 ditavit3
1364 1361 1388 1420 si
1402 1360 1434 1435 id
1452 1377 1517 1421 non
1530 1359 1659 1437 fecisset,

95 1462 125 1505 ea
151 1444 271 1507 ιιιιιιιιι
302 1447 434 1508 ιιιιιιιι.
467 1449 597 1522 Verum,
633 1467 695 1528 quo
729 1449 843 1529 plante
892 1450 971 1511 siei
994 1450 1151 1531 Apatbiam
1180 1452 1360 1531 denegasset
1367 1472 1375 1527 ;
1405 1453 1489 1531 quod
1509 1453 1603 1512 homo
1623 1472 1660 1513 eo

94 1544 192 1614 urent,
205 1538 237 1598 id
249 1537 344 1599 bruta
356 1539 471 1615 ιιιιιιιι,
482 1546 645 1602 sensumet
658 1542 840 1621 appetitum:
891 1540 974 1604 bono
991 1549 1119 1618 careret,
1144 1544 1177 1605 id
1201 1545 1260 1623 ipsi
1287 1545 1352 1604 Deo
1369 1544 1516 1624 imputari
1538 1545 1662 1606 videtur

94 1634 506 1708 utuonpraetereamentem,
522 1632 697 1709 consilium,
712 1632 843 1695 liberam
890 1635 1038 1713 potuisse.
1063 1636 1135 1697 Fsto
1161 1637 1255 1711 enim,
1281 1638 1364 1697 isest
1386 1636 1532 1696 hnmanae
1553 1637 1660 1697 condi-

94 1718 206 1797 eligendi
223 1720 415 1784 facultatem.
440 1722 565 1796 Quare?
581 1725 669 1786 Unde
691 1727 726 1786 in
744 1726 843 1787 brutis
891 1726 984 1787 donis
997 1727 1153 1796 modulus,
1160 1746 1205 1789 eae
1218 1734 1291 1789 suut
1312 1729 1462 1806 angustias
1472 1748 1480 1803 ;
1491 1734 1526 1788 nt
1537 1732 1660 1789 tantum

94 1828 184 1872 esrum
205 1812 429 1892 perfectionum
456 1815 617 1876 defectus?
643 1817 797 1896 numquid
823 1837 843 1878 a
891 1816 950 1877 hoa
968 1819 1084 1879 donum
1110 1821 1143 1879 in
1159 1820 1286 1880 homine
1307 1820 1487 1879 naturaliter
1514 1838 1661 1881 essenon

94 1901 411 1967 foubeiuimevero:
428 1905 530 1967 ituest
544 1906 840 1986 brutornmnatura,
890 1909 999 1988 possit,
1030 1916 1062 1971 at
1086 1916 1186 1990 potest
1219 1913 1504 1992 supernaturaliter,
1541 1913 1660 1974 Modico

94 1994 202 2056 utnibil
222 2002 307 2075 petat
332 2016 427 2077 supra
447 2017 583 2074 sensum,
600 2005 631 2060 et
643 2001 839 2080 appetitum:
891 2000 1018 2078 quidem
1048 2021 1126 2081 gyro
1163 2003 1391 2083 circumscripta
1427 2008 1473 2064 est
1510 2005 1661 2065 nataralia

94 2104 208 2165 quorum
220 2088 318 2150 altero
344 2095 473 2150 conatus
485 2090 580 2151 habet
597 2091 636 2152 ad
656 2093 842 2154 necessarios
892 2093 1067 2170 capacitas:
1083 2099 1115 2154 ιι
1141 2095 1290 2174 capacitas
1310 2096 1374 2155 sive
1392 2095 1542 2175 potentia,
1566 2114 1660 2175 qnam

95 2182 402 2260 putuscnpesscndos,
415 2181 512 2243 altero
526 2183 657 2244 secernit
670 2184 842 2264 pestiferas
892 2184 1092 2247 scholavocat
1104 2184 1336 2258 obedientialem,
1349 2205 1420 2247 cum
1430 2205 1500 2265 qnae
1515 2189 1662 2248 movendi

95 2268 268 2333 salutaribus.
283 2273 351 2352 Age
361 2274 428 2352 jam
441 2274 842 2350 tandem,bomines,fontis
892 2280 985 2355 atque
1007 2277 1158 2338 efficiendi
1181 2279 1245 2339 vim
1267 2278 1372 2351 babet,
1399 2285 1467 2338 tum
1488 2297 1557 2357 quae
1586 2281 1662 2340 acci-

95 2358 171 2439 lajas
181 2362 321 2426 ubertate
333 2366 489 2445 completi,
500 2367 575 2446 quid
587 2366 842 2443 referant,videa·
892 2365 997 2444 piendi
1012 2372 1043 2427 et
1051 2368 1139 2445 quasi
1153 2367 1303 2446 patiendi3
1313 2367 1416 2426 nullos
1430 2367 1503 2426 satis
1516 2373 1614 2428 certos
1625 2389 1661 2429 ac

96 2469 160 2515 mus.
186 2457 279 2535 llejor
312 2457 349 2518 iu
362 2457 436 2535 ipsis
467 2463 523 2535 est,
552 2462 585 2520 et
616 2459 707 2519 latius
734 2465 844 2539 patens
891 2455 970 2517 fixos
991 2460 1140 2519 terminos
1158 2458 1285 2518 habent.
1309 2459 1381 2518 Haec
1403 2458 1588 2534 adversarii3
1605 2461 1661 2538 qui

97 2547 223 2609 nuruis
253 2550 418 2630 capacitas,
446 2568 521 2629 quc,
554 2551 707 2630 quidquid
739 2550 845 2614 bruto-
891 2546 1114 2627 imprudentes,
1141 2555 1176 2609 ut
1198 2554 1284 2629 puto,
1311 2549 1342 2609 id
1364 2550 1467 2628 ipsum
1480 2549 1560 2609 mihi
1579 2550 1660 2612 ultro

97 2654 156 2698 rum
181 2640 398 2718 conditionem,
431 2647 617 2722 captumque
649 2645 843 2723 supergredi·
892 2641 1075 2713 concedunt,
1085 2640 1181 2720 quod
1200 2640 1374 2702 rationibus
1388 2640 1527 2701 obtinere
1541 2640 1661 2702 dudum

100 2734 158 2804 tur,
189 2737 336 2812 tanquam
374 2732 407 2794 in
443 2734 544 2812 majus
570 2734 712 2814 aliquod,
741 2736 841 2798 diver·
891 2730 1022 2793 laboro:
1047 2733 1167 2792 bonum
1184 2750 1298 2813 nempe
1315 2732 1403 2807 illud,
1426 2732 1661 2812 cujusquemodi

97 2837 181 2901 seque
198 2823 305 2903 figurae
326 2830 418 2904 utque
444 2823 633 2886 habitudinis
651 2844 704 2887 vas
722 2826 843 2889 infundi
891 2824 1017 2885 taudem
1031 2824 1080 2900 sit,
1101 2824 1188 2903 eujus
1202 2844 1261 2905 ope
1274 2826 1429 2905 appetitus
1449 2825 1561 2884 rationi
1575 2842 1660 2885 sem-

98 2916 221 2992 potuerit.
245 2918 334 2978 Bene
355 2922 425 2978 est:
453 2917 570 2979 habent
591 2917 623 2979 id
632 2935 724 2980 omne
740 2920 843 2999 :ipso-
890 2934 947 2996 per
965 2916 1181 2996 obtemperet„
1210 2935 1304 2996 supra
1324 2916 1485 2976 bominem
1502 2934 1586 2977 esse:
1604 2936 1661 2977 neo

97 3011 273 3113 rummtrtre
288 3008 532 3070 cumulatissime
546 3009 741 3071 saumatam.
750 3012 841 3084 Quic-
890 3006 1042 3069 facultatis
1060 3026 1126 3068 esse
1160 3008 1321 3084 naturalis,
1358 3006 1411 3067 sed
1444 3006 1657 3070 obedientialis.

98 3097 158 3203 quid
288 3101 362 3162 ιιιίι
389 3101 496 3180 copiae,
520 3099 707 3180 illapsusque
735 3102 837 3182 puris·
891 3099 1103 3174 Concedisnus,
1119 3100 1276 3179 inquiunt,
1292 3099 1491 3179 nequeenim
1512 3100 1661 3180 idagitur

96 3190 234 3253 immin
291 3210 328 3253 as
349 3210 456 3254 rerum
478 3197 604 3253 ιιιιιιιιι
625 3193 685 3254 hoc
703 3211 743 3254 ex
756 3193 841 3256 fonte
890 3192 984 3252 mado
1000 3211 1007 3252 ε
1023 3209 1088 3252 non
1108 3190 1259 3270 queritur
1272 3191 1306 3251 in
1330 3192 1432 3270 prima
1450 3192 1509 3251 hae
1532 3210 1661 3272 respon·
1703 3236 1715 3253 .

95 3258 574 3363 mmuuit,1dfereomne,parte
595 3285 704 3346 saltem
725 3285 838 3366 aliqua,
890 3283 1066 3345 danistae
1093 3288 1190 3362 parte,
1217 3282 1407 3344 naturalisne
1430 3282 1479 3359 sit,
1511 3301 1553 3342 an
1586 3302 1660 3344 vero

94 3373 124 3433 sd
147 3368 314 3457 certamque
343 3393 524 3437 mensuram
550 3382 741 3452 congestum,
766 3395 841 3439 con·
889 3392 984 3454 supra
996 3381 1142 3435 naturam
1154 3377 1213 3435 ista
1225 3374 1396 3455 perfectio:
1418 3374 1482 3450 sed,
1502 3392 1575 3434 cum
1588 3394 1661 3455 pro·

95 3463 252 3547 elusamque
269 3473 320 3531 est
342 3468 379 3528 in
395 3467 587 3529 bominibus.
606 3469 697 3545 Sunt,
718 3469 839 3547 vivunt,
888 3464 967 3528 fecto
983 3485 1047 3528 esse
1061 3466 1157 3546 possit
1175 3466 1208 3526 in
1222 3465 1413 3538 hominibus,
1438 3466 1464 3525 si
1487 3484 1523 3526 ee
1543 3469 1658 3528 caruis-

95 3555 204 3620 rolunt:
223 3578 257 3622 ac
279 3559 455 3622 mutarum
478 3577 596 3634 rerum,
615 3561 694 3622 sicud
715 3561 749 3622 in
767 3560 840 3639 ipsis
889 3564 957 3620 sent
971 3558 1011 3619 ab
1026 3558 1128 3633 initio,
1147 3561 1256 3618 utrum
1280 3559 1342 3619 Deo
1357 3557 1540 3618 tribuendus
1554 3559 1661 3622 fuisset

95 3652 132 3708 est
141 3648 221 3728 plena
232 3651 397 3714 efficientia
412 3658 443 3713 et
456 3656 600 3731 potestas,
614 3652 658 3713 sic
669 3653 783 3714 erectio
795 3659 841 3714 est
888 3649 1073 3726 isdefectus,
1088 3666 1186 3711 necne
1200 3651 1216 3712 ‘l
1232 3649 1327 3728 Atqui
1339 3650 1399 3709 hoe
1412 3649 1489 3710 illud
1505 3656 1551 3710 est
1575 3652 1660 3730 qnod

94 3736 265 3802 solutissima.
296 3741 339 3803 At
363 3741 459 3803 iidem
481 3758 539 3802 nec
557 3740 757 3812 immortales,
782 3760 840 3803 nec
888 3741 923 3803 in
936 3760 1073 3824 praesens
1096 3760 1203 3822 pugno
1220 3761 1228 3803 ι
1243 3741 1301 3802 bac
1322 3742 1389 3821 ipsa
1403 3742 1441 3802 de
1456 3760 1558 3812 carisa,
1575 3744 1659 3821 quod

95 3826 228 3893 doloribus
236 3839 267 3894 et
279 3833 498 3912 cupiditatibus
515 3832 607 3893 liberi
631 3839 714 3894 sunt.
737 3835 838 3913 Auge·
888 3852 982 3915 supra
995 3840 1139 3896 ιιιιιιιιιιι
1153 3834 1289 3894 hominis
1301 3839 1347 3893 est
1359 3833 1413 3892 illa
1425 3832 1579 3912 perfectio,
1592 3834 1658 3911 ejus

94 3918 179 3982 lorum
202 3925 328 4006 propria
355 3930 428 3987 sunt
447 3926 521 4000 ista3
544 3943 678 4004 quorum
702 3931 837 4000 terrem,
888 3927 1042 3989 defectum
1069 3945 1134 3987 non
1157 3928 1223 3986 Deo
1250 3924 1470 4002 assignandum
1498 3924 1573 3995 fore,
1605 3927 1658 3987 sed

95 4021 272 4098 mensusque
299 4035 372 4079 vasa
397 4036 462 4078 non
486 4023 638 4091 sunt,neo
660 4023 727 4078 tam
754 4025 838 4080 moto
888 4018 1076 4090 limitationi,
1102 4034 1138 4077 nc
1158 4015 1408 4077 determinationi
1430 4022 1561 4075 naturae.
1578 4016 1658 4089 Quid

95 4101 150 4179 loci,
166 4126 199 4169 sc
213 4109 363 4190 temporis
376 4109 509 4186 ambitu,
523 4128 581 4171 nec
594 4110 685 4171 certis
701 4110 839 4171 mamriae
888 4108 997 4172 enim?
1020 4113 1056 4168 ut
1083 4109 1231 4186 exemplis
1257 4112 1339 4182 utar,
1374 4107 1457 4185 quod
1490 4105 1592 4186 opifex
1626 4114 1658 4169 et

95 4199 212 4275 partibus
237 4202 536 4283 proprietatibusque
563 4200 777 4278 determinata,
803 4207 841 4263 et
887 4200 1084 4264 tabenrarius
1098 4198 1655 4279 aliquisquinquemillianonhabeat,

95 4286 173 4353 finita.
187 4294 263 4367 Quid
276 4294 390 4371 angeli
402 4294 471 4374 ipsi,
492 4294 526 4353 in
549 4292 663 4372 qtnbus
676 4292 790 4371 largior
803 4313 839 4354 ac
889 4292 1110 4373 Hispaniarum
1128 4292 1193 4371 regi
1204 4290 1357 4369 numquid
1377 4291 1459 4351 istud
1480 4291 1657 4353 attribues?

95 4380 196 4458 plenior
206 4386 332 4465 qtridam
345 4385 484 4447 numinis
498 4382 651 4446 haustus?
664 4402 703 4446 ex
715 4402 839 4445 summo
889 4385 969 4460 Quid
982 4385 1035 4461 ita,
1052 4384 1173 4462 inquis,
1187 4383 1212 4443 si
1228 4382 1392 4463 pecuniam
1414 4382 1499 4443 illam
1521 4384 1579 4462 ipsi
1592 4403 1657 4445 non

95 4470 137 4533 illo
157 4481 186 4536 et
207 4477 425 4557 perfectissimo
448 4477 542 4550 bona,
571 4476 759 4555 quantulum
781 4482 837 4550 est,
889 4477 1199 4555 dabettbtinopem
1214 4474 1311 4535 ditare
1325 4480 1355 4535 et
1369 4474 1496 4553 quidem
1515 4474 1658 4537 facillime

96 4567 309 4643 quadratorum
325 4570 333 4630 l
349 4574 423 4630 sunt
439 4569 484 4630 illi
497 4568 623 4648 quidem
641 4568 787 4641 materiae,
803 4587 840 4629 ac
888 4573 1000 4650 posset.
1017 4567 1108 4628 Posse
1126 4566 1201 4645 quid
1214 4565 1334 4626 referti
1354 4566 1380 4626 si
1393 4568 1520 4628 nomine
1534 4586 1659 4647 prorsus

95 4657 174 4719 btiua
185 4679 337 4742 corporee
350 4660 552 4723 concretionis
563 4665 704 4739 expertes
718 4659 842 4721 :multi
888 4658 1374 4737 nilonondebet,ejuspaupertas
1385 4658 1453 4738 regi
1467 4678 1531 4719 non
1545 4665 1589 4719 est
1603 4660 1659 4720 im·

96 4749 179 4812 modis
189 4758 293 4815 ιιιιιιιι
305 4752 429 4814 limitati
448 4770 485 4814 ao
497 4752 616 4813 definiti
630 4771 638 4812 :
653 4769 784 4832 eamque
798 4752 839 4814 ob
889 4752 1035 4834 putanda.
1048 4750 1127 4825 Quid
1138 4768 1209 4811 cum
1219 4750 1299 4810 aule
1314 4750 1420 4811 munia
1431 4756 1462 4810 et
1474 4750 1657 4827 ministeria,

97 4855 201 4905 ursam
229 4845 307 4907 boni
337 4845 432 4920 illius,
469 4845 553 4924 quod
586 4844 745 4906 exhauriri
774 4862 840 4905 nou
887 4864 945 4926 pro
959 4843 1107 4922 cujusque
1120 4841 1296 4904 conditione
1309 4841 1552 4920 distribuit3qui
1565 4849 1660 4904 emax

97 4936 841 5017 pauc,qusntumaumqnapercipiant,nimimum
890 4937 999 4998 infima
1025 4934 1114 5014 plebe
1142 4941 1234 5014 atque
1271 4933 1357 5009 faece,
1381 4938 1526 4994 actumne
1556 4952 1661 4996 secum

97 5028 142 5100 at,
150 5027 329 5108 perfectique
342 5027 495 5108 particula
504 5027 593 5089 valde
604 5024 842 5106 imperfectabb
890 5029 995 5091 minus
1023 5026 1190 5088 liberaliter
1217 5032 1315 5106 putet,
1348 5024 1476 5104 regique
1509 5026 1655 5106 imputet,

97 5117 224 5181 omnibus
247 5119 466 5200 cupiditatibus
488 5118 579 5180 soluti
606 5118 733 5198 quidem
748 5122 840 5179 sunt:
891 5120 974 5200 quod
998 5137 1125 5186 mense,
1151 5119 1234 5197 quod
1255 5118 1395 5179 cubiculo
1415 5116 1577 5197 prefectus
1596 5139 1662 5181 non

98 5211 281 5273 stercoribus
298 5212 395 5274 teneri
417 5217 570 5292 possunt:
594 5210 796 5282 immortales,
813 5215 845 5270 ιι
892 5212 941 5288 sit,
956 5210 1253 5273 antiismuneribus
1266 5210 1446 5282 destinatus
1460 5227 1662 5288 quaesummo

98 5296 169 5361 idem
192 5304 323 5381 mutari,
351 5306 416 5366 imo
443 5309 474 5365 et
504 5304 637 5383 gravitm
665 5302 845 5380 delinquere
892 5303 961 5364 loco
988 5303 1068 5362 natis
1100 5304 1251 5381 regnique
1284 5301 1473 5380 primoribus
1513 5302 1664 5363 duntaxat

30 5401 219 5506 wunssunt
237 5396 354 5457 Verum
379 5413 438 5457 neo
450 5395 599 5475 Angelus
623 5395 707 5475 quod
727 5412 793 5455 non
807 5393 847 5454 sit
895 5394 1047 5455 debentur
1062 5395 1073 5453 ι
1087 5394 1181 5472 Atqui
1196 5393 1334 5453 etiamin
1348 5392 1475 5452 homine
1490 5394 1661 5473 istodupli-

30 5512 78 5560 na,
30 5460 262 5564 “munemne
273 5488 448 5566 nechomo,
462 5488 545 5568 quod
562 5504 627 5550 nau
645 5485 684 5547 sit
701 5492 805 5562 ἀπαθής,
821 5484 846 5544 si
895 5504 962 5547 eam
985 5485 1212 5564 quodammodo
1234 5484 1411 5545 facultatem
1431 5483 1610 5559 distinguo.
1626 5493 1662 5547 nt
