3932 6172
338 319 399 381 2¹10
841 317 1167 383 rememorantem!
1192 316 1410 382 boematum

340 487 376 543 ui
389 471 942 565 lersimmpraeoeptumbominiad
960 484 1112 547 feminam
1159 484 1243 546 illius
1265 484 1401 547 ferendae
1423 501 1530 549 causas
1549 483 1700 547 habuerit
1717 486 1805 549 Deus.
1821 490 1898 552 Theo

340 576 527 654 perveniret.
563 596 579 633 u
621 577 709 649 Quod
737 577 890 656 posterius
915 577 1113 656 amplectitur
1159 576 1263 657 philus
1276 577 1531 638 Antiochenusin
1545 577 1684 639 secundo
1698 575 1897 662 metuoque,

329 666 615 746 chrysostomum,
630 674 662 729 et
675 668 866 730 Ambrosius.
886 669 1113 748 «Nequeenim
1161 687 1257 730 unam
1271 669 1371 730 adfert
1388 687 1515 750 prorsus
1536 668 1726 742 mirabilem,
1748 673 1899 752 etinopim-

341 758 447 833 habes,
467 758 598 838 inquit’,
620 760 694 840 quia
711 760 835 821 mulieri
852 759 930 820 dixit
944 762 1043 821 Deus:
1060 760 1113 822 sed
1161 766 1235 822 tam.
1265 782 1281 819 r
1304 761 1387 822 Nihil
1400 762 1484 822 enim
1497 763 1531 820 in
1544 762 1640 822 vetito
1655 761 1711 821 illo
1725 762 1820 823 fructu
1832 764 1900 828 fuisse
1940 766 1941 835 l

341 850 415 929 quia
429 851 504 912 Adae
517 851 605 927 dixit,
625 858 656 913 et
673 852 743 915 ideo
759 870 815 931 per
828 852 926 913 Adam
935 853 1114 930 cognovisse
1161 852 1244 913 uliud
1268 852 1371 929 refert,
1391 858 1506 931 prester
1529 852 1751 932 cognitionem.
1770 856 1900 919 Esserero

342 941 455 1003 mulier
469 942 652 1004 resumenda
665 949 749 1006 est.»
767 946 847 1019 Ergo
858 942 951 1004 ambo
963 944 1022 1004 ista
1032 943 1113 1004 reri-
1162 944 1371 1023 cognitionem
1394 944 1522 1022 bonam,
1549 962 1623 1006 cum
1652 964 1701 1019 ea,
1731 947 1776 1006 uti
1799 956 1899 1027 pared

342 1033 456 1094 similia
468 1040 543 1096 suut
552 1041 588 1097 ut
597 1041 704 1097 utrum
714 1053 842 1111 asseras,
851 1033 930 1096 nihil
944 1034 1115 1097 admodum
1161 1036 1260 1097 utitur
1272 1036 1393 1115 aliquis.
1407 1037 1504 1097 Porro
1522 1036 1626 1116 perid
1642 1043 1767 1117 tempus
1780 1039 1902 1101 Adamun

342 1125 475 1187 intersit.
1038 1146 1041 1151 ·
1163 1128 1264 1189 adhuc
1287 1128 1439 1189 Mentem
1464 1127 1569 1197 tuisse
1595 1134 1630 1189 et
1655 1128 1769 1190 idcirco
1790 1130 1824 1191 ad
1840 1130 1902 1192 illan
1939 1144 1941 1237 q

209 1234 284 1278 mure
383 1217 424 1277 Il.
438 1218 553 1279 Dehas
566 1218 635 1298 lege
649 1219 733 1280 haud
758 1236 857 1298 panca
873 1226 1068 1300 quaeruntur,
1084 1225 1116 1282 et
1164 1219 1374 1298 cognitionem
1415 1218 1597 1299 capiendam
1636 1220 1743 1281 minus
1774 1220 1900 1285 idoneum.
1940 1246 1941 1303 q

173 1287 321 1387 “ifflfflf'
343 1307 383 1368 ab
399 1306 534 1371 Gencscm
553 1311 785 1372 enarratoribus
805 1311 951 1391 explicari
972 1312 1083 1388 solent,
1098 1330 1116 1374 e
1164 1312 1256 1388 Nam,
1283 1317 1314 1373 et
1337 1308 1497 1391 parvulus,
1517 1330 1589 1373 curn
1609 1311 1752 1393 primum
1768 1317 1848 1375 uatus
1861 1320 1901 1382 ert,
1940 1308 1941 1387 l

344 1399 457 1479 quibus
478 1403 630 1481 attingam
651 1402 710 1464 ista
724 1404 867 1483 carptim.
881 1404 1024 1465 Primum
1040 1421 1117 1483 quas
1165 1402 1307 1464 nondum
1328 1422 1408 1483 pane
1436 1404 1518 1466 vesci
1540 1409 1664 1483 potest3
1688 1404 1743 1467 sed
1759 1407 1903 1485 primlaote

344 1579 418 1631 quum
432 1566 545 1632 loquutur
562 1578 634 1617 sumu
643 1564 823 1629 capitationem.
835 1564 924 1615 Etenim
938 1564 1118 1617 minsadrmsum
1200 1562 1255 1615 llac
1269 1562 1388 1615 coufirmat
1400 1567 1481 1616 auctor
1493 1562 1617 1616 bodiarum
1630 1563 1672 1630 qui
1699 1562 1783 1616 tristem
1792 1563 1832 1616 sbi
1841 1566 1904 1631 parnt
1940 1554 1941 1625 l

344 1645 378 1692 est
394 1640 509 1692 bominem
527 1655 579 1694 cum
594 1639 699 1693 omnibus
713 1639 761 1691 suis
773 1638 919 1691 sandalibus
941 1641 964 1691 iu
977 1638 1116 1691 adornanda
1166 1637 1258 1700 tamam,
1283 1639 1392 1704 cuiusque
1414 1638 1566 1690 testimonium
1589 1638 1719 1707 suspicioni
1736 1639 1904 1691 obnubundtsi
1940 1640 1941 1709 i

343 1715 457 1768 locatione
471 1715 615 1780 intervenire,
631 1715 684 1767 dum
697 1729 763 1782 puer,
779 1714 868 1766 nonnisi
883 1713 1049 1766 incurrendbus
1060 1726 1115 1765 sen·
1167 1712 1251 1778 nequit.
1271 1732 1282 1760 r
1298 1713 1433 1778 Lingunram
1447 1713 1543 1766 historia
1556 1713 1645 1766 nullum
1660 1712 1751 1766 exhibet
1762 1715 1904 1781 cmnpbm,sit

342 1790 407 1843 sibus
424 1805 476 1843 cum
489 1790 561 1844 bbere
573 1791 668 1843 radonis
681 1791 770 1843 actium
784 1794 807 1842 et
819 1789 939 1842 efficientis
955 1790 1018 1855 loqui
1039 1786 1114 1848 discit,
1166 1788 1256 1850 lieren,
1270 1787 1368 1840 radonis
1394 1803 1445 1855 qua
1469 1788 1513 1841 sibi
1535 1803 1621 1841 norum
1648 1789 1758 1842 crearerit
1777 1789 1861 1852 idione,
1877 1796 1904 1840 art

344 1866 376 1917 ita
397 1871 423 1919 ut
445 1866 553 1920 insb'uctu
576 1881 628 1930 suo,
649 1867 757 1933 quesivi
779 1865 927 1928 ineluctabili,
942 1865 971 1917 ad
983 1863 1117 1916 edutimdm
1167 1862 1237 1915 reteri
1250 1876 1322 1916 novos
1335 1864 1442 1916 inusserit
1455 1865 1535 1917 modos
1548 1864 1621 1917 libere
1634 1865 1799 1918 determinatos.
1812 1864 1904 1929 Silurus

343 1955 413 1993 sonos
430 1942 585 1995 inarticulatos
604 1942 728 1995 adducatur
741 1941 823 2008 quibus
836 1941 981 1993 necessitates
993 1954 1047 1993 suas
1061 1952 1118 2006 pss-
1167 1937 1303 1992 correctioui
1316 1938 1442 2004 subjacent,
1451 1939 1617 1993 curdbinensis
1629 1940 1765 1994 flexionibus
1776 1940 1904 2004 cucuma

344 2017 465 2083 siouesque
478 2017 530 2069 aliis
542 2017 636 2081 indicet,
651 2017 804 2083 paulatimque
817 2017 845 2068 ad
860 2016 990 2069 articulatos
1003 2013 1119 2083 perteniat
1166 2014 1256 2080 penitus
1269 2013 1374 2066 destituta
1388 2016 1609 2080 grammatecalibus,
1634 2030 1752 2084 nunquam
1767 2015 1864 2069 aditet
1875 2015 1904 2065 tc·

344 2106 424 2155 sonos,
438 2092 520 2158 quibus
534 2092 709 2156 auxiliantibus,
733 2105 785 2143 suas
799 2090 851 2143 aliis
868 2091 922 2143 dum
936 2091 999 2143 ideas
1012 2103 1119 2143 commu·
1168 2089 1236 2142 ducta
1247 2094 1273 2141 ut
1289 2103 1315 2141 ea
1332 2089 1376 2141 sibi
1390 2091 1516 2157 daretque
1530 2106 1572 2143 nos
1585 2091 1615 2144 ad
1635 2090 1794 2159 concipiendos
1806 2091 1904 2157 emme

344 2169 416 2232 nicet,
430 2170 453 2220 iu
467 2169 549 2221 lisdem
562 2168 647 2223 similes
662 2166 754 2219 excitet.
807 2200 817 2215 .
1168 2164 1253 2231 desque
1280 2165 1361 2217 mentis
1389 2171 1472 2233 nosue
1498 2168 1610 2233 cogitatus
1638 2167 1745 2234 perutilia
1770 2166 1904 2229 receeruqu

378 2245 412 2297 lix
425 2246 470 2297 alia
485 2248 548 2310 parte
561 2244 664 2296 nonnulli
682 2243 838 2309 metaphrasi,
859 2241 918 2294 inter
932 2254 989 2306 qnos
1003 2240 1078 2293 Mune
1091 2238 1119 2290 de
1167 2239 1299 2292 habemus?
1312 2239 1358 2293 Cur
1370 2244 1496 2309 tcmpomm
1515 2241 1682 2309 modorumque
1698 2247 1792 2309 system
1803 2240 1905 2293 maenius
1940 2210 1941 2293 l

345 2320 423 2383 Birm,
437 2320 575 2373 locutionem
588 2334 630 2386 pro
644 2319 803 2371 adinventione
819 2332 881 2369 merc
897 2315 1117 2369 bumansbabuere.
1168 2316 1276 2368 semitica
1298 2330 1414 2382 nunquam
1437 2323 1559 2384 pemmoni
1579 2318 1684 2371 inuenire
1700 2318 1789 2382 lingue,
1802 2317 1905 2368 msam

344 2396 411 2458 ssuod
431 2397 455 2448 in
476 2396 520 2447 bac
543 2395 638 2447 nimium
660 2399 696 2446 eet
716 2393 821 2461 opinione
835 2393 884 2460 ipss
897 2391 1013 2458 redarguit
1025 2388 1120 2442 scientia
1168 2391 1232 2444 bisce
1255 2391 1340 2458 linguis
1363 2392 1490 2447 obscuritas
1503 2394 1583 2446 inestt
1598 2395 1720 2455 Quomodo
1733 2398 1767 2446 tot
1780 2390 1905 2445 abbiucrrds
1940 2428 1941 2449 ,

347 2472 400 2524 dum
415 2470 577 2524 demonstrarit
592 2469 736 2523 utilissimam
751 2469 841 2536 quidem
856 2482 905 2519 esse
922 2467 951 2518 ad
964 2465 1120 2534 exprimendas
1170 2466 1309 2518 mucidam
1322 2467 1493 2534 alphabetorum
1506 2470 1670 2536 perfectiorum
1685 2465 1904 2532 deveneruntquiuu·
1940 2474 1941 2535 t

346 2545 514 2599 ideasseustles
527 2544 689 2597 etindlridms
699 2543 844 2602 locutionem,
861 2543 890 2594 ad
901 2540 1119 2608 percipiendasreru
1170 2540 1231 2593 cales
1253 2542 1386 2607 regulariter
1412 2544 1509 2610 scriptas
1531 2544 1574 2596 sibi
1596 2546 1712 2598 asciscas
1725 2541 1906 2610 perscrutante
1940 2574 1941 2601 t

346 2622 460 2688 spiritales
470 2628 493 2673 et
502 2620 664 2673 intellectuales
677 2621 725 2671 tere
739 2619 898 2680 necessaium,
911 2629 1121 2684 prorsusque‚uou·
1170 2618 1344 2670 reclamantibus
1367 2619 1490 2671 imumcris
1508 2620 1680 2673 difficultatibus
1698 2635 1748 2686 qua
1763 2634 1788 2671 cr
1804 2614 1906 2670 mmsis
1940 2616 1941 2667 i

345 2698 391 2750 nisi
411 2699 460 2762 ejus
479 2701 595 2763 praeunte
617 2695 701 2747 auxilio
718 2694 909 2760 efformariposse
922 2693 984 2745 ideas
996 2692 1121 2744 abstrscm
1170 2693 1379 2747 sermonumt
1394 2695 1452 2747 illud
1465 2709 1535 2748 unum
1556 2695 1581 2747 in
1595 2710 1667 2749 causa
1679 2699 1715 2749 est
1731 2696 1905 2761 modursqmqst
1940 2694 1941 2761 l

347 2774 473 2839 generales.
494 2773 536 2824 lla
558 2771 695 2824 asemona
713 2771 774 2822 reiut
793 2774 922 2823 cursantes
941 2769 999 2821 adeo
1011 2773 1064 2821 suut
1076 2767 1121 2821 be·
1170 2768 1249 2834 lingua
1261 2770 1410 2834 grammatica
1423 2784 1466 2823 sua
1478 2770 1539 2823 velut
1552 2784 1647 2824 uerrere
1662 2770 1788 2833 includitur,
1801 2769 1906 2820 tim
1940 2770 1941 2819 t

347 2847 428 2902 beudn
445 2855 471 2901 ut
490 2848 565 2901 lulius
587 2847 679 2899 Sirmon
704 2850 727 2898 et
747 2846 843 2897 Emilius
868 2845 964 2907 Suessi,
979 2844 1080 2909 ciusdem
1093 2857 1121 2896 sc
1172 2848 1245 2909 potest
1258 2844 1343 2897 influxu
1360 2860 1480 2897 causamn
1499 2846 1591 2898 modum
1609 2848 1750 2912 vultumque,
1767 2848 1790 2897 ut
1809 2844 1834 2895 ita
1845 2840 1904 2899 dieu.
1940 2854 1941 2877 ¹

347 2925 422 2979 btaine
436 2924 464 2976 dc
478 2924 545 2976 biran
558 2922 660 2982 ecbola,
679 2922 800 2974 amatur.
825 2939 835 2968 u
855 2920 887 2973 Se
900 2934 946 2972 nou
959 2919 1043 2972 audere
1055 2919 1121 2972 utilr-
1171 2920 1508 2983 immutarssuum,verbcruur
1521 2915 1905 2989 mpiamunsugueveebdrdu,
1940 2932 1941 2995 ᾗ

347 3015 410 3053 mare
422 2998 561 3057 locutionem
578 2997 607 3050 ab
622 2998 713 3050 bomine
728 2997 829 3063 potuisse
847 2996 951 3047 inventri.
970 3013 981 3043 u
1172 2994 1240 3061 idque
1254 3010 1282 3047 es
1294 2999 1344 3048 toto
1357 3011 1440 3049 uorum
1453 2997 1556 3059 efficeres
1568 2999 1812 3063 grammaticereroest
1821 2990 1906 3043 rmus
1940 3024 1941 3045 ;

381 3076 470 3141 ltogses
483 3075 564 3142 paucis
577 3074 618 3126 scd
630 3072 719 3125 eximiis
729 3072 803 3124 verbis
817 3085 893 3123 reram
906 3070 1027 3123 locutionis
1043 3070 1123 3121 buma·
1172 3074 1196 3122 et
1208 3071 1399 3136 characteristica,
1420 3087 1466 3126 nec
1484 3077 1558 3140 potest
1571 3074 1689 3141 cormmpi
1703 3072 1755 3138 qu'n
1768 3083 1838 3123 nonu
1846 3077 1905 3117 mut
1940 3072 1941 3081 ²

349 3165 384 3204 uu
398 3151 509 3215 originem
528 3163 570 3202 nos
587 3150 676 3212 edocet,
699 3148 831 3213 mediusque
855 3146 939 3199 incedit
959 3145 1019 3198 iuter
1033 3158 1122 3197 errores
1172 3147 1278 3212 accipiat,
1291 3148 1395 3214 quodque
1412 3149 1455 3200 luit
1476 3162 1525 3202 esse
1548 3151 1679 3203 deluat»
1704 3150 1779 3201 licum
1795 3147 1822 3197 de
1835 3141 1907 3205 odda
1940 3200 1941 3203 ,

349 3225 475 3293 oppositos,
498 3239 556 3292 quoe
574 3239 628 3277 rere
641 3222 768 3292 repudiavit
779 3224 882 3276 scicntia.
898 3222 1045 3275 Lucrionem
1062 3220 1122 3273 euim
1173 3222 1324 3287 linprmrnm.

348 3301 390 3354 Dei
410 3301 478 3354 simul
501 3305 526 3352 et
545 3299 644 3352 bominis
662 3312 719 3365 opus
739 3312 789 3351 esse
812 3298 897 3350 indicat
912 3297 967 3349 dam
984 3296 1018 3349 sic
1035 3295 1119 3349 balet:
1210 3300 1273 3351 «sd
1287 3299 1332 3352 boc
1345 3300 1436 3353 marim
1457 3301 1565 3353 momenti
1584 3299 1701 3354 recentior
1718 3297 1801 3351 desub
1819 3292 1900 3375 ΠΨ,

349 3378 461 3442 immotis
474 3377 550 3441 igitur
566 3375 685 3427 Dominus
701 3375 775 3437 Deus,
791 3374 822 3424 dc
851 3374 925 3424 burno
955 3373 1050 3425 cunctis
1063 3373 1122 3424 cai·
1173 3375 1231 3426 ie'co.
1256 3375 1330 3440 pergit
1352 3376 1412 3428 idem
1427 3382 1516 3433 auctor,
1530 3381 1556 3429 ut
1568 3376 1697 3440 liugursin
1713 3375 1793 3427 drea
1804 3366 1907 3422 dmum

349 3453 473 3504 mentibus
486 3456 569 3514 terrra
584 3454 608 3503 ct
621 3450 742 3502 universis
752 3448 890 3501 volutilibus
904 3448 969 3511 cuti,
984 3448 1083 3501 adducit
1091 3462 1122 3500 cc
1174 3448 1316 3516 iamdiasque
1332 3466 1383 3516 que
1396 3445 1493 3503 iniirem
1506 3451 1673 3504 irreductibilcs
1685 3445 1907 3511 plantasmatum
1940 3488 1941 3495 ,

350 3529 382 3579 ad
396 3526 486 3590 Adam,
501 3526 634 3578 strideret
646 3526 705 3590 quid
722 3529 819 3576 uocaret
837 3539 876 3586 ec,
892 3538 964 3575 omne
980 3524 1047 3576 edm
1059 3523 1123 3589 quod
1174 3524 1275 3577 membra
1298 3526 1441 3579 emeretur
1462 3527 1630 3594 propinquitate
1651 3528 1782 3593 iungunmr.
1802 3522 1826 3575 si
1843 3532 1864 3570 er
1876 3527 1908 3566 m
1940 3592 1941 3595 Ἴ

350 3603 444 3655 uocauit
465 3601 545 3653 Adam
564 3603 655 3651 nnimoe
676 3601 788 3660 virentis,
803 3601 885 3665 ipsum
899 3604 934 3649 cst
951 3613 1040 3650 nomen
1057 3600 1120 3662 ejus
1175 3603 1239 3664 perte
1252 3599 1418 3653 suictisdmam
1435 3601 1493 3654 inter
1507 3602 1607 3667 eiusdem
1622 3602 1715 3654 tamdia
1727 3598 1818 3652 meubn
1829 3603 1907 3675 cml·

351 3677 451 3733 decue
464 3677 494 3729 ll.
510 3677 551 3727 19.
570 3675 619 3728 Nec
632 3674 713 3726 medus
727 3673 823 3739 exprimi
836 3678 925 3739 poterat
947 3672 971 3723 ie
985 3673 1123 3726 ettormanda
1175 3674 1268 3726 uitatem
1282 3675 1406 3740 tinguistuc
1413 3676 1543 3740 admittam,
1561 3692 1589 3729 er
1600 3677 1648 3729 alis
1656 3681 1720 3744 parte
1733 3689 1776 3727 nnn
1787 3673 1908 3739 ΜΨ

350 3754 465 3807 locutione
482 3756 568 3819 partem
584 3765 634 3803 esse
651 3749 693 3801 liei
715 3749 827 3815 simulque
849 3753 935 3814 putem
950 3762 1001 3801 esse
1014 3748 1122 3801 bominis.
1175 3749 1294 3801 admittant
1318 3750 1422 3816 abyssum
1438 3753 1495 3804 iuter
1513 3752 1609 3804 semibus
1625 3753 1734 3813 diverses,
1747 3747 1909 3803 medemnos
1940 3764 1941 3769 ¹

350 3829 411 3882 Deus
427 3828 518 3881 scilicet
533 3826 653 3879 intervenit
675 3829 780 3891 tanquam
803 3823 892 3876 actione
916 3824 1026 3875 creatrice
1045 3824 1123 3875 cond·
1173 3823 1291 3877 declsrent
1310 3826 1352 3878 bas
1373 3826 1471 3878 tamilies
1483 3841 1512 3878 er
1524 3842 1550 3880 se
1562 3828 1661 3880 inuicem
1675 3826 1781 3891 originem
1793 3835 1832 3874 nm
1842 3815 1908 3870 mitit

350 3905 474 3968 mamert
488 3903 573 3955 locutio
589 3915 730 3967 nequaquam
749 3900 772 3950 in
786 3900 877 3951 bomine
891 3899 1022 3965 exprimitur
1034 3898 1123 3951 actione
1175 3899 1790 3967 duivstonibmmsemibutbrscrudiateuisejmm
1800 3896 1906 3948 Μ’

350 3980 464 4045 medon,
496 3980 564 4031 bomo
593 3978 643 4044 ipss
669 3977 729 4028 entis
755 3976 873 4028 sensibilia
895 3980 970 4037 vocat,
988 3974 1123 4040 nomineque
1212 3977 1280 4029 Plura
1294 3977 1422 4030 adnotanda
1430 3978 1677 4031 occurrissentsmein
1690 3976 1768 4043 quibus
1779 3967 1908 4026 mmmm

351 4056 443 4123 proprio
457 4054 547 4120 singula
560 4057 625 4105 notat
638 4056 662 4104 ot
678 4051 803 4116 distinguit.
820 4050 914 4103 secum
928 4065 986 4117 opus
1000 4056 1034 4101 eet
1046 4049 1123 4102 ucu-
1176 4052 1235 4106 male
1248 4052 1317 4105 cessit
1328 4052 1413 4104 tentari
1439 4052 1558 4105 sciendam
1570 4067 1625 4106 cum
1637 4052 1771 4106 resolutione
1784 4042 1908 4100 commi

350 4134 422 4183 tatum
435 4130 515 4182 adami
535 4128 672 4182 naturalium
694 4141 751 4192 quas
770 4127 830 4179 licus
844 4128 867 4178 iu
880 4126 995 4191 operando
1008 4124 1085 4190 dirigit
1096 4138 1124 4177 ac
1176 4142 1247 4181 rmum
1263 4127 1358 4193 seligam
1371 4128 1432 4194 qued
1448 4128 1478 4180 sd
1500 4129 1638 4182 emon.
1660 4128 1719 4181 lucie
1739 4125 1833 4183 niatu,
1844 4118 1908 4199 terp·

243 4252 246 4257 .
351 4210 469 4258 susensi,
494 4205 535 4257 Sic
549 4203 680 4256 eitcrmatur
693 4202 787 4265 locutio,
803 4206 829 4252 ut
840 4202 868 4253 ad
882 4216 946 4253 suam
964 4200 1124 4267 perlectionem
1176 4204 1282 4256 Petarius
1308 4203 1382 4269 capite
1398 4215 1453 4266 ru,
1474 4204 1527 4257 libri
1541 4206 1564 4267 l,
1587 4211 1611 4257 et
1623 4202 1766 4271 sequentibus
1784 4196 1861 4263 eutifflt
1873 4190 1908 4241 θ’

353 4280 483 4346 perveniant
496 4279 594 4331 bominis
607 4277 724 4330 meditatos
737 4276 914 4343 pernecessaria.
1175 4280 1239 4332 serit.

385 4356 458 4407 Homo
472 4354 542 4419 igitur
555 4368 608 4405 suas
625 4353 649 4404 iu
667 4352 805 4405 edormanda
818 4351 932 4405 locutione
946 4356 1020 4417 partes
1040 4351 1125 4417 imple-
1209 4355 1243 4406 Er
1255 4355 1385 4406 narratione
1398 4354 1500 4408 mesura
1520 4354 1636 4420 colligitur
1659 4356 1734 4408 lucem
1760 4354 1807 4403 mtt
1823 4341 1906 4397 itm

353 4428 402 4480 vit:
430 4430 511 4481 mimm
534 4428 603 4493 igitur
624 4427 694 4479 videri
717 4442 762 4481 non
781 4427 912 4480 debetcum
926 4426 1125 4479 reriisdecausis
1175 4430 1318 4483 asuatuisse
1335 4430 1477 4496 productam,
1493 4435 1517 4484 et
1540 4431 1658 4497 essequid
1671 4430 1794 4484 dumetum
1812 4436 1825 4472 ι
1843 4414 1907 4470 ΝΜ

354 4504 580 4570 eamquadamtcnus
590 4502 1125 4569 immutasse,uudeliugusmmvarietasortum
1173 4506 1241 4559 astris
1262 4505 1285 4556 in
1299 4504 1449 4557 immensitate
1476 4507 1586 4560 celorum
1602 4521 1617 4557 a
1631 4506 1680 4558 lieo
1694 4492 1906 4575 prodemlqttss

353 4580 440 4632 habuit.
1176 4581 1236 4633 omni
1250 4584 1310 4632 retro
1324 4580 1455 4645 antiquitate
1467 4583 1586 4634 doctorum
1600 4582 1781 4643 indmmmnque
1804 4573 1905 4638 imm

386 4656 497 4721 Quodque
523 4653 694 4707 admirationem
717 4667 860 4705 commorere
881 4667 921 4719 par
940 4653 1125 4719 est,·pbilologie
1175 4656 1304 4718 multimdo,
1319 4656 1340 4708 si
1350 4670 1435 4721 paucos
1447 4657 1556 4723 excipias,
1571 4658 1630 4708 iuter
1648 4671 1706 4722 quos
1718 4645 1870 4725 mercum
1884 4645 1905 4686 Ἢ

355 4731 506 4783 nmradonem
519 4729 644 4783 bessicam
657 4729 738 4781 mirum
755 4728 779 4779 in
802 4729 894 4781 modum
908 4728 1035 4781 confirmat.
1049 4728 1123 4783 unm
1174 4733 1202 4784 r‘sr
1215 4732 1393 4795 Heeecnreron,
1421 4731 1526 4784 seusibm
1539 4732 1714 4798 obtemperans,
1739 4726 1805 4780 euleu
1816 4712 1904 4772 lm

353 4807 382 4858 ab
393 4806 457 4858 initio
470 4806 540 4858 tuisse
553 4806 654 4870 linguam
667 4804 761 4858 Germia
773 4804 850 4868 refert,
866 4804 937 4855 licum
955 4809 1033 4870 postea
1045 4805 1123 4867 tuen,
1175 4805 1312 4874 precipuum
1325 4805 1411 4858 iontem
1422 4804 1515 4859 luminis
1523 4812 1548 4859 et
1559 4806 1642 4861 caloris
1654 4820 1706 4873 qua
1716 4803 1834 4855 nulum
1845 4786 1904 4843 W

354 4882 459 4935 bumana
471 4881 584 4948 superbia
597 4879 771 4946 comprimenda
784 4893 861 4942 causa,
879 4879 1031 4931 murmurem
1045 4880 1125 4933 centu·
1174 4882 1331 4947 illustrantque
1353 4886 1466 4935 nutmrm.
1489 4882 1620 4937 Commune
1640 4883 1689 4936 bec
1710 4876 1790 4946 ormo.
1805 4883 1848 4953 qua
1864 4873 1903 4917 ω’

354 4958 484 5023 sioncmque
508 4957 635 5023 linguarum
657 4953 777 5006 invexisse.
807 4955 872 5007 Unde
894 4955 1019 5021 colligitur,
1037 4957 1125 5009 cmnsi
1173 4957 1274 5012 lluedca
1287 4956 1416 5010 sumbone
1437 4957 1474 5010 ris
1494 4962 1554 5010 stare
1571 4962 1653 5024 potest,
1671 4967 1771 5021 maguum
1785 4946 1858 5010 wittil
1869 4939 1902 4991 fif·

354 5034 503 5101 possitbomo
520 5033 621 5099 linguam
640 5031 804 5097 quadamtenus
820 5031 939 5085 immutare
952 5046 1017 5085 suam
1030 5036 1054 5085 st
1068 5046 1124 5085 cor-
1174 5036 1312 5091 mamertum
1337 5047 1351 5085 e
1378 5031 1515 5085 doctissimis
1543 5033 1656 5087 Newtouii
1692 5011 1903 5099 nmmmoubul‘

354 5109 436 5174 rigere,
452 5109 580 5162 mcessado
593 5109 668 5159 messe
681 5107 705 5158 in
718 5120 851 5172 unaquaque
865 5107 942 5172 lingue
955 5108 1009 5174 quid
1022 5107 1125 5159 drumet
1175 5106 1362 5174 Optteu,quasin
1373 5108 1533 5174 compendium
1549 5109 1653 5163 redactas
1665 5103 1815 5161 matresua
1824 5094 1901 5149 W

355 5184 682 5248 tumultuariorum
694 5181 793 5234 bominis
805 5182 930 5236 dominium
943 5183 1051 5251 pesitum,
1059 5182 1091 5235 ita
1099 5187 1125 5236 et
1173 5198 1215 5236 suo
1228 5183 1257 5235 dc
1269 5184 1376 5248 Pbgsr'eu
1391 5198 1459 5250 opere
1471 5183 1617 5237 obducendas
1622 5182 1715 5237 ursui.
1723 5173 1901 5253 bow

322 5294 327 5301 ·
355 5260 605 5329 nomneqaeatiinmr
617 5258 828 5325 fermentatusque
841 5259 1028 5326 penituseboleri
1050 5259 1124 5311 nisis
1173 5262 1271 5325 systema
1292 5259 1431 5313 eruditorum
1448 5259 1566 5313 smteutiis
1583 5259 1707 5321 mmmm,
1725 5254 1806 5309 isitii
1818 5245 1901 5301 Μ

354 5352 423 5390 causa
436 5336 551 5401 exteriori,
562 5350 612 5402 qua
623 5331 865 5400 suprcmrsitopertet,
874 5334 967 5387 recede
976 5348 1044 5401 quam
1054 5334 1122 5387 Deus.
1174 5335 1304 5407 consuisse
1315 5334 1440 5405 videbatur.

381 5470 392 5514 l
408 5470 473 5517 lium.
483 5469 577 5518 rra-t
587 5469 653 5516 snb.
666 5467 707 5515 lib.
719 5466 746 5513 dc
756 5467 859 5515 Peractis.
871 5480 920 5526 erp.
928 5478 962 5514 ιιι.
