4004 6168
367 366 427 426 cta
906 358 1106 428 APPENDIX
1125 358 1180 420 AD
1196 358 1357 422 LIBRUM
1377 362 1408 424 ll

366 524 1134 607 ellectumnolit,tamsubitom11tilas,debiles,et
1180 526 1335 605 appetitus
1357 529 1492 591 sentiens
1517 548 1584 594 non
1609 539 1719 613 potest
1740 535 1830 597 lllum
1850 538 1929 617 igitur

365 624 594 701 quodammodo
621 625 787 704 imparatas
826 631 919 704 atqua
953 623 1132 686 infecundas
1181 618 1333 680 voluntati
1346 621 1542 685 obedientem
1560 625 1662 702 efficit,
1677 629 1929 692 sensusintanoris

364 715 443 792 lieri,
458 722 504 793 ut,
520 717 662 797 quamvis
675 717 750 798 ipsis
763 717 841 779 nihil
855 718 1034 797 adspecicm
1043 716 1131 776 decc·
1181 712 1372 789 operatione.
1385 716 1532 780 Quamvis
1545 718 1641 795 enim,
1651 720 1809 781 utdiotum
1818 722 1928 799 J'arnest,

364 807 427 883 dat,
443 828 479 871 ao
498 827 569 870 rare
583 816 730 871 maneant
743 814 853 871 cratera
872 811 998 884 omnia3
1014 808 1132 870 eadem
1181 805 1317 881 cognitio
1338 805 1498 886 incipiate
1516 826 1623 889 sensu,
1652 810 1823 889 plurimum
1844 819 1930 875 umen

363 905 469 961 tamen
488 899 556 979 jam
569 901 660 981 plane
674 919 732 963 nec
751 903 823 977 sint,
846 919 905 962 nec
926 900 987 962 dici
1000 900 1130 980 possint.
1181 894 1309 956 luminis
1322 897 1355 957 iu
1373 915 1498 961 sensum
1518 901 1622 981 ipsum
1635 920 1674 965 ex
1695 910 1800 966 mente
1813 905 1931 967 refundi

363 988 439 1052 Mihi
462 1008 537 1054 reru
556 994 734 1073 caeterisque
753 993 911 1069 omnibus.
926 993 981 1072 qui
1001 992 1044 1052 ita
1065 1009 1133 1052 sen·
1179 990 1243 1046 tur.
1266 989 1369 1068 Atque
1381 991 1440 1051 hoc
1453 991 1530 1053 illud
1543 999 1600 1071 est,
1616 996 1700 1074 quod
1712 996 1802 1058 aiunt
1814 997 1931 1078 pbiloso-

361 1085 456 1157 ciunt,
473 1086 536 1145 aive
549 1085 618 1172 illos
631 1084 796 1147 auctoritas
815 1085 1024 1159 tantum,sive
1038 1083 1133 1145 etiam
1181 1078 1246 1158 phi.
1262 1097 1370 1143 sensus
1382 1100 1491 1146 omues
1512 1085 1677 1149 hominum
1700 1089 1800 1151 multo
1818 1090 1932 1152 anboel-

363 1179 442 1238 ratio
475 1180 670 1258 persuadeat,
702 1184 897 1259 compertum
929 1178 1044 1258 puriter
1073 1182 1129 1251 est,
1180 1170 1244 1232 lure
1258 1172 1427 1236 bestiarum
1440 1177 1591 1240 sensibus.
1607 1180 1930 1262 Hincoouloslnpietis,

363 1287 470 1331 musas
492 1271 652 1345 secundas,
667 1288 744 1350 quas
764 1275 886 1347 vocant,
904 1287 944 1331 ex
969 1270 1071 1348 prima
1088 1269 1132 1330 ita
1180 1262 1565 1347 flctis,ealatisqaeformts
1578 1273 1930 1336 tamsubtilitercemere:

363 1367 462 1443 aptas,
477 1380 703 1443 suspensaeque
716 1362 887 1424 necessario
901 1362 1129 1441 esseutipsas,
1181 1373 1239 1417 nac
1252 1357 1516 1423 aliadaoausain
1538 1364 1691 1441 mutibus,
1708 1374 1802 1445 atque
1815 1367 1849 1427 iu
1862 1366 1931 1428 omni

361 1473 418 1534 per
431 1456 560 1529 sesolas,
569 1456 740 1535 quidquam
754 1461 902 1536 praestare
915 1454 1057 1535 possibile
1066 1472 1132 1514 uon
1180 1464 1332 1511 tonorum
1343 1453 1508 1532 venante,
1524 1472 1589 1517 esse
1603 1458 1816 1519 humanarum
1828 1458 1932 1520 audam

362 1548 411 1607 sit.
426 1549 532 1628 Neque
542 1548 615 1628 ipsis
631 1548 688 1609 Del
709 1553 823 1608 nutum
836 1547 1063 1622 lanbrmmodo,
1078 1546 1131 1607 sed
1181 1540 1432 1607 delicatissimum
1456 1564 1594 1624 sensum,
1622 1555 1655 1611 et
1678 1550 1882 1629 fastidiosum,
1904 1570 1932 1612 aa

362 1658 453 1719 opem
466 1656 590 1719 quoque
604 1641 810 1720 expectari,ut
819 1638 970 1719 quidquid
982 1638 1130 1715 efficiunt,
1181 1635 1349 1713 superbum
1360 1638 1451 1718 plane
1460 1639 1627 1718 judicium.
1643 1642 1729 1705 Adeo
1743 1651 1864 1718 natura,
1873 1660 1931 1706 cunr

361 1750 426 1793 una
439 1751 511 1793 cum
526 1733 611 1813 ipsis,
628 1738 721 1812 atque
741 1732 1038 1810 conJ'unctimaDeo
1051 1730 1129 1792 fiats
1180 1724 1215 1786 ¹¹11
1240 1727 1375 1808 reliquas
1403 1747 1511 1794 omncs
1542 1732 1703 1796 facultates
1736 1743 1931 1815 cognoscentes

361 1823 552 1904 sicquidem,
566 1831 603 1886 ιιι
616 1825 755 1904 ipsarum
774 1823 865 1897 actio,
882 1829 976 1902 atquc
994 1822 1041 1884 ris
1057 1840 1131 1903 sup·
1179 1818 1295 1881 radoni
1308 1822 1504 1885 dominatum
1516 1825 1611 1905 dedit,
1626 1826 1710 1888 dedit
1721 1828 1827 1905 etiam,
1840 1830 1931 1908 quoiis

360 1917 439 1995 pleri
452 1918 636 1996 plerumque
655 1916 762 1997 possit,
777 1916 835 1976 Dei
849 1934 934 1993 vero,
954 1932 1127 1995 nuncprem.
1181 1911 1347 1990 prodesset.
1365 1915 1439 1988 Quae
1454 1917 1538 1978 euim
1564 1918 1603 1978 ad
1629 1918 1697 1997 ejus
1721 1920 1876 1997 duntaxat,
1889 1921 1931 1999 qui

360 2009 431 2070 Non
439 2011 556 2071 mirum
570 2015 615 2071 est
627 2010 732 2088 igitsrr,
747 2009 862 2069 intecta
875 2008 980 2084 etiarn
996 2014 1028 2068 et
1040 2007 1132 2087 plane
1180 2010 1303 2082 praest,
1332 2009 1532 2069 commodum
1556 2009 1701 2089 refertur,
1725 2012 1865 2092 tyrannis
1885 2020 1929 2085 asi,

360 2100 510 2162 incolumi
524 2120 614 2162 causa
627 2100 1130 2175 secundaeseademideminter-
1180 2093 1246 2157 non
1264 2098 1464 2179 principatus.
1490 2103 1607 2163 Juvare
1626 2108 1733 2166 autem
1750 2105 1831 2166 ratio
1850 2112 1930 2185 potest

361 2193 438 2254 dum
451 2212 515 2255 non
529 2210 618 2274 posse
627 2194 756 2254 existere
774 2213 781 2253 :
797 2209 867 2253 cum
883 2194 924 2253 sit
937 2192 1131 2271 exploratum
1178 2206 1277 2267 quam
1291 2192 1426 2254 maxime
1438 2210 1520 2268 em,
1533 2212 1605 2274 quae
1618 2195 1676 2257 sibi
1687 2198 1788 2277 magis
1800 2197 1931 2271 afflabat

361 2285 396 2346 in
417 2287 483 2366 ipsa
501 2291 598 2347 totam
610 2285 759 2366 gignendi
773 2285 899 2347 effectus
912 2302 977 2345 non
991 2302 1056 2345 esse
1067 2286 1129 2345 rir-
1180 2278 1345 2359 conjuncta
1355 2289 1411 2358 eat,
1420 2284 1599 2349 facultatem
1607 2289 1929 2368 cogitantemacboui,

361 2383 480 2440 tutem:
500 2384 604 2458 aque,
627 2377 683 2439 ubi
697 2379 747 2439 vel
759 2378 857 2439 solam
870 2377 927 2437 Dei
939 2377 1131 2438 voluntatem
1180 2374 1315 2453 malique
1329 2377 1368 2437 ad
1381 2381 1929 2460 sensumpertinentisaestimabicern.
1992 2422 1993 2447 ι

360 2469 447 2531 illam
461 2472 639 2548 detraxeris,
656 2488 718 2550 qua
725 2470 785 2550 ipsi
795 2487 886 2550 opem
906 2470 986 2530 ferre
1003 2474 1129 2544 statuat,
1180 2465 1260 2526 Nem
1273 2486 1345 2528 cum
1362 2486 1412 2530 res
1425 2470 1517 2532 altius
1532 2473 1817 2553 redupenetret,ac
1828 2476 1930 2556 penitus

361 2561 451 2641 eique
465 2562 546 2624 vires
559 2581 629 2625 suas
641 2561 1020 2642 adjungst3ealieetnibil
1032 2567 1130 2623 mute
1180 2558 1384 2637 introspiciat,
1399 2563 1427 2623 ei
1452 2565 1650 2641 persuadere,
1674 2566 1765 2646 quasi
1786 2566 1930 2648 aperiendo

360 2659 755 2734 tur,manaantqueoaetere
764 2654 959 2733 omniaque
966 2670 1130 2715 causarum
1180 2655 1212 2711 et
1225 2657 1496 2717 commonstrando
1509 2662 1622 2736 potest,
1644 2659 1678 2718 in
1692 2677 1731 2721 ea
1743 2678 1793 2734 re,
1810 2676 1874 2740 que
1881 2658 1929 2738 ipsi

360 2747 540 2825 adjuvantia
567 2747 729 2821 dicuutur3
762 2764 827 2806 nou
856 2746 901 2806 illi
924 2746 992 2825 J'am
1024 2752 1130 2808 tamur
1179 2749 1227 2804 est
1250 2745 1381 2825 objecta,
1407 2747 1493 2817 boni,
1513 2750 1565 2811 rel
1590 2751 1675 2820 mali,
1705 2753 1868 2826 commodi,
1889 2748 1930 2811 rel

359 2839 494 2920 amplius
516 2840 548 2901 id
576 2857 670 2902 omne
689 2844 841 2907 constare,
856 2856 918 2918 quo
946 2838 1071 2900 effectus
1096 2840 1130 2901 in
1178 2835 1367 2899 incommodi
1382 2840 1452 2917 plus
1465 2841 1583 2920 aliquid
1593 2843 1709 2921 inesse,
1720 2863 1817 2924 quam
1830 2844 1931 2923 dupe

360 2933 502 3013 proximo
514 2934 563 2994 sit.
585 2934 694 3012 Itaque
707 2931 796 2993 nobis
810 2931 867 2992 ista
881 2931 959 2992 nihil
977 2931 1126 3007 officiunt,
1179 2947 1212 2990 se
1226 2930 1292 2990 sola
1305 2931 1459 3011 detegere.
1475 2938 1506 2995 et
1520 2935 1644 3014 assequi
1657 2936 1803 2998 valuerit.
1818 2938 1860 2998 Ea
1870 2952 1929 2997 reru

360 3027 457 3104 quiet
469 3044 563 3106 supra
575 3026 783 3101 ostendimus,
798 3023 1129 3103 hominis-appetitum
1179 3023 1377 3098 persuasione
1401 3024 1554 3086 facultatis
1579 3027 1673 3105 hujus
1691 3028 1846 3107 J'udiuium
1864 3044 1930 3105 sape

359 3123 472 3178 natura
485 3136 541 3179 sua
555 3137 620 3179 non
633 3117 676 3179 ita
689 3118 824 3197 pendere
851 3134 890 3177 ex
908 3115 1077 3192 voluntate,
1094 3122 1130 3177 ut
1179 3115 1361 3195 corrigitur:
1374 3117 1626 3197 quodquoniam
1634 3120 1928 3202 seqmtmappentus,

359 3211 553 3290 ejusuutum
566 3217 659 3290 atqm
675 3228 766 3290 opem
779 3214 942 3289 expectare
956 3208 1128 3270 necessario
1178 3211 1210 3266 et
1235 3207 1302 3287 ipsc
1329 3209 1478 3286 paulatim
1505 3210 1708 3286 moderatior,
1736 3231 1775 3274 ac
1799 3209 1931 3274 voluntsti

359 3304 489 3379 debeat3
505 3308 537 3364 et
564 3320 639 3364 mox
666 3302 874 3379 ostendamus,
891 3320 956 3362 nou
975 3308 1043 3362 eam
1063 3318 1128 3362 esse
1179 3298 1400 3379 obsequentior
1429 3301 1572 3363 efficitur.
1600 3305 1648 3364 Ita
1679 3303 1778 3384 igitur
1811 3300 1930 3365 inbricri

357 3395 432 3474 vim,
449 3395 670 3470 efficacitatem,
684 3398 929 3475 potestatemque
947 3392 1126 3466 voluntatis,
1177 3393 1328 3471 appetitui
1340 3394 1418 3455 alter
1431 3395 1587 3474 imperitat
1603 3415 1611 3455 ε
1626 3397 1740 3457 radoni
1754 3397 1927 3475 mandabat,

358 3494 394 3548 ut
408 3488 446 3547 ad
461 3488 526 3566 ejus
549 3487 808 3565 interdictionem,
829 3487 915 3547 aetat
933 3485 1045 3547 exectis
1058 3502 1128 3546 ner-
1177 3484 1357 3563 conquisitis
1371 3486 1457 3560 hine,
1471 3487 1581 3548 etinde
1595 3488 1929 3565 suasionibuserrorcm
1992 3470 1993 3545 l

358 3578 416 3655 vis,
431 3579 533 3639 subito
543 3578 716 3657 elangueat,
733 3597 768 3640 ae
780 3597 859 3659 pene
874 3577 1016 3640 concidat
1029 3592 1127 3658 appe·
1177 3577 1281 3637 sensui
1296 3578 1437 3639 detrahat
1453 3598 1460 3638 ε
1480 3579 1559 3640 ratio
1574 3584 1662 3659 paret
1678 3600 1686 3641 :
1700 3598 1829 3643 sensum
1838 3582 1930 3642 admo-

357 3671 442 3732 titus.
458 3670 502 3732 Ne
516 3671 626 3732 multa.
784 3731 785 3735 ,
1177 3675 1241 3745 net,
1258 3670 1474 3748 condocefecit,
1491 3673 1670 3751 persuadet;
1686 3692 1734 3751 ac,
1750 3672 1931 3753 postquamis

396 3764 555 3845 appetitui
595 3760 740 3824 sentienti
789 3760 973 3822 rationalem
1019 3761 1127 3841 procul
1177 3760 1215 3820 de
1228 3761 1305 3822 falsa
1321 3762 1524 3824 estimatione
1537 3763 1688 3826 deductus
1701 3772 1760 3841 est,
1775 3765 1932 3843 rationique

356 3853 988 3936 dubionaturapraeieoit:superiorenim
1000 3854 1125 3931 dieitur,
1176 3855 1342 3931 consensit,
1370 3860 1438 3915 tum
1470 3855 1604 3936 deniqne
1628 3859 1785 3937 appetitus
1810 3857 1848 3919 ab
1872 3861 1931 3917 actu

355 3956 387 4011 et
401 3956 447 4012 est
463 3969 469 4011 :
485 3968 542 4011 nec
556 3948 665 4009 ordine
678 3952 812 4023 tantum,
829 3945 883 4007 aed
904 3946 948 4023 vi,
963 3953 1124 4027 potestate,
1176 3946 1313 4022 discedit,
1330 3952 1361 4008 et
1373 3948 1527 4009 voluntati
1540 3948 1718 4028 acquiescit.
1735 3952 1807 4025 Quae
1818 3950 1847 4010 si
1858 3948 1932 4009 itase

352 4040 587 4122 jurisdictione:
599 4058 670 4120 quae
678 4045 784 4101 tamen
791 4037 1011 4113 dominationis
1022 4039 1126 4118 potius
1175 4038 1303 4116 habent,
1316 4038 1430 4102 falsum
1445 4046 1491 4103 est
1511 4041 1595 4120 quod
1608 4042 1777 4104 adversarii
1789 4044 1928 4113 asserunt.

354 4134 500 4214 politiore,
525 4152 619 4215 quam
631 4132 794 4213 despoticae
818 4131 1071 4208 similitudinem,
1096 4139 1127 4195 et
1175 4129 1209 4191 in
1220 4131 1359 4207 homine,
1379 4139 1415 4194 nt
1427 4132 1521 4194 bomo
1536 4139 1592 4208 est,
1609 4133 1749 4213 sejuncta
1761 4133 1932 4215 ecdpaaam

353 4228 486 4288 formam
498 4227 603 4287 habet.
622 4226 780 4305 Despotice
800 4223 927 4303 quidem
947 4223 1126 4286 dominatur
1174 4221 1239 4284 vim
1266 4241 1330 4285 esse
1358 4224 1470 4286 debere
1495 4225 1698 4305 intelligentis
1723 4227 1884 4307 appetitus,
1901 4227 1931 4284 ut

353 4316 386 4379 in
401 4318 770 4396 camiacultatemcujus
784 4316 910 4377 estlooo
925 4332 1126 4377 moverecor-
1174 4315 1359 4377 sentientem
1385 4318 1513 4379 omnino
1536 4317 1569 4379 in
1594 4324 1747 4396 potestate
1765 4318 1933 4391 babeat3et

354 4410 438 4491 poris
451 4412 611 4486 membra3
628 4409 743 4491 quippe
757 4426 926 4489 quamnon
940 4408 1042 4468 aliena
1053 4427 1122 4488 ope,
1174 4410 1375 4487 quantumvis
1393 4409 1567 4484 incitatum,
1589 4412 1695 4473 statim
1721 4413 1892 4490 reprimere,
1906 4414 1935 4468 et

353 4508 384 4562 et
398 4502 580 4579 ministerio,
596 4502 649 4563 sed
664 4501 798 4582 ipseper
812 4519 844 4562 se
857 4503 999 4580 proxime
1012 4501 1125 4579 guber·
1173 4519 1313 4563 coercere
1327 4508 1407 4563 nutu
1420 4502 1496 4571 solo,
1510 4502 1706 4583 imperioque
1720 4502 1818 4584 possit.
1835 4499 1933 4580 Siqui-

354 4598 418 4669 nat,
434 4614 470 4655 ac
481 4598 740 4672 movetzeamque
754 4598 919 4673 propterea
928 4592 1124 4654 obedientem
1173 4592 1245 4654 dern
1259 4611 1323 4653 non
1337 4594 1487 4674 cumipse
1500 4612 1557 4675 per
1570 4612 1603 4656 se
1613 4595 1785 4674 gubernat,
1798 4593 1933 4655 modera-

352 4684 447 4746 habet
459 4686 498 4747 ad
523 4692 637 4747 nutum
653 4705 660 4746 :
677 4691 708 4746 et
721 4702 792 4746 cum
815 4686 931 4766 ipsam,
945 4690 1014 4745 tum
1028 4684 1124 4766 ipsius
1172 4691 1234 4762 tur,
1249 4704 1285 4747 ac
1296 4692 1463 4766 temperat:
1472 4686 1525 4747 sed
1538 4687 1714 4748 consiliario
1728 4687 1846 4748 adeam
1857 4702 1932 4757 rem,

353 4796 458 4859 opera,
476 4778 613 4859 eorporis
626 4783 740 4857 partes,
756 4795 818 4856 quo
833 4776 1015 4852 collibuerit,
1028 4776 1122 4839 inssc·
1173 4782 1203 4839 et
1226 4776 1407 4839 administro
1431 4776 1566 4857 indiget3
1580 4797 1645 4840 non
1666 4778 1784 4840 eumvi
1807 4783 1839 4841 et
1860 4783 1935 4858 potc

352 4870 416 4947 etit,
439 4870 513 4949 agit,
541 4887 576 4930 ac
601 4874 718 4943 versat,
743 4887 830 4931 secus
856 4887 930 4931 vero
951 4871 1124 4949 appetitum
1172 4874 1260 4941 state,
1276 4869 1330 4931 sed
1355 4874 1421 4930 arte
1445 4869 1544 4950 qussi,
1560 4882 1591 4932 et
1609 4870 1764 4934 industria
1779 4889 1788 4930 ι
1804 4886 1869 4933 non
1886 4870 1935 4930 im·

352 4962 612 5042 sentientem,qui
626 4962 741 5042 pariter
753 4979 817 5022 non
828 4961 926 5023 femur
938 4961 972 5021 in
983 4962 1122 5043 incogni-
1172 4961 1334 5040 pellendo,
1350 4967 1443 5040 atque
1463 4962 1701 5039 adstringendo,
1722 4962 1934 5042 rogandoquer

337 5059 432 5131 tum,
447 5056 523 5137 ipse,
539 5054 594 5134 qui
607 5072 794 5134 cognoscens
804 5072 868 5114 non
880 5060 936 5130 est,
951 5072 1047 5134 perse
1058 5073 1122 5117 non
1172 5054 1225 5115 sed
1239 5054 1410 5133 suadendo,
1426 5058 1467 5129 et,
1483 5055 1570 5135 quasi
1584 5055 1749 5117 consilium
1761 5054 1934 5136 praebefflu,

352 5153 457 5208 movet
477 5166 484 5207 τ
501 5147 554 5208 scd
567 5165 622 5227 per
636 5147 709 5208 alias
721 5146 891 5221 facultates,
906 5145 938 5206 in
954 5145 1123 5226 quibusvis
1170 5146 1260 5224 regit.
1276 5147 1333 5219 Qui
1358 5145 1536 5208 dominatus
1561 5146 1662 5209 laxior
1683 5153 1740 5223 est,
1765 5152 1800 5208 et
1821 5145 1934 5227 politica

353 5244 398 5301 est
425 5239 651 5319 cognoscendi:
676 5239 811 5301 maxima
839 5256 933 5315 vero,
963 5238 1121 5305 adnitente
1170 5237 1289 5313 similis,
1305 5256 1368 5317 quo
1382 5254 1401 5300 a
1413 5239 1477 5299 suis
1488 5238 1614 5320 regibus
1633 5238 1724 5302 liberi
1743 5245 1842 5321 atque
1857 5238 1934 5317 inre

351 5331 484 5407 ratione;
500 5350 569 5411 quae
583 5337 688 5393 tamea
702 5350 760 5393 noc
775 5331 841 5411 ipsa
854 5349 911 5409 per
919 5332 1120 5411 'sesuamqua
1170 5330 1227 5391 nui
1240 5330 1406 5392 habentur.

351 5424 591 5486 intellectioncm
619 5424 651 5484 id
677 5425 780 5504 ipsum
807 5428 931 5501 praestat
961 5441 968 5484 :
994 5424 1121 5484 rationis
1210 5423 1473 5503 Haudquaquam
1496 5431 1612 5499 tamem
1647 5413 1801 5502 quonium
1834 5422 1936 5503 guber·

352 5516 437 5578 enim
450 5515 595 5596 cognitio,
612 5515 1121 5595 cumsitaltiorisordinis,eaduci
1169 5515 1253 5578 natio
1278 5515 1403 5594 politica
1426 5516 1461 5577 in
1483 5534 1604 5593 eorum,
1624 5515 1679 5595 qui
1700 5515 1836 5594 subjecti
1856 5518 1933 5585 ειιιιι,
