4096 6166
894 478 1028 547 INDEX.

183 650 287 698 reumate
300 646 445 714 disputatum.
460 647 533 700 Esaia
547 648 611 701 lucus
624 648 748 714 explicatus
762 662 789 699 ex
803 647 917 714 interpre-

183 726 231 771 tum
245 722 304 774 Lllli
331 724 443 776 versione.
464 725 514 776 Non
538 739 587 776 erse
601 720 700 776 solidum
714 723 806 785 coelum,
830 722 919 774 tametsi

183 796 348 851 firmamentum
373 804 474 864 nocetur,
503 805 525 852 et
555 801 649 866 quasit
669 800 734 866 origo
757 799 863 862 nominis,
892 812 920 849 ao

185 876 257 924 notio.
872 874 920 925 188

150 946 238 999 Ctnur
251 948 292 999 lll.
311 950 344 1000 lle
371 966 422 1010 usu,
442 956 464 1003 et
482 951 556 1004 cilicio
579 951 715 1005 firmamenti
727 966 741 1003 a
752 951 815 1003 ltose
828 950 919 1012 madito,

186 1028 211 1074 ut
224 1034 293 1090 aqrnas
307 1026 334 1079 ab
348 1027 413 1093 aquis
427 1026 525 1079 dirimat.
541 1030 616 1094 hquas
630 1028 758 1094 superiores
771 1027 862 1093 quidam
871 1027 922 1076 dn-

186 1100 251 1165 gelos
265 1101 403 1168 interpretati
416 1109 478 1165 sunt,
493 1108 519 1155 ut
529 1103 638 1169 Origenes
663 1118 690 1155 eo
704 1103 793 1155 nomine
807 1102 919 1168 culpatus.

187 1176 260 1227 llarie
275 1176 302 1227 de
316 1177 361 1228 illis
372 1180 496 1230 sententiaa.
508 1179 583 1229 Videri
598 1178 669 1229 nubes
678 1193 738 1241 esse,
748 1192 861 1244 aquasque
871 1177 923 1243 plu-

186 1251 245 1313 rius,
259 1252 376 1318 iuterp'eoto
399 1268 451 1305 aere
477 1269 492 1304 a
508 1254 708 1319 maritimisque
727 1254 859 1317 disjunctas.
874 1251 923 1305 Nec

135 1351 137 1355 ·
186 1327 308 1380 abhorrere
322 1333 417 1393 ueteres,
433 1330 474 1381 elsi
489 1330 622 1381 lirmamenti
639 1331 729 1381 nomine
752 1329 834 1381 coelum
848 1327 923 1393 ipsum

186 1402 345 1465 intellexerint,
361 1410 550 1470 quatennsaqnas
572 1406 626 1456 istas
649 1405 745 1470 pluvias,
757 1410 779 1455 et
791 1403 820 1454 ad
830 1402 924 1466 refrige-

186 1479 283 1530 randum
296 1479 373 1530 orbern
390 1479 485 1531 insertas
500 1494 550 1532 esse
563 1480 675 1531 dixemnt.
688 1479 745 1531 Caeli
759 1478 820 1529 uaria
833 1477 925 1542 signid-

187 1555 255 1606 catio.
272 1554 355 1605 Primis
368 1556 446 1607 mundi
459 1555 538 1607 diebus
552 1555 645 1606 nubium
665 1554 750 1622 aliquid
763 1554 785 1605 in
807 1567 859 1604 aere
874 1566 925 1603 sus·

187 1644 282 1695 pensum
296 1631 377 1682 rideri.
876 1628 924 1678 tet

153 1704 241 1757 Genua
257 1706 306 1757 llll.
326 1707 359 1757 lte
386 1706 467 1768 forma,
492 1711 515 1757 et
536 1712 616 1757 natura
639 1704 764 1757 celestium
784 1704 881 1765 orbium,
897 1718 925 1754 ac

187 1782 284 1847 primum
299 1781 409 1846 deligam
424 1800 430 1831 ι
446 1796 514 1847 quam
533 1796 583 1832 esse
600 1780 732 1846 sphaericam
744 1783 827 1843 negant
839 1786 925 1831 ueteres

187 1856 267 1922 aliqui,
298 1860 376 1908 contra
395 1872 470 1908 rerum
500 1857 576 1918 hdem,
610 1861 631 1906 et
663 1853 830 1920 experientiam.
846 1854 926 1919 agitur

186 1931 268 1983 deinde
286 1932 314 1984 de
340 1933 391 1993 boc,
409 1937 484 1983 utrum
499 1932 561 1994 caeli,
580 1945 608 1982 ac
630 1930 701 1981 stella
718 1931 804 1980 animas
817 1929 923 1981 habeant.

187 2008 294 2073 Origenis
315 2009 343 2059 de
370 2022 397 2060 eu
423 2008 537 2059 affirmans
551 2006 669 2067 sententia,
686 2009 708 2055 et
723 2004 817 2057 aliorum
842 2018 927 2069 pauco·

187 2097 247 2144 rum,
277 2098 326 2149 qne
345 2083 508 2135 catholicorum
537 2083 630 2133 Petrum
657 2080 792 2133 testimoniis
807 2081 924 2130 relutatur.

187 2158 232 2209 htii
245 2159 275 2210 ab
289 2160 338 2223 ejus
351 2158 480 2224 suspicione
490 2163 626 2225 purgantur.
641 2155 759 2207 natiuae
768 2155 888 2219 aliquando
898 2155 927 2206 de

188 2249 216 2286 ea
240 2235 266 2287 S.
293 2236 452 2299 angustinum.
481 2232 555 2286 llideri
583 2233 720 2292 damnatam,
749 2235 771 2282 et
793 2244 924 2289 erroneam3

187 2310 259 2362 mulio
272 2325 326 2360 xero
338 2310 411 2375 magis
424 2308 526 2367 alteram,
542 2321 592 2372 qum
607 2319 735 2358 aesomnes
753 2306 862 2357 animatas
877 2319 926 2356 esse

189 2386 297 2438 defendit.
313 2385 380 2436 huin
394 2384 530 2436 fincmuudi
548 2383 599 2435 coeli
618 2381 776 2447 corrumpendi
793 2381 846 2431 sint.
861 2381 927 2431 dliir·

189 2468 263 2513 matur
276 2476 303 2512 ex
317 2460 431 2512 communi
441 2465 541 2511 ueterum
551 2458 667 2524 opinione,
677 2457 717 2509 sed
727 2456 766 2517 ita,
777 2460 800 2506 ut
810 2456 832 2506 in
846 2455 928 2506 medus

187 2538 353 2588 instaurentur.
880 2530 927 2581 198

154 2613 241 2665 Garun
254 2611 315 2662 lllll.
335 2610 367 2662 lle
379 2624 447 2676 opere
469 2608 513 2660 diei
528 2607 609 2669 tertia,
625 2606 759 2671 cujusmodi,
775 2611 798 2656 et
807 2605 928 2670 quotuplex

188 2688 265 2739 luerit.
281 2688 394 2753 dquamm
409 2685 538 2737 conlluxum
551 2697 621 2733 unum
641 2681 665 2732 in
679 2681 755 2733 locum
766 2681 809 2733 dici
823 2680 928 2731 secundm

190 2762 335 2829 probabiliter
349 2775 363 2811 a
378 2759 512 2826 quibusdam
526 2757 626 2809 attribui.
652 2756 701 2815 Qua
723 2756 811 2807 ratione
833 2755 929 2805 dixerint

189 2844 277 2889 veteres
295 2836 376 2903 aliqui,
392 2849 462 2901 aquas
475 2835 542 2885 tertia
559 2832 595 2884 dle
614 2834 744 2898 procreatas
766 2845 824 2891 esse,
839 2831 874 2881 rel
889 2844 928 2895 per

189 2913 275 2964 declive
300 2912 384 2963 fluendi
413 2910 572 2978 proprietatem
601 2906 646 2957 illis
677 2906 780 2958 inditum.
810 2905 928 2965 Quomodo

189 3002 254 3054 aquae
268 2988 291 3038 tn
309 3001 380 3039 onum
396 2988 475 3038 locum
493 2984 628 3036 conduxisse
645 2982 763 3044 dicuntum
780 2988 802 3034 et
823 2982 874 3047 quis
889 2981 928 3032 ille

189 3065 220 3116 sit
248 3064 322 3115 locor.
356 3062 423 3115 Ornoi
455 3074 549 3126 prorsus
578 3059 672 3109 humore
695 3061 776 3109 terram
800 3062 928 3108 emxrxxctam

188 3138 268 3202 luisse,
284 3154 311 3191 ac
330 3136 440 3204 singulari
454 3134 600 3188 nihilominus
616 3134 726 3186 miraculo
741 3136 822 3185 terram
835 3133 926 3199 stirpes,

187 3214 315 3282 herbasque
329 3227 471 3281 procreasse.
877 3209 927 3259 208

155 3294 243 3346 creua
257 3290 317 3342 titt.
337 3290 467 3356 Explicatur
487 3287 582 3353 insignis
603 3286 668 3339 locus
688 3300 715 3337 ex
741 3285 814 3357 eapite
828 3285 927 3337 secundo

189 3368 293 3430 Genesis,
308 3366 347 3418 ubl
361 3367 412 3417 lons
426 3364 562 3435 ascendisse
580 3362 663 3413 dicitur
690 3376 704 3411 e
729 3365 788 3411 terra
805 3377 810 3409 :
825 3360 885 3426 quod
899 3360 927 3411 de

189 3444 259 3502 nube,
274 3441 321 3494 sire
335 3455 394 3507 aqua
407 3439 469 3492 moni
489 3437 623 3505 primigenia
637 3444 705 3502 supra
718 3440 802 3487 terram
818 3448 928 3501 suspensa

189 3519 331 3584 intelligitur.
359 3515 522 3579 perstringitur
538 3514 579 3565 illa
598 3511 703 3578 questio,
719 3515 873 3571 utmorem,
900 3524 929 3561 an

188 3600 298 3646 autumno
324 3592 428 3645 conditus
442 3591 474 3642 sit
494 3589 608 3649 muudus;
627 3593 650 3639 et
663 3590 771 3639 autumno
789 3584 928 3652 probabilius

188 3684 240 3723 esse
252 3670 336 3721 hatum
353 3666 471 3718 asseritur.
643 3670 646 3677 ’
877 3660 927 3710 hid

154 3745 243 3799 mum
254 3744 304 3795 itt.
323 3743 356 3794 lte
370 3740 476 3808 operibus
500 3744 586 3805 quarte
614 3740 637 3788 et
658 3737 743 3803 quinta
767 3736 821 3787 diei.
838 3735 926 3797 Solem,

189 3821 288 3881 Lunam,
311 3832 339 3870 ac
351 3817 439 3883 reliqua
452 3815 528 3867 sidera
550 3828 595 3865 non
613 3816 664 3864 ante
684 3817 786 3878 quartam
801 3811 860 3862 diem
875 3824 928 3877 pro-

189 3898 267 3947 creata
279 3893 357 3945 luisse.
369 3893 393 3945 ln
408 3892 486 3944 eadem
508 3890 584 3942 sidera
601 3889 675 3941 lucem
700 3886 744 3939 diei
768 3887 847 3953 prime
870 3900 928 3952 opus

189 3972 260 4022 luisse
274 3972 414 4033 congestam.
432 3965 516 4025 Quinta
530 3965 566 4016 diu
585 3969 631 4015 mm
645 3964 728 4029 pisces,
745 3974 811 4027 quam
834 3974 886 4012 anes
899 3974 926 4011 ex

189 4047 255 4112 aquis
266 4044 387 4111 prodiisse.
403 4041 535 4107 Explicatur
547 4040 660 4091 Geneseos
671 4039 736 4089 locus
749 4037 777 4086 de
786 4036 860 4086 arium
868 4048 927 4107 pru-

188 4122 303 4177 duotiono.
330 4124 353 4171 et
379 4118 475 4182 uulgata
500 4113 654 4181 interpretatio
682 4116 761 4165 conua
795 4111 926 4176 cajetanum

188 4197 337 4263 auruum..
877 4186 927 4237 ers

356 4373 485 4435 LIBER
507 4370 726 4432 SECUNDUS

273 4545 329 4596 QUI
351 4542 407 4586 EST
429 4541 471 4584 DE
492 4538 629 4582 HOMINIS
651 4536 802 4580 0P1s1010.

156 4661 244 4714 desua
256 4656 276 4711 l.
295 4658 328 4710 lte
341 4669 409 4722 opere
422 4657 489 4706 sexta
505 4652 560 4715 diei,
581 4652 628 4703 siud
650 4649 748 4702 hominis
761 4647 925 4714 procreatione.

189 4736 237 4789 Cur
265 4737 390 4800 postremus
413 4731 443 4782 sit
469 4736 568 4789 creatus,
589 4740 663 4779 causas
688 4725 757 4777 aerias
773 4723 926 4790 proteruntur.

190 4810 297 4875 Eiusdem
311 4821 381 4874 supra
402 4810 485 4858 cetera
498 4803 539 4854 liei
567 4816 636 4868 opera
665 4800 793 4867 prestantia
810 4798 896 4863 aliquot
914 4812 929 4848 a

191 4887 254 4938 lloso
271 4882 408 4949 argumentis
425 4878 528 4946 prodita;
551 4874 647 4928 maxime
666 4877 727 4941 quod
743 4873 860 4941 operosius
877 4874 929 4924 ela·

190 4963 284 5014 boratus
298 4961 371 5011 alteo
384 4959 481 5020 dicatur,
496 4958 544 5006 tum
555 4955 627 5020 ipsius
644 4952 746 5005 manibus
762 4952 841 5011 dotum
856 4949 928 5019 quod,

191 5032 258 5107 quale
271 5034 310 5096 sit,
325 5030 452 5100 exponitur.
878 5027 928 5081 titt

157 5108 246 5166 Garun
259 5113 288 5163 ll.
307 5110 339 5161 ue
352 5123 389 5171 eo,
407 5108 467 5172 qood
484 5108 512 5159 ad
526 5105 656 5171 imaginem,
671 5107 694 5154 st
705 5102 874 5159 similitudinem
887 5103 931 5162 Dei

192 5190 266 5240 laetus
278 5187 347 5237 homo
365 5184 453 5236 dicitur.
471 5184 497 5233 ln
510 5197 555 5247 quo
571 5182 646 5245 imago
660 5179 703 5232 sita
716 5179 754 5230 sit.
769 5178 842 5231 laria
857 5186 885 5245 qq
903 5198 933 5248 μ

192 5263 318 5316 mutantia.
334 5261 437 5313 Pessima
450 5258 565 5319 omnium,
580 5270 630 5322 qum
643 5266 738 5322 corpore
751 5253 933 5339 circumggfibig

191 5338 309 5391 Numen
322 5349 391 5389 sensu
407 5334 485 5399 aliquo
502 5344 548 5384 non
574 5331 729 5418 improbanda.
753 5330 868 5418 Eugoffini
883 5358 936 5437 fri„

164 5434 168 5439 .
192 5414 244 5467 vola
269 5413 346 5475 ratio,
370 5422 457 5463 necnon
483 5406 630 5468 Tertulliam,
656 5409 696 5472 qut
716 5420 802 5473 corpora
820 5431 936 5539 ΝΜ]

912 5542 937 5611 1ss

192 5491 319 5545 adshuout.
348 5487 392 5538 llll
421 5486 446 5537 iu
473 5483 600 5550 mgnitiooe
626 5484 769 5545 remimunq

299 5608 452 5679 rox.1v.

1680 476 1739 544 tut

1001 648 1095 701 arbitrio
1115 649 1203 713 libern;
1224 650 1327 703 nonnulli
1344 652 1368 701 in
1393 649 1484 711 virtute,
1500 654 1522 700 et
1535 647 1622 715 Spiritu
1640 651 1736 708 sauctoa

1002 725 1041 777 alii
1057 725 1178 790 inxagiuem
1191 741 1205 779 a
1219 727 1365 779 similihadioe
1378 727 1517 787 discernunt,
1534 724 1557 776 in
1571 723 1738 775 immortalitate

1002 800 1041 851 alii
1057 801 1153 867 denique
1167 803 1288 868 imaginem
1302 807 1397 869 ponunt.
1687 796 1737 847 22²

969 875 1055 928 mour
1070 877 1108 927 tlt.
1127 878 1160 929 lle
1177 879 1221 930 alia
1238 878 1343 943 imaginis
1356 876 1548 943 interpretatione,
1563 888 1614 939 quae
1625 874 1648 924 in
1662 873 1739 925 domi-

1003 951 1093 1002 natione
1123 953 1146 1003 in
1178 954 1311 1015 animantes,
1334 958 1357 1005 et
1372 967 1410 1004 res
1436 966 1514 1003 omnes
1543 949 1629 1002 homini
1646 948 1740 999 hihutas

1003 1027 1066 1078 illam
1087 1029 1193 1081 collocat.
1222 1029 1352 1095 Explicatur
1374 1028 1477 1093 Apostoli
1498 1027 1563 1078 loeus
1577 1040 1604 1076 ex
1622 1024 1696 1090 priore
1710 1022 1737 1074 ad

1005 1103 1140 1156 Corinthios.
1152 1106 1246 1157 Domum
1260 1121 1286 1157 ca
1300 1107 1328 1157 de
1341 1104 1439 1168 imagine
1453 1104 1493 1155 llei
1507 1104 1583 1167 opinio
1597 1100 1738 1167 proponitur,

1004 1194 1054 1243 qua
1068 1180 1163 1231 maxime
1178 1180 1300 1245 probabilis
1318 1181 1417 1240 ridetur;
1433 1179 1514 1244 duplex
1528 1177 1584 1227 ratio
1599 1174 1740 1229 constituitur

1005 1254 1067 1308 itlius
1082 1275 1088 1307 ι
1104 1271 1157 1315 una,
1176 1271 1227 1321 qum
1249 1262 1284 1308 est
1308 1256 1433 1309 secundum
1461 1254 1580 1305 essentiam
1598 1251 1740 1315 :aliaque

1005 1332 1124 1396 qualitates
1136 1336 1232 1397 spectat.
1245 1333 1312 1384 Prior
1325 1332 1349 1383 in
1362 1329 1518 1394 intelligentia,
1529 1333 1552 1379 et
1568 1328 1654 1379 ratione
1668 1325 1742 1392 posita

1005 1413 1048 1460 est.
1065 1408 1144 1460 Utrum
1167 1404 1267 1472 dngelos
1280 1409 1308 1459 ad
1322 1407 1443 1471 imaginem
1467 1405 1506 1455 llei
1524 1404 1597 1456 hctus
1615 1404 1652 1454 sit.
1669 1402 1741 1455 ilaris

1006 1484 1033 1535 de
1051 1498 1078 1535 eo
1091 1485 1208 1536 sententia
1225 1484 1341 1542 aientium,
1375 1488 1414 1535 aut
1435 1481 1574 1545 negantium.
1591 1479 1705 1539 Quatenus
1718 1477 1742 1528 id

1005 1559 1049 1611 soli
1066 1559 1151 1610 homini
1168 1564 1291 1624 competat.
1692 1552 1743 1621 ι230

973 1632 1060 1686 Cannu
1086 1636 1123 1687 lll.
1144 1634 1272 1687 absolvitur
1299 1633 1416 1699 proposita
1432 1632 1527 1698 questio
1552 1631 1581 1683 de
1596 1628 1702 1698 imagine,
1722 1632 1745 1678 et

1007 1710 1152 1761 similitudine
1175 1709 1224 1761 ltei.
1250 1709 1372 1773 imaginem
1395 1722 1445 1760 esse
1459 1712 1529 1759 tutum
1543 1707 1617 1770 ipsum
1630 1704 1744 1756 hominem

1007 1800 1033 1836 ex
1057 1800 1153 1852 corporo
1169 1786 1287 1850 animaque
1314 1789 1463 1843 constantem,
1478 1784 1518 1834 sod
1535 1780 1642 1848 primario
1658 1780 1744 1831 ratium

1006 1861 1097 1923 anima,
1113 1867 1136 1913 et
1152 1877 1239 1920 corum,
1264 1875 1313 1926 qua
1340 1864 1419 1912 natura
1441 1859 1475 1910 illi
1488 1862 1627 1923 competunt.
1643 1857 1667 1907 ld
1682 1855 1745 1920 quod

1008 1938 1089 2001 imago
1116 1943 1159 1999 est,
1175 1942 1197 1988 et
1223 1938 1249 1989 id
1266 1951 1313 2002 quo
1326 1935 1479 2000 distinguitur.
1498 1934 1616 1995 Quomodo
1630 1931 1747 1983 Trinitatis

1008 2012 1083 2077 imago
1096 2018 1131 2064 est
1152 2013 1229 2074 bomo,
1245 2017 1292 2063 tum
1307 2011 1373 2063 etiam
1391 2015 1501 2076 quatenus
1514 2008 1580 2060 liberi
1594 2008 1682 2059 arbitrii
1695 2011 1744 2068 esta

1008 2101 1035 2138 sx
1048 2101 1092 2153 qno
1106 2089 1156 2139 lluit
1170 2089 1241 2143 altera
1263 2088 1329 2149 rado,
1345 2100 1395 2152 quae
1419 2087 1441 2135 in
1456 2085 1571 2137 dominatu
1585 2083 1685 2149 ponitur,
1700 2097 1745 2147 quo

1008 2164 1096 2215 catenis
1119 2164 1215 2229 imperat
1244 2162 1404 2215 animantibus.
1433 2162 1488 2211 lum
1507 2159 1695 2224 quemadmodum
1722 2159 1745 2208 in

1009 2239 1099 2301 uirtute,
1118 2244 1141 2290 et
1154 2239 1176 2291 id
1191 2253 1262 2303 genos
1277 2237 1415 2291 ornamentis
1428 2236 1503 2298 imago
1520 2234 1630 2286 consistit.
1652 2234 1745 2284 Necnon

1008 2314 1156 2378 quomodoin
1173 2315 1223 2378 ipso
1237 2327 1332 2377 corpore
1349 2312 1392 2362 sita
1402 2311 1445 2370 sit;
1461 2310 1525 2372 cujus
1539 2308 1563 2359 in
1577 2308 1747 2359 homioelurmu

1010 2389 1195 2453 praestantissima
1208 2393 1252 2449 est,
1274 2393 1297 2439 et
1309 2391 1395 2437 statura
1412 2389 1482 2436 recta.
1498 2383 1579 2435 llauus
1592 2384 1644 2433 item
1655 2386 1747 2449 propter

1010 2464 1120 2515 rationem
1137 2468 1161 2515 et
1174 2463 1286 2515 sermonis
1299 2476 1365 2514 usum
1380 2461 1446 2513 dote.
1463 2459 1543 2511 Utrum
1557 2458 1586 2510 ed
1598 2458 1670 2509 solius
1681 2457 1747 2509 Verbi

1009 2540 1130 2604 imaginem
1150 2540 1224 2591 hctus
1236 2538 1282 2589 dici
1296 2538 1368 2604 possit
1384 2537 1461 2587 homo.
1485 2534 1630 2600 Explicantur
1644 2534 1747 2585 notiones

1010 2615 1104 2667 duarum
1120 2614 1250 2667 inllehruo
1267 2626 1359 2673 uocum,
1374 2612 1467 2673 Salem,
1481 2604 1504 2661 et
1517 2611 1630 2662 hemoth.
1641 2610 1670 2660 Et
1681 2610 1748 2660 Lati-

1010 2704 1091 2743 uaxum
1112 2691 1203 2755 imago,
1228 2695 1251 2741 et
1273 2689 1417 2741 similitrrdo.
1443 2686 1524 2739 hnima
1550 2699 1592 2739 cur
1612 2685 1711 2751 Spiritus
1725 2689 1748 2735 et

1011 2767 1098 2821 allatus
1111 2772 1212 2819 ametor.
1696 2759 1746 2811 234

977 2842 1063 2893 Cleon
1090 2842 1117 2892 v.
1138 2841 1170 2891 lle
1193 2841 1267 2906 primu
1284 2840 1333 2903 illo,
1354 2842 1378 2890 et
1393 2838 1459 2889 heato
1483 2837 1606 2902 primorum
1630 2840 1748 2901 parentum

1010 2922 1078 2979 statu,
1093 2916 1231 2982 acprimum
1254 2915 1282 2966 do
1308 2915 1369 2975 loco,
1398 2914 1420 2963 in
1442 2927 1487 2977 quo
1514 2912 1619 2963 collocati
1633 2917 1694 2973 sunt,
1708 2911 1747 2976 qui

1011 2993 1158 3044 Pxnxnrsus
1172 2991 1262 3044 dieitur.
1287 2989 1338 3042 Non
1355 3003 1405 3040 esse
1428 2988 1637 3052 allegoriamque
1664 2987 1692 3037 de
1720 3001 1748 3038 eo

1010 3068 1094 3133 scripta
1108 3072 1169 3129 snut,
1183 3068 1206 3117 iu
1220 3072 1292 3117 tutum
1302 3064 1442 3130 accipienda.
1455 3063 1486 3112 lle
1500 3064 1544 3114 situ
1561 3063 1670 3127 ejusdem.
1687 3062 1745 3121 Quid

1010 3143 1040 3194 sit
1064 3142 1137 3204 Edon,
1152 3146 1175 3193 et
1187 3156 1228 3194 cur
1245 3140 1368 3193 Paradisus
1386 3138 1506 3204 uoluptatis
1518 3137 1657 3202 appellatum
1680 3137 1748 3202 idque

1011 3232 1092 3269 nomeu
1102 3216 1192 3283 proprie
1209 3219 1340 3281 usurpatum
1357 3214 1437 3265 rideri.
1449 3213 1481 3263 lle
1495 3220 1591 3277 quatuor
1607 3212 1681 3262 dusiis
1695 3212 1749 3263 ohi-

1009 3298 1052 3343 ter.
1068 3292 1245 3343 Christianorum
1268 3292 1324 3342 ritus
1338 3302 1416 3340 uersus
1443 3288 1551 3339 umentem
1565 3287 1710 3337 convertendi
1723 3301 1748 3338 se

1010 3368 1068 3419 iuter
1082 3368 1191 3419 orandum
1205 3366 1233 3418 ab
1248 3366 1293 3417 situ
1306 3364 1409 3416 Paradisi
1430 3364 1521 3424 petitus.
1536 3363 1688 3415 uamaseems
1701 3377 1746 3415 uo

1011 3447 1079 3495 tatur.
1093 3442 1127 3494 lle
1139 3442 1221 3493 arbom
1234 3442 1294 3503 uita,
1316 3439 1424 3491 etaltera
1440 3438 1541 3489 amentiae
1555 3437 1618 3500 boni,
1633 3444 1656 3487 et
1678 3438 1746 3501 mali;

1009 3530 1113 3583 quaram
1127 3517 1173 3568 illm
1185 3517 1278 3578 irrmiut,
1295 3520 1318 3567 et
1329 3514 1388 3566 unde
1400 3514 1477 3565 dictae.
1492 3516 1527 3565 dn
1549 3512 1660 3577 hodieque
1673 3513 1749 3565 Para·

1010 3594 1073 3645 disus
1086 3593 1194 3658 supersit.
1699 3588 1748 3640 ata

977 3668 1062 3722 Garun
1077 3669 1114 3719 ll.
1133 3668 1166 3718 lle
1190 3670 1250 3719 statu
1264 3665 1330 3731 primi
1354 3664 1452 3716 hominis
1473 3668 1525 3716 unta
1538 3666 1672 3727 peccalum
1687 3677 1748 3728 quo-

1010 3744 1077 3795 modo
1094 3743 1118 3794 ln
1132 3743 1240 3794 Paradiso
1257 3742 1390 3802 collocatus,
1400 3745 1425 3790 ut
1438 3753 1490 3791 eum
1503 3738 1635 3799 custodiret,
1650 3744 1673 3789 et
1682 3753 1749 3790 exco-

1009 3820 1074 3871 leret.
1098 3818 1193 3870 lahoris
1218 3817 1239 3868 ei
1259 3815 1345 3879 aliquid
1371 3813 1511 3877 injunctum
1539 3826 1582 3864 nec
1612 3826 1656 3864 non
1687 3813 1748 3865 horti

1009 3894 1143 3953 custodiam,
1159 3892 1203 3943 hoo
1217 3896 1251 3941 est
1277 3888 1447 3949 habitationem,
1463 3893 1485 3939 et
1507 3887 1682 3954 possessiouem.
1698 3889 1748 3948 Qua

1008 3969 1096 4020 mdone
1118 3967 1229 4027 morulis,
1255 3969 1277 4017 et
1298 3963 1433 4017 immortalis
1452 3964 1551 4015 hdarnus
1564 3967 1617 4014 aute
1630 3969 1747 4027 peccatum

1008 4044 1084 4096 luerit.
1095 4043 1215 4108 Nunquam
1229 4040 1363 4092 moriturum
1385 4038 1465 4101 fuisse,
1481 4038 1501 4088 si
1515 4039 1538 4089 in
1551 4037 1678 4091 moerentia
1692 4052 1747 4103 per-

1009 4123 1147 4175 severasscta
1161 4118 1229 4183 idque
1242 4116 1358 4169 Catholicae
1371 4128 1422 4166 essa
1434 4114 1479 4166 fide
1496 4118 1592 4165 emtum.
1616 4112 1747 4166 Contrarius

1007 4195 1062 4246 huic
1075 4207 1139 4245 enar
1152 4193 1271 4245 refellitur.
1292 4191 1344 4243 Non
1364 4195 1439 4242 umen
1453 4190 1542 4256 plenam
1556 4188 1746 4243 immortalitatem

1009 4269 1124 4321 hahuisse.
1142 4268 1272 4334 Explicatur
1285 4280 1364 4319 eorum
1380 4264 1500 4326 sententia,
1515 4264 1554 4329 qui
1567 4264 1665 4315 medium
1687 4264 1746 4316 inter

970 4378 975 4385 ·
1009 4345 1138 4405 mortalem,
1152 4349 1175 4395 et
1187 4342 1336 4394 immortalem
1342 4345 1425 4393 matum
1438 4340 1524 4392 lldamo
1537 4340 1661 4391 dedicarat.
1696 4340 1746 4391 250

974 4419 1063 4473 Cleon
1074 4419 1123 4472 tn.
1142 4419 1174 4470 llo
1199 4417 1365 4469 immortalitate
1382 4417 1506 4483 primorum
1522 4414 1639 4466 bominum
1663 4413 1744 4467 ilerum

1009 4495 1092 4560 agitm
1108 4493 1337 4547 Utrunrcilxoeorum
1349 4504 1446 4557 corpora
1462 4504 1520 4555 opus
1531 4488 1659 4541 habuerint.
1679 4488 1744 4549 Quo·

1009 4570 1112 4622 rumdam
1125 4567 1235 4621 sententia
1256 4581 1350 4631 negans,
1369 4566 1464 4617 maxime
1481 4565 1583 4629 Gregorii
1595 4565 1700 4629 Npsseni,
1721 4571 1744 4616 et

1009 4646 1106 4697 aliorum
1121 4644 1245 4705 excutitur,
1264 4642 1303 4707 qui
1323 4642 1445 4705 allegorice
1458 4641 1546 4693 imctus
1563 4641 1626 4703 dtus,
1638 4654 1667 4691 ac
1680 4639 1744 4692 cibos

1009 4716 1193 4787 interpretantur.
1208 4717 1338 4770 ostenditur
1365 4730 1430 4768 verm
1455 4717 1507 4767 illos
1533 4715 1611 4774 ioum,
1626 4728 1654 4765 uo
1667 4728 1745 4765 revera

1009 4796 1112 4848 hominm
1126 4795 1178 4848 cibo
1198 4806 1288 4845 usuros.
1313 4793 1394 4845 Utrum
1406 4792 1475 4843 arbor
1489 4792 1540 4841 uim
1552 4790 1744 4841 immortalitatem

1009 4873 1127 4933 tribueret,
1148 4871 1216 4934 idque
1229 4868 1326 4920 naturali
1339 4868 1458 4919 efficientia
1480 4881 1509 4917 an
1522 4865 1563 4916 llei
1580 4865 1660 4929 gratia.
1679 4865 1744 4917 hbu-

1011 4948 1090 5010 leusis,
1108 4945 1203 5007 Pacarii,
1223 4949 1246 4995 et
1267 4945 1363 4995 aliorum
1395 4942 1512 4999 opiniones
1534 4939 1674 4991 examinatae.
1693 4940 1744 4991 Non

1009 5024 1080 5074 luisse
1094 5021 1217 5072 naturalem
1226 5020 1270 5070 uixn
1283 5021 1359 5080 istam,
1374 5022 1397 5069 et
1410 5018 1432 5069 io
1446 5019 1579 5083 perpetuum
1588 5015 1655 5066 vitam
1665 5020 1745 5067 exhu-

1010 5099 1065 5150 dere
1077 5096 1187 5163 potuisse.
1202 5095 1297 5147 Notatur
1312 5093 1523 5153 Lndovicuslixes,
1533 5091 1594 5142 etab
1608 5094 1657 5155 elus
1669 5104 1747 5157 repre-

1013 5174 1121 5226 hensione
1133 5171 1217 5224 Scotus
1226 5171 1362 5223 modicatur.
1375 5170 1453 5234 Neque
1471 5168 1565 5229 morbh,
1584 5181 1656 5232 neque
1665 5180 1747 5219 mneo-

1015 5249 1058 5302 tuti
1071 5246 1192 5299 obnoxium
1203 5248 1276 5301 luhse
1284 5253 1367 5298 statum
1383 5245 1448 5296 illum
1460 5243 1604 5295 innocentiae.
1697 5241 1748 5293 255

984 5332 1072 5390 corut
1083 5324 1142 5376 titt.
1161 5322 1213 5382 Qua
1237 5324 1322 5376 radone
1335 5324 1482 5387 propagatum
1498 5332 1568 5383 genus
1593 5322 1653 5368 esset
1666 5317 1749 5369 buma-

1021 5415 1077 5457 noun
1099 5401 1123 5453 iu
1146 5403 1208 5451 suto
1223 5397 1364 5451 monentis.
1391 5393 1499 5446 Nonnulli
1521 5392 1570 5444 siue
1596 5392 1750 5443 commistione

1026 5491 1098 5536 sexus
1107 5476 1238 5535 mimos
1256 5477 1358 5546 putarunt
1366 5469 1478 5533 homiues,
1495 5472 1521 5520 ut
1531 5466 1653 5531 Gregorim
1664 5467 1751 5531 Nasse-

1633 5591 1673 5652 dh
