4004 6168
282 350 342 414 000
715 347 765 409 ule
785 346 923 411 PELAG.
945 344 996 408 ET
1016 342 1245 410 emturum.
1268 345 1429 409 HAERESI

281 512 393 594 inquit,
415 513 558 588 liberum,
582 517 619 572 ut
639 509 785 584 diximus,
807 511 973 573 arbitrium
994 511 1051 572 Dei
1100 510 1155 573 uei
1168 511 1338 573 meandum
1353 511 1465 575 merita
1472 508 1875 575 domnoniensem

281 606 392 666 nititur
405 604 533 679 anaxilio,
546 603 689 682 illiusque
698 622 754 682 per
767 604 887 683 singula
902 620 960 682 ope
974 602 1053 664 indi·
1099 603 1138 663 ιιι
1164 621 1340 684 progressu,
1366 609 1399 665 at
1423 603 1615 669 incremento
1636 604 1722 667 illins
1740 600 1875 666 brarasis
1985 680 1986 693 χ

281 703 344 776 get.
371 698 459 771 Quod
476 714 531 757 vos
550 713 615 759 non
637 694 741 772 vultis,
762 695 818 757 sed
834 695 866 755 id
879 695 983 771 vultis,
1003 700 1048 771 nt,
1098 694 1258 774 singulare
1271 696 1421 775 quiddam
1439 695 1543 757 reiert.
1563 698 1671 758 «Cum
1694 697 1783 758 enim
1806 697 1874 776 pri-
1985 734 1986 751 ι

283 790 338 870 qui
371 788 467 851 semel
498 787 592 849 babet
616 787 749 847 liberum
785 786 959 863 arbitrium,
988 789 1050 848 lieo
1098 804 1198 863 mum,
1215 786 1269 863 ait,
1294 791 1413 849 tanturn
1436 793 1557 849 naturae
1581 788 1729 849 bumana
1751 787 1877 849 tabent
1985 782 1986 869 t

283 882 422 961 adjutore
439 898 503 941 nou
513 885 610 959 egeat.
627 900 643 937 ι
662 879 744 953 Quin
754 879 838 959 apud
858 879 1004 940 eumdem
1017 879 1050 938 in
1099 878 1257 941 adstruere
1281 880 1456 955 sanitatem,
1479 886 1515 941 ιιι
1536 896 1593 960 per
1613 878 1715 941 selum
1733 879 1874 942 liberum
1985 878 1986 945 i

282 977 384 1054 primo
408 973 490 1037 libro
518 979 620 1035 contro
646 970 826 1053 Pelagianos
861 970 1049 1047 Critobulus,
1098 969 1371 1050 arbitriumposset
1379 972 1501 1050 assequi
1510 971 1565 1032 Dei
1575 986 1720 1049 rugarum
1734 988 1773 1033 eo
1786 972 1875 1051 quod

282 1066 337 1146 qui
357 1065 470 1129 horum
491 1070 594 1147 partes
617 1066 734 1144 inetrn,
763 1062 899 1145 idipsum
930 1063 1048 1125 asserit.
1097 1067 1161 1122 tam
1175 1062 1266 1140 plene
1280 1062 1346 1143 ipso
1360 1063 1545 1125 conditionis
1553 1081 1617 1125 ιιιιι
1625 1063 1771 1144 prasidio
1781 1063 1875 1143 Juva-
1985 1126 1986 1143 Σ

282 1158 361 1221 Nam
374 1156 430 1218 liei
441 1157 574 1237 gratiam
597 1154 675 1219 nibil
693 1155 778 1217 aliud
801 1173 865 1219 csse
887 1155 1049 1237 significat,
1097 1159 1195 1233 retur,
1208 1160 1245 1215 ιιι
1257 1154 1566 1217 babensnaturalitar
1577 1155 1762 1219 rationalem
1776 1155 1873 1217 intel-
1897 1154 1901 1160 “
1985 1146 1986 1229 f

282 1249 344 1311 nisi
363 1238 497 1312 liberum
519 1247 694 1311 arbitrium.
715 1248 792 1311 Cum
815 1247 899 1311 enim
931 1246 1051 1309 Atticus
1097 1246 1229 1325 lectum,
1257 1247 1347 1309 facila
1370 1244 1490 1309 bonnm
1523 1248 1664 1328 eligmat,
1688 1248 1873 1329 malumque

282 1342 446 1407 catholicas
469 1345 571 1421 prrrtes
593 1359 687 1421 agens
704 1338 749 1403 ita
771 1339 908 1416 dixisset,
931 1360 946 1398 ι
960 1340 1051 1401 Errat
1097 1338 1219 1401 vitarat.
1234 1341 1272 1400 ut
1286 1338 1340 1400 ubl
1351 1338 1385 1400 in
1398 1345 1530 1420 nunqua
1551 1345 1638 1421 parto
1655 1338 1756 1402 libera
1769 1346 1874 1403 essem

282 1452 367 1515 ergo.
382 1434 436 1514 qui
449 1433 502 1495 Dei
515 1432 647 1511 gratiam
659 1431 754 1507 tollit;
770 1453 786 1490 ι
804 1430 969 1514 respondet
983 1431 1049 1492 Cri·
1098 1430 1462 1507 studiavoluntatis,nou
1471 1431 1648 1494 facultatem
1659 1432 1721 1508 bis,
1733 1432 1872 1511 qumali
1985 1512 1986 1515 Ἴ

280 1526 417 1600 tubulus,
436 1526 565 1586 «Errat.
582 1524 662 1599 Quin
683 1522 991 1607 potiusarbitrandus
1004 1528 1051 1584 est
1098 1527 1182 1595 sunt,
1206 1524 1244 1583 ad
1273 1522 1392 1583 bonum
1419 1522 1539 1600 deame,
1555 1524 1609 1584 sed
1622 1522 1775 1584 studium.
1792 1525 1872 1584 Cum

280 1618 417 1698 impius:
434 1634 507 1678 cum
526 1617 584 1677 Dei
602 1620 683 1679 nutu
706 1617 811 1679 omnia
823 1614 1048 1699 gubernentur,
1098 1631 1193 1694 crgo,
1222 1620 1258 1675 ιιι
1277 1614 1352 1689 diri,
1372 1621 1472 1676 totam
1492 1614 1644 1694 ¹iustitiam
1670 1616 1813 1677 hominis
1835 1634 1871 1677 ex
1985 1604 1986 1643 ι

280 1716 312 1772 ιι
323 1711 394 1787 hoc,
416 1710 500 1790 quod
516 1725 635 1784 sumus,
657 1713 688 1768 ιι
705 1707 856 1769 habemus
879 1706 1050 1788 appetitum
1098 1707 1233 1767 naturali
1255 1706 1369 1768 vellent
1392 1708 1588 1782 rectitudine,
1612 1719 1649 1769 ae
1667 1708 1872 1789 possibilitate
1985 1728 1986 1737 ι

279 1801 412 1884 propriae
427 1800 604 1879 voluntatis,
620 1799 674 1863 Dei
694 1799 860 1865 conditoris
876 1800 915 1862 sit
927 1799 1048 1862 benefi-
1098 1797 1277 1877 subsistere,
1293 1804 1387 1879 atque
1399 1798 1481 1861 hanc
1497 1798 1711 1861 definitionem
1730 1798 1871 1862 doctrina
1985 1800 1986 1823 l

280 1893 417 1959 ciumUt
424 1893 863 1971 enimliberumpessidcamus
872 1891 1046 1971 arbitrium,
1097 1907 1173 1950 sana
1194 1896 1371 1970 respuerem
1392 1891 1607 1953 damnatuma
1623 1892 1785 1957 acholius
1803 1909 1872 1954 sen·
1985 1906 1986 1955 3

279 1992 311 2049 et
324 1987 373 2049 vel
386 1986 426 2051 ad
438 1985 566 2063 bonam,
580 1986 630 2048 vel
643 1984 682 2045 ad
696 1983 810 2047 nudam
825 1988 945 2065 purtem
959 1983 1049 2049 dccli-
1100 1999 1183 2059 sum,
1198 1989 1229 2043 ιι
1242 1981 1349 2044 multis
1362 1989 1470 2063 postea
1478 1984 1632 2046 hereticae
1644 1984 1766 2049 neuun
1778 1986 1871 2046 raris·
1985 1972 1986 2015 i

279 2078 526 2161 uemuepropria
536 2076 706 2147 voluntate,
724 2074 790 2155 ejus
801 2081 847 2136 est
859 2076 978 2155 gratie,
993 2075 1049 2157 qui
1099 2075 1215 2137 tatibus
1228 2075 1410 2145 coloratum,
1420 2076 1480 2138 hoc
1493 2077 1575 2157 apud
1589 2095 1622 2139 se
1632 2076 1763 2157 iugenio
1773 2094 1871 2141 serm·
1985 2076 1986 2163 ᾗ

278 2169 386 2233 nosad
410 2167 590 2249 imaginem,
606 2172 638 2231 et
651 2165 888 2231 similitudinem
909 2168 958 2231 sui
973 2167 1050 2231 tales
1099 2171 1223 2244 verunt,
1252 2173 1289 2229 ut
1314 2168 1355 2229 ad
1378 2166 1609 2248 incipiendum,
1637 2175 1669 2231 et
1700 2162 1743 2233 ad
1778 2170 1868 2250 proli·
1985 2174 1986 2239 ἶ

278 2261 456 2327 condidit·
1098 2259 1262 2337 ciendum,
1289 2260 1386 2322 etad
1412 2261 1674 2341 perseverandum
1701 2262 1737 2322 in
1768 2261 1867 2339 1ιιιιι,
1985 2252 1986 2311 ἓ

319 2352 527 2428 Quamobrem
549 2350 637 2411 initio
659 2350 780 2415 nullam
802 2350 897 2415 aliam
916 2349 1048 2433 gratiam
1096 2351 1302 2413 necessariam
1315 2352 1436 2413 bomini
1453 2353 1587 2432 matiam
1603 2353 1864 2435 profiterentur.»
1985 2370 1986 2415 ι

280 2445 431 2528 Pelagius,
440 2442 701 2526 praeternaturale
710 2442 787 2507 illud
800 2443 853 2505 Dei
862 2441 1049 2509 beneficium
1098 2442 1142 2505 ilo
1165 2442 1296 2504 subinde
1312 2450 1441 2522 namet,
1465 2460 1561 2525 quam
1586 2446 1714 2510 subdole
1736 2447 1865 2508 ulterram
1985 2478 1986 2483 ι

278 2538 475 2620 agnoscebat,
493 2554 555 2617 qua
572 2552 631 2599 noa
651 2532 771 2599 arbitrii
790 2533 880 2597 liberi
899 2534 1047 2613 condidit,
1098 2533 1176 2595 illud
1187 2534 1411 2616 gratingenus,
1419 2542 1533 2616 prater
1542 2537 1677 2600 liberum
1690 2538 1863 2615 arbitrium,
1985 2546 1986 2623 ,

278 2630 440 2712 ipsamque
454 2628 585 2691 liberam
598 2626 803 2703 volunmam,
819 2645 914 2708 quam
929 2633 1051 2689 naturae
1097 2627 1337 2707 usurpaverint3
1365 2645 1423 2689 nec
1449 2629 1484 2689 in
1515 2644 1553 2691 eo
1582 2630 1758 2710 quidquam
1786 2631 1866 2693 aliud
1985 2630 1986 2655 ³

277 2728 391 2787 nostre
424 2718 545 2783 indidit.
581 2721 693 2783 Postea
724 2737 799 2781 vero
826 2719 1049 2783 catholicorum
1097 2718 1316 2794 intellexerint,
1342 2736 1438 2801 quam
1465 2720 1578 2800 legam,
1608 2723 1862 2799 cohortationem,

276 2812 424 2877 conviciis
445 2812 635 2892 exagitatus,
663 2811 840 2893 plusculum
867 2810 983 2873 addidit
1010 2811 1049 2871 ad
1096 2815 1259 2885 terrorem,
1276 2820 1307 2875 et
1319 2811 1381 2874 alia
1391 2813 1423 2873 id
1437 2830 1537 2892 genus
1550 2814 1740 2876 extrinsecus
1755 2814 1863 2877 oblata.

277 2906 368 2971 iilum
389 2903 485 2969 veluti
506 2902 613 2984 gratiae
638 2921 781 2974 sensnm,
817 2908 849 2965 ιι
881 2902 1049 2965 adventitia
1098 2902 1154 2963 liis
1175 2903 1321 2983 gradibus
1338 2904 1465 2965 heresis
1478 2905 1646 2984 Pelaglana
1666 2906 1862 2987 processitad

277 2998 423 3080 quadam
436 2995 551 3057 auxilia
564 2994 658 3074 eoepit
675 3013 712 3057 eo
732 2994 860 3057 nomine
874 2995 1047 3077 complecti,
1097 2994 1304 3059 confitendam
1331 2996 1463 3073 gratiam
1490 2996 1621 3074 Christi,
1649 3017 1714 3079 qna
1732 2997 1865 3061 liberum

277 3108 349 3170 quas
365 3093 396 3150 et
415 3087 483 3169 ipsa
494 3087 585 3150 liberi
599 3086 718 3151 arbitrii
733 3086 863 3162 viribus,
878 3104 914 3149 ac
931 3087 1050 3151 meritis
1097 3087 1262 3165 adjuvatur
1288 3087 1470 3161 arbitrium
1496 3095 1528 3150 et
1550 3089 1583 3150 in
1609 3090 1669 3151 bac
1698 3091 1862 3171 posteriore

277 3178 451 3261 comparari
471 3178 585 3241 demit.
613 3178 692 3243 Hinc
711 3177 871 3258 Pelagiaui
893 3196 1048 3241 summam
1099 3177 1188 3240 incus
1208 3178 1345 3252 illorum,
1361 3198 1397 3240 ae
1417 3186 1540 3241 versuta
1561 3181 1722 3259 calliditas,
1737 3182 1861 3244 adlusi-
1985 3212 1986 3247 ι

278 3271 404 3348 ertone,
420 3275 451 3332 et
475 3275 568 3353 caput
584 3270 645 3333 boo
657 3267 799 3353 perbrevi
812 3269 893 3331 dicto
907 3288 1046 3350 cumpra-
1096 3270 1246 3332 diandnm
1260 3276 1467 3352 opportunam
1486 3272 1544 3333 sibi
1560 3270 1714 3335 latebram
1734 3275 1857 3357 pararit.

278 3364 414 3429 bendere
441 3362 519 3439 solet
545 3363 752 3443 Augustinus,
784 3360 899 3440 aliique
922 3363 1045 3441 Patrem
1136 3361 1189 3422 IV.
1206 3363 1248 3424 Ut
1261 3369 1365 3423 autem
1379 3362 1617 3443 quants'potero
1631 3370 1699 3426 tum
1708 3359 1857 3438 facilitate,
1985 3416 1986 3441 ,

281 3456 416 3523 Gratiam
425 3453 647 3517 Dcisecundum
658 3452 1045 3518 meritumdomioumdari.
1095 3457 1162 3515 tum
1175 3454 1324 3515 breuitate
1332 3452 1535 3535 pelagianum
1545 3455 1659 3535 dogma
1667 3458 1857 3539 complectar,

278 3640 421 3722 synodo,
443 3643 575 3702 testatur
595 3637 629 3697 in
651 3636 731 3697 libro
751 3636 786 3699 dc
803 3638 889 3719 gestit
911 3636 1045 3718 Pelagii,
1095 3638 1217 3716 Pelagio
1238 3639 1404 3701 constituta
1413 3644 1498 3703 suut.
1512 3639 1578 3701 Hac
1595 3636 1679 3702 anim
1693 3642 1857 3722 viaporre·

278 3752 317 3799 ex
337 3732 406 3813 ejus
419 3727 758 3810 nempescriptisinter
771 3727 831 3793 alis
844 3728 1044 3809 decerptum:
1094 3726 1217 3792 niemus
1244 3731 1284 3791 ad
1311 3730 1466 3791 interioris
1491 3730 1592 3806 illins,
1621 3737 1653 3792 et
1679 3732 1719 3793 ad
1744 3750 1857 3796 arcana

282 3847 297 3885 ι
316 3824 492 3896 utiterum,
516 3819 647 3902 inquit¹,
663 3819 718 3883 liei
729 3819 862 3898 gratiam
875 3821 1046 3885 secundum
1092 3822 1243 3885 doctrinae
1252 3823 1406 3899 notitiam,
1416 3823 1526 3901 qunlu
1537 3823 1598 3884 hoc
1607 3823 1708 3904 capite
1722 3828 1787 3887 tola
1798 3824 1855 3887 iere

277 3917 389 3983 merita
416 3922 523 3980 nostra
549 3912 632 3989 dari,
657 3911 755 3992 quasi,
783 3910 809 3973 si
833 3912 1045 3994 peccatoribus
1094 3914 1242 3975 consistit.

277 4009 363 4073 illam
381 4010 443 4085 det,
458 4008 600 4071 videatur
619 4022 683 4067 esse
703 4002 840 4084 iniquus.
864 4024 879 4061 ι
899 4004 960 4065 Sed
986 4003 1045 4067 boe
1133 4004 1741 4069 Seromninodivinorumbenaficiorum
1749 4023 1853 4089 genera
1873 4047 1906 4090 ω
1923 4048 1975 4095 ,an

276 4100 328 4165 ille
341 4109 411 4163 tum
430 4097 690 4162 anathematizare
713 4101 837 4159 coactus
861 4101 917 4175 est,
933 4102 968 4157 ιιι
981 4101 1045 4161 tam
1092 4098 1200 4176 gratias
1222 4097 1372 4159 vocabulo
1399 4098 1621 4178 comprehensa
1647 4105 1724 4160 sunt
1756 4100 1788 4161 in
1806 4098 1853 4160 iiia
1901 4096 1956 4150 ⁸¹¹¹*

277 4192 332 4265 ibi,
353 4210 447 4273 quam
468 4189 595 4255 inlibro
612 4187 798 4269 depretiari
813 4186 1046 4250 itteroarbttrto
1092 4189 1214 4251 heresi.
1242 4189 1387 4250 Primum
1415 4196 1462 4251 ast
1481 4195 1593 4251 natura
1619 4190 1687 4270 ipsa
1714 4190 1849 4267 bominis,
1872 4147 1975 4246 ‘iim‘

276 4284 382 4347 scribit
401 4281 604 4363 Augustinus.
622 4281 659 4340 Et
673 4280 706 4340 iu
720 4278 849 4356 epistola
864 4297 913 4357 ev,
928 4281 1044 4360 dapar·
1092 4281 1290 4361 maximeque
1316 4281 1451 4343 liberum
1478 4281 1654 4342 arbitrium.
1683 4283 1851 4345 Secundum
1879 4254 1970 4306 ψ’

276 4375 356 4438 vulis
382 4392 488 4453 agens.
509 4373 618 4447 «Quid
632 4371 683 4433 bic
700 4372 813 4433 dicturi
828 4377 913 4451 sunt,
932 4371 1043 4453 inquit,
1093 4374 1345 4450 estpeccatorum
1359 4369 1513 4431 remissio.
1537 4370 1689 4447 Tardum,
1710 4368 1850 4451 quidquid

276 4466 342 4548 qui,
362 4471 397 4527 ut
419 4465 516 4542 gratia
535 4464 603 4525 duri
628 4462 733 4545 pessit,
759 4454 846 4525 nulla
873 4464 1045 4546 praeoedere
1093 4462 1282 4524 extrinsecus
1304 4460 1448 4539 objicitur
1475 4460 1515 4522 ad
1537 4460 1724 4537 docendum,
1746 4462 1849 4524 cobor-

276 4555 532 4621 bumanamerita
540 4554 1046 4637 contendunt,nesitpersouarum
1092 4554 1235 4626 tandum,
1264 4559 1296 4615 ιι
1321 4552 1546 4633 impellendum
1572 4553 1746 4629 bominem,
1765 4549 1850 4615 aaut

276 4654 419 4731 acceptor
432 4646 535 4711 Densi
548 4669 564 4707 ι
580 4647 666 4709 idem
680 4647 776 4711 etiam
790 4653 821 4709 et
838 4646 907 4708 aliis
921 4647 953 4711 in
968 4647 1043 4709 iocis
1092 4644 1646 4725 lc1,etcl1ristusipsepropositusud
1655 4645 1849 4717 imimndum

275 4741 420 4805 inculcat.
1092 4736 1582 4815 itemdoctrinamrcatruasipse,
1598 4735 1852 4809 miraculateni·

316 4832 374 4896 ΙΙΙ.
384 4829 594 4896 Memorabilis
602 4833 647 4892 est
656 4828 694 4889 dc
702 4828 761 4891 bac
770 4828 886 4909 Pelagii
894 4830 1045 4893 mutantia
1092 4828 1158 4891 licie
1171 4847 1231 4904 res,
1246 4834 1278 4890 et
1287 4828 1381 4907 hujus
1392 4827 1514 4907 generis
1523 4827 1593 4888 alia
1605 4828 1721 4901 Quarto
1733 4828 1851 4909 gratim

276 4925 363 4988 locus
376 4923 518 5004 Prosperi
536 4923 569 4982 in
588 4921 669 4981 libro
689 4921 725 4981 ric
743 4920 837 4981 libore
856 4921 984 4983 arbitrio
1006 4920 1047 4984 od
1092 4920 1291 5001 appellabant
1299 4919 1481 4980 interiorem
1490 4919 1850 4989 mentisillustratiouem,

277 5017 432 5096 Rufinum,
457 5013 517 5078 sub
547 5013 684 5086 initium,
707 5012 762 5075 ubi
775 5012 913 5095 primum
927 5014 965 5075 de
987 5014 1044 5075 isto
1092 5030 1155 5092 qua
1169 5011 1284 5073 diaboli
1305 5010 1430 5072 iusidias
1456 5011 1567 5090 retegit
1588 5012 1680 5082 Deus,
1710 5018 1741 5074 et
1762 5010 1852 5074 cordis

279 5110 344 5191 ipso
357 5109 501 5187 dogmate
514 5106 559 5168 sic
571 5104 690 5167 scribite
713 5125 728 5162 ιι
742 5106 786 5165 Ex
799 5104 848 5169 his
862 5112 967 5168 tamen
981 5122 1046 5168 rina
1093 5105 1198 5165 oculos
1211 5103 1321 5183 aperit.
1337 5102 1593 5182 Quintumgenus
1604 5102 1850 5184 estregeneratio,

277 5207 323 5265 cst
350 5198 553 5279 blasphemia,
588 5195 827 5277 nequissimum,
855 5203 885 5259 et
908 5197 1043 5261 subtilis·
1093 5205 1124 5257 ιι
1137 5196 1273 5276 adoptio,
1293 5212 1357 5275 qua
1373 5194 1429 5255 iiiii
1442 5193 1498 5255 Dei
1512 5213 1568 5274 per
1580 5194 1767 5274 baptismum
1780 5194 1852 5255 liunt

276 5293 389 5354 simum
405 5306 534 5370 germen
547 5289 691 5368 aliarum,
704 5307 768 5369 qua
780 5288 898 5368 dicunt,
913 5288 1044 5368 gratiam
1093 5286 1297 5366 homineque
1325 5291 1423 5347 status
1445 5285 1510 5363 ills,
1534 5286 1569 5346 in
1593 5287 1709 5363 quoad
1729 5299 1851 5364 regnum

305 5490 315 5534 ι
330 5488 379 5534 Lib.
391 5489 417 5534 ds
431 5490 489 5536 sm.
499 5489 548 5533 Pet.
557 5498 577 5532 c.
587 5497 631 5532 ur.
