3932 6172
237 478 238 481 Ἴ
350 402 411 467 ddi
854 395 1180 461 Tlffotoolooaura
1200 395 1417 461 noouawu

350 565 436 641 dicit,
459 582 530 645 quas
548 565 637 628 aliter
651 563 719 627 lieri
745 569 916 644 nequeunt,
945 564 1118 645 presertim
1166 562 1232 625 titis
1241 565 1288 626 sui
1302 563 1420 644 placitis
1432 581 1499 625 non
1509 562 1542 625 id
1550 580 1615 625 esse
1627 580 1805 645 aonssqaeas
1813 572 1884 629 osai·

350 674 423 718 oum
436 656 496 719 iliis
510 656 802 737 oppositapugnant
820 657 965 730 invicem,
982 661 1013 717 at
1030 657 1117 717 aien-
1167 656 1259 733 daut3
1276 675 1327 719 me
1339 657 1416 719 ialso
1430 656 1475 717 ilii
1495 656 1563 721 hae
1575 655 1728 736 affingere,
1746 657 1882 737 siposam

349 749 430 811 tium
440 767 477 811 ao
493 749 675 828 negantium
687 749 878 810 adversantia
885 748 989 824 modo,
1004 765 1069 809 esse
1083 748 1117 808 in
1168 755 1310 829 arguant.
1325 749 1370 811 Aa
1383 749 1434 811 vel
1444 750 1505 810 boa
1518 767 1557 811 ex
1570 768 1633 811 uno
1647 747 1883 828 resipisoautintrl·

350 859 456 903 rarum
468 846 582 903 natura
594 849 765 921 nequeunt.
776 841 920 921 Exempli
932 858 1036 917 eausa,
1052 858 1117 903 esse
1167 840 1336 922 ligantque,
1356 847 1425 903 turn
1444 841 1524 903 nihil
1543 842 1601 904 ista
1620 842 1754 903 domina
1770 843 1857 904 vanius
1865 850 1886 905 et

350 931 544 1011 rationalem,
557 939 589 995 et
601 952 667 995 non
679 951 744 996 esse
757 934 951 1006 rationalem,
976 932 1117 1013 implica·
1166 933 1286 995 futilius
1305 952 1391 1003 esse:
1411 940 1481 995 tum
1498 934 1617 996 inventi
1634 933 1702 994 talis
1720 937 1885 996 auotoremin

350 1028 418 1086 turn
445 1032 491 1087 est
514 1025 662 1105 quiddam
687 1026 728 1088 ad
754 1026 1053 1101 contradicentium,
1081 1029 1119 1085 ut
1167 1026 1334 1089 tractandis
1354 1031 1495 1091 veteram
1515 1025 1684 1102 sententiis,
1705 1042 1776 1104 quos
1786 1025 1886 1107 prolaeta
1938 1006 1939 1101 i

349 1122 471 1195 voaaut,
491 1118 726 1198 oppositionem
749 1119 834 1190 Ideo,
854 1118 880 1179 si
897 1117 1021 1198 qirisita
1033 1116 1117 1178 dire·
1167 1118 1303 1181 nimium
1314 1118 1523 1199 perfunctoria
1530 1117 1614 1199 legit,
1627 1117 1764 1178 nonsatis
1771 1124 1887 1179 etenum

348 1214 408 1287 ret,
424 1209 616 1289 permittitur
633 1210 764 1282 homini,
785 1216 822 1271 ut
834 1211 875 1271 sit
896 1210 1066 1283 rationalia,
1087 1214 1118 1271 et
1167 1212 1221 1272 sed
1247 1211 1438 1292 precipitem
1463 1210 1566 1271 luisse.
1596 1210 1675 1271 Nam
1697 1209 1773 1288 quod
1794 1208 1842 1271 oin
1858 1211 1887 1272 ibi

348 1303 437 1363 utne
450 1301 499 1374 sit,
520 1316 556 1363 aa
573 1320 638 1363 non
662 1302 703 1363 sit
722 1301 900 1377 rationalis3
926 1302 996 1382 quis
1018 1302 1116 1364 risum
1167 1303 1324 1365 nominari
1335 1309 1425 1383 putat
1438 1302 1477 1364 ab
1488 1302 1605 1364 Hilario
1617 1301 1777 1363 violentam
1788 1303 1887 1362 neow-

347 1392 490 1455 teneret?
503 1395 597 1473 Atqui
618 1411 745 1473 prorsam
756 1393 789 1455 in
804 1394 887 1455 idem
899 1393 1069 1454 absurdum
1080 1411 1117 1454 aa
1167 1399 1273 1470 tatem,
1290 1414 1360 1476 que
1374 1393 1888 1470 invitaevoluntati,aareuitsntiinli-

346 1484 524 1563 ridiculum,
546 1485 730 1565 imprudens
750 1485 858 1547 inaidit
869 1485 995 1547 haeresis
1016 1504 1114 1561 nova;
1166 1492 1302 1563 geretur,
1319 1487 1378 1550 nisi
1398 1491 1479 1550 Dens
1501 1488 1687 1549 maumam
1700 1485 1888 1546 illilibertsten
1938 1504 1939 1565 p

346 1583 379 1641 et
392 1577 437 1639 ilii
450 1577 550 1639 simile
558 1576 674 1656 aliquid
687 1577 754 1656 ejus
765 1597 805 1640 ex
815 1578 954 1639 oratione
963 1578 1114 1658 sequitur.
1166 1580 1370 1658 permitteret,
1387 1566 1596 1660 preterquam
1609 1577 1693 1658 quod
1705 1594 1742 1640 ex
1751 1577 1826 1639 dietis
1834 1577 1887 1639 bn·

347 1670 437 1746 Nam,
457 1671 542 1750 quod
561 1672 780 1747 neeessariam,
801 1671 834 1732 id
856 1675 902 1732 ast
922 1680 1061 1731 eoactum
1084 1676 1116 1732 et
1166 1683 1258 1731 tenus
1271 1671 1417 1733 frivolum
1435 1672 1469 1732 id
1488 1684 1544 1745 est,
1569 1689 1608 1732 ex
1620 1671 1687 1749 ipso
1708 1669 1792 1730 etiam
1805 1668 1888 1729 Hilario

345 1761 518 1825 violentum
544 1764 659 1843 opponi
671 1763 770 1824 libero
788 1762 928 1837 arbitrio,
943 1762 1114 1842 etquidem
1164 1763 1336 1840 refellitur3
1351 1766 1404 1843 qui
1418 1765 1594 1845 paulopost
1606 1762 1650 1823 ait
1666 1780 1747 1842 «per
1758 1760 1887 1822 bonitum
1938 1806 1939 1825 ι

345 1855 458 1928 solum,
476 1855 642 1932 snsumat,
666 1860 712 1917 est
725 1855 888 1933 ejusmodi,
909 1860 946 1914 nt
963 1855 1114 1916 contradi·
1167 1855 1221 1916 Dei
1235 1855 1300 1917 vim
1314 1855 1463 1917 libertatis
1480 1855 1602 1917 aretari.
1619 1875 1635 1913 a
1662 1854 1720 1915 Ubi
1736 1854 1793 1913 vim
1803 1852 1888 1931 perspi·

344 1952 396 2009 oat
404 1946 473 2016 sibi,
494 1956 588 2026 atque
605 1946 675 2008 ideo
698 1947 767 2007 fieri
793 1965 834 2008 ne
858 1946 964 2007 divina
986 1946 1113 2027 quidem
1165 1964 1223 2009 aua
1244 1950 1404 2025 virtutem,
1429 1953 1461 2009 et
1482 1953 1584 2028 δύναμιν
1607 1946 1749 2027 appellat.
1780 1943 1888 2018 Quoeire

345 2040 497 2119 potentia,
521 2045 553 2101 et
577 2039 611 2099 in
635 2055 741 2101 rerum
772 2055 838 2099 esse
864 2044 977 2101 natura
1007 2046 1112 2120 queat.
1165 2039 1423 2101 totiusililariani
1436 2038 1611 2119 looi,quem
1624 2035 1889 2100 adsoiniellaiteristi

346 2130 508 2208 Siquidem
521 2134 661 2191 ansatum
674 2135 720 2191 est
733 2129 774 2204 id,
787 2130 871 2209 quod
883 2130 974 2191 astab
986 2136 1113 2195 externo
1164 2130 1332 2210 acciplunt,
1358 2148 1469 2193 sensus
1496 2137 1543 2192 est
1567 2131 1647 2192 ister
1674 2131 1768 2191 Deum
1790 2128 1888 2188 ιιιιιιιιι

345 2220 497 2301 principio
513 2222 568 2297 ita,
592 2228 637 2290 ut,
665 2222 750 2301 quod
771 2222 904 2300 cogitur,
926 2222 1005 2283 nibil
1027 2240 1066 2283 ax
1081 2240 1114 2284 se
1166 2221 1288 2285 bomini
1302 2223 1471 2303 reliquisse,
1495 2228 1532 2284 ut
1546 2222 1637 2298 bene,
1655 2226 1708 2283 aut
1720 2221 1888 2298 malargent,

345 2313 492 2382 conterat,
508 2313 555 2375 uti
576 2331 669 2394 supra
682 2331 721 2374 ex
738 2314 881 2375 omnium
900 2331 1067 2387 oensemu,
1084 2320 1114 2377 et
1165 2314 1226 2376 boe
1239 2320 1285 2376 est
1298 2315 1428 2391 bonum,
1439 2320 1494 2375 aut
1505 2315 1627 2375 malum
1638 2311 1889 2394 aligaratraalepen

345 2405 512 2467 adversarii
553 2404 630 2467 adeo
669 2404 766 2486 ipsius
812 2406 1111 2482 demonstravimus3
1165 2406 1195 2467 ai
1222 2408 1418 2469 eonstituissa
1446 2405 1532 2483 boni,
1567 2406 1749 2485 honestique
1772 2399 1887 2473 secundi

344 2515 438 2578 porro
459 2497 671 2561 voluntarium
692 2504 738 2560 ast
758 2497 801 2574 id,
818 2498 901 2578 quod
914 2498 954 2559 ab
968 2497 1114 2561 interiore
1164 2504 1234 2559 tum
1260 2505 1343 2561 reate
1368 2498 1521 2561 laetorum
1548 2498 1699 2578 presmia3
1724 2496 1797 2559 maie
1814 2498 1889 2555 suan

344 2586 567 2669 estprincipio.
592 2585 700 2668 ltaque
722 2595 886 2669 repugnat,
908 2608 1005 2652 unam
1025 2609 1113 2652 eam-
1168 2595 1308 2652 aetorum
1334 2609 1440 2671 poenas
1453 2590 1498 2651 illi
1511 2589 1719 2669 proposuisse,
1734 2589 1782 2649 sed
1802 2585 1890 2648 sanie
1938 2620 1939 2651 ι

344 2681 479 2761 demque
493 2681 690 2745 anfionemet
702 2682 910 2743 voluntariam
918 2700 994 2760 asse,
1016 2683 1115 2744 idest
1167 2698 1238 2760 gam
1245 2683 1310 2743 uim
1318 2683 1449 2759 nutam,
1461 2687 1515 2743 aut
1525 2680 1889 2756 necesitaamanarequ

345 2772 726 2853 avoluutateprofeotam,
742 2780 783 2848 et,
799 2781 833 2835 ut
846 2773 966 2836 Saholae
980 2775 1113 2854 loquun-
1166 2774 1233 2836 sine
1257 2775 1490 2851 deliberatione,
1525 2780 1556 2835 et
1582 2773 1731 2837 electione
1753 2767 1889 2833 ieraturifl

345 2871 407 2939 tur,
432 2865 573 2942 similam,
596 2870 628 2926 el
649 2883 714 2927 esse
738 2871 900 2935 aoaetamr
922 2866 1115 2927 tantumdem
1166 2867 1302 2934 bonum:
1325 2884 1419 2947 qiiarn
1438 2871 1528 2928 vorat
1545 2866 1682 2927 Hilarius
1701 2864 1757 2925 vim
1770 2857 1890 2944 quondan
1938 2848 1939 2921 i

343 2959 430 3021 eninr
443 2963 499 3035 est,
523 2976 559 3019 ao
576 2957 602 3018 si
619 2957 714 3033 dieas,
730 2959 873 3019 eamdem
892 2959 1115 3020 essevolunta-
1165 2958 1247 3020 nota
1274 2966 1444 3034 cometam,
1466 2958 1642 3037 eujusmodi
1669 2958 1703 3018 in
1727 2955 1814 3017 brutis
1834 2953 1891 3012 inssi
1938 2940 1939 3027 ι

306 3076 309 3080 ·
344 3049 435 3126 riam,
451 3057 639 3113 etnonesse
652 3050 871 3112 voluntariam.
896 3053 1115 3132 «Repugnan
1167 3051 1388 3115 animantibus.
1413 3069 1483 3131 que
1497 3051 1529 3111 vl
1547 3041 1889 3130 mandanturque
1938 3040 1939 3125 ι

344 3140 540 3205 tiamautam
553 3141 687 3204 illamin
707 3161 744 3205 eo
758 3144 924 3209 consistere
944 3144 987 3205 ait
1000 3145 1113 3205 adver·
1162 3142 1365 3221 juounditste,
1379 3162 1415 3204 aa
1428 3143 1579 3203 suavitate
1592 3138 1889 3233 senmsaffiaianee

344 3233 445 3297 sarius
455 3232 500 3309 ’,ι
512 3235 598 3314 quod
607 3242 861 3314 sequeretur,nos
873 3236 953 3297 velle
966 3236 1070 3313 simul,
1083 3241 1114 3297 et
1164 3235 1246 3295 sario
1260 3234 1509 3312 seotantur,etad
1519 3233 1597 3295 illud
1606 3233 1890 3313 persequendumep
1938 3234 1939 3291 l

344 3326 534 3389 noliacum
555 3327 639 3389 onim
652 3328 815 3389 neiessitas
828 3328 963 3389 illataiis
978 3329 1028 3404 sit,
1043 3346 1113 3408 quae
1166 3327 1418 3388 etiamdiauutur
1431 3326 1600 3402 interdum,
1623 3327 1656 3387 vi
1674 3323 1804 3386 vocabuli
1819 3317 1891 3379 larius
1938 3336 1939 3347 ¹

345 3418 471 3483 nolonte
493 3419 666 3494 voluntate,
685 3421 745 3482 boe
763 3427 808 3482 est
829 3421 981 3482 renitente
1002 3421 1114 3482 volun·
1165 3425 1288 3499 sumpta
1302 3437 1407 3499 proso
1421 3419 1519 3496 omni,
1531 3416 1617 3497 quod
1630 3413 1802 3488 neeessario,
1813 3409 1891 3472 atrine
1938 3460 1939 3501 3

344 3515 419 3588 tate,
450 3511 571 3591 periiait
595 3512 740 3573 ellectum
762 3531 872 3588 suum3
897 3513 1021 3593 quando
1048 3512 1115 3574 vult
1165 3510 1320 3573 retinendi
1335 3511 1467 3591 impetus
1486 3515 1638 3591 potestate
1655 3509 1787 3570 issimus.
1800 3503 1889 3579 Sirpi-
1938 3518 1939 3555 l

345 3607 450 3663 autem
470 3621 536 3664 non
551 3605 723 3679 renitatur3
749 3604 941 3682 apertissime
963 3606 1112 3683 sequitur,
1165 3611 1269 3666 rentes
1281 3603 1347 3682 aogi
1362 3604 1510 3664 dicuntur
1526 3620 1645 3679 amara,
1667 3593 1890 3680 quaegeuueriui

345 3711 415 3757 eam
440 3695 520 3755 velle
547 3693 652 3768 simul,
673 3700 705 3755 et
724 3695 818 3769 nolle,
835 3696 861 3754 si
881 3696 1037 3757 voluntas.
1053 3715 1108 3757 sau
1165 3713 1295 3776 eamque
1322 3694 1520 3775 tyrannidem
1545 3712 1627 3774 soepe
1650 3694 1689 3754 ab
1711 3690 1892 3770 Cbrywei⁰ffl⁰
1938 3706 1939 3777 j

343 3786 434 3864 velie,
449 3787 507 3848 sub
521 3786 765 3848 talineoessitate
783 3793 990 3866 poneretur.»
1015 3789 1115 3862 Quare
1165 3788 1238 3865 diei,
1252 3806 1345 3868 supra
1362 3787 1574 3849 meminimus.
1598 3783 1797 3847 Potastatiam
1808 3772 1893 3837 visilia
1938 3806 1939 3871 3

343 3878 507 3941 neeesntus
518 3878 582 3948 iila,
599 3896 668 3958 quaa
677 3878 836 3958 permissas
849 3878 970 3939 homini
982 3878 1115 3942 libertati
1166 3880 1209 3941 sio
1223 3880 1330 3960 arripi,
1355 3886 1390 3940 ut
1412 3879 1452 3939 sit
1469 3878 1585 3940 eoaotio
1603 3878 1748 3951 violenta,
1764 3866 1892 3967 noniiiata⁸
1938 3910 1939 3913 ,

344 3971 502 4037 donnaus
529 3976 586 4048 est,
616 3971 651 4031 in
677 3989 783 4033 rerum
812 3976 924 4031 natura
959 3988 1023 4032 esse
1049 3991 1114 4036 non
1167 3972 1318 4032 voluntati
1340 3971 1409 4050 ipsi,
1431 3970 1485 4043 sed
1506 3963 1893 4037 extrinseeusoblata3uts1
1938 3970 1939 3973 ’

344 4069 454 4142 potast,
469 4065 602 4143 ipsomet
613 4068 699 4140 teste,
711 4063 766 4143 qui
780 4081 850 4125 eam
863 4063 968 4124 statuit
979 4083 987 4140 3
999 4083 1038 4126 ex
1051 4083 1114 4144 quo
1164 4065 1246 4124 Deus
1256 4063 1385 4138 fecisset,
1401 4063 1448 4123 uti
1465 4062 1586 4142 quoties
1599 4078 1725 4141 peecare
1738 4056 1838 4119 veilent
1850 4048 1892 4150 ho
1938 4110 1939 4141 ἶ

344 4156 486 4235 ineptum
509 4156 597 4233 illud,
626 4161 658 4217 et
679 4155 833 4216 absonmn
851 4154 912 4216 diei
939 4154 978 4216 ab
997 4157 1114 4218 Hilario
1164 4157 1273 4223 mines.
1291 4166 1384 4231 graie
1398 4154 1523 4234 aliqirad
1540 4152 1671 4222 malum,
1696 4156 1727 4212 et
1745 4141 1902 4241 intolerabr*
1938 4226 1939 4229 Ἴ

344 4248 492 4326 sequitur,
512 4249 539 4310 si
556 4266 629 4310 vere
642 4253 781 4309 mentem
793 4247 876 4309 iilius
895 4249 1114 4327 interpretatur
1163 4248 1226 4309 lem
1248 4248 1429 4321 emoiatum,
1449 4252 1640 4307 terroremve
1667 4243 1838 4324 paterentur.
1857 4232 1894 4290 Slt

218 4416 223 4424 ·
344 4338 396 4401 ilio
413 4359 421 4399 ε
441 4338 611 4402 «Permisit
621 4340 796 4402 libertatem
807 4339 932 4401 bomini
941 4342 1032 4418 Deus,
1048 4360 1114 4402 non
1164 4341 1264 4418 Plato,
1292 4346 1328 4400 ut
1349 4346 1396 4400 est
1421 4357 1441 4399 a
1463 4339 1610 4399 Cicerone
1632 4337 1778 4416 seriptum
1789 4328 1810 4404 ⁸,
1831 4324 1894 4383 ἰθὺ·

344 4435 450 4493 autem
464 4433 572 4506 voluit,
595 4433 741 4495 eumdem
763 4451 828 4494 esse
841 4432 987 4509 liberum,
1005 4438 1036 4494 et
1049 4452 1114 4493 non
1164 4451 1289 4514 quoque
1301 4433 1378 4511 legis
1388 4432 1591 4512 putavitesse,
1605 4412 1892 4516 pemuadereaiiquidt

344 4522 494 4599 liberum;
510 4545 526 4582 r
538 4524 589 4585 vel
602 4524 646 4585 ita
659 4527 774 4604 potius,
798 4524 968 4587 «Permisit
981 4524 1112 4603 homini,
1164 4534 1229 4587 non
1253 4525 1357 4587 omnia
1381 4524 1424 4597 vi,
1450 4542 1486 4585 aa
1499 4523 1591 4584 minis
1602 4539 1730 4602 angere,
1743 4508 1895 4595 sqireleffl
1938 4558 1939 4561 =

345 4622 381 4677 ut
393 4615 485 4679 veliet
496 4636 505 4692 ;
520 4634 585 4677 non
598 4622 704 4679 aulem
720 4618 813 4679 talem
834 4635 900 4679 esse
920 4618 1116 4693 decrevitur
1165 4616 1379 4692 mactionihil,
1391 4620 1501 4696 praeter
1510 4620 1641 4689 metum,
1655 4631 1691 4675 aa
1703 4626 1795 4692 piane
1803 4605 1896 4699 dealt·

345 4708 437 4771 vellet
458 4708 552 4771 simul
572 4713 603 4769 et
619 4726 685 4769 non
708 4709 843 4770 vellat.»
865 4711 945 4770 Nam
965 4709 1048 4771 idem
1070 4716 1115 4771 est
1164 4711 1325 4772 dadonem
1339 4709 1443 4770 habet.
1460 4708 1539 4769 ilina
1551 4706 1634 4769 idem
1647 4706 1682 4766 in
1695 4692 1893 4770 naurieba-

345 4798 408 4865 illis
418 4799 509 4877 veile,
523 4818 559 4863 ao
571 4798 668 4860 bbere
681 4799 772 4875 velle,
788 4806 822 4861 ut
834 4800 953 4863 ibidem
962 4802 1062 4863 doeat.
1165 4801 1218 4863 bra
1239 4801 1359 4876 ruma,
1385 4798 1707 4880 praestantissimarum
1731 4794 1895 4872 legum0ll¹⁵

386 4891 471 4954 Xlll.
495 4891 660 4953 Conferant
677 4890 770 4953 modo
790 4909 881 4954 nove
897 4892 1115 4972 suffragatores
1127 4904 1137 4914 '⁴
1164 4893 1242 4954 illud
1260 4911 1325 4955 esse
1348 4892 1436 4967 dixit,
1465 4891 1576 4953 dooere
1598 4889 1751 4962 homines,
1775 4886 1895 4953 timim

346 4983 503 5063 opinionis
516 5002 626 5047 omnes
639 4983 722 5047 inter
735 5001 768 5046 se
780 4984 890 5064 capita,
910 4990 941 5047 et
963 5004 1002 5047 ex
1018 4986 1114 5051 antis-
1165 4987 1277 5068 paenis,
1305 4990 1360 5046 aut
1381 4982 1505 5045 maletis
1525 4980 1712 5064 peeuniariis
1734 4982 1763 5039 ai
1779 4972 1896 5048 tdgmus

383 5202 404 5243 ct
423 5185 508 5241 Ριιτο
523 5185 558 5242 tx
572 5184 688 5258 deLep.
707 5184 792 5243 Ταῦτα
810 5181 860 5239 rite
878 5184 968 5263 ἔργοις,
984 5186 1000 5253 ἢ
1018 5185 1113 5263 λόγοις,
1164 5205 1212 5242 τινι
1225 5185 1410 5259 τριιιῳποιήιῃ
1425 5201 1462 5246 τις
1475 5187 1574 5256 μισῆσαι
1590 5181 1633 5256 pti
1647 5180 1690 5249 τὴν
1704 5174 1803 5243 eata,
1822 5160 1897 5235 oili*
1938 5218 1939 5221 ,

346 5268 550 5342 ifflfl'fissl’lffils
578 5267 593 5337 ι
621 5269 718 5335 λυπῶν,
737 5270 752 5337 ἢ
773 5274 871 5342 τιμῶν,
896 5269 912 5336 ἢ
940 5267 1116 5342 ἀτιμιῶι,ιιαι
1165 5268 1283 5342 Mei
1301 5271 1379 5341 prasii
1393 5268 1438 5337 τιν
1451 5271 1495 5322 τοῦ
1515 5266 1611 5320 δικαίου
1622 5266 1702 5337 piosa,
1718 5253 1897 5315 nimirum

346 5353 482 5426 lilim*
506 5350 615 5424 (puis,
629 5353 646 5420 ι
665 5351 705 5413 καὶ
716 5353 812 5424 δώρων,
829 5353 844 5421 ἢ
863 5352 905 5407 και
916 5353 946 5407 td
967 5346 1116 5425 πιράιιανῷ
1165 5351 1237 5425 ἔργον
1248 5359 1299 5409 τῶν
1313 5351 1452 5407 aalma
1465 5351 1558 5422 νόμων.

401 5527 464 5574 lom.
478 5527 569 5582 111,1tt.
580 5526 617 5581 vi,
629 5539 678 5585 cap.
689 5527 767 5575 rit-i
778 5527 825 5573 Lib.
837 5528 864 5574 ds
874 5529 923 5589 up.
