3934 6172
403 327 452 388 DE
472 324 633 388 OPIFIGIO
654 322 728 385 SEX
748 321 909 401 DIERUM,
931 323 1004 385 LlB.
1027 320 1067 384 11.
1090 323 1173 387 GAP.
1195 322 1249 385 VI,
1559 324 1619 385 ibt

59 493 149 558 labet:
172 495 338 571 Adamum,
356 493 418 555 nisi
445 497 610 573 peccasset,
634 508 699 552 non
711 489 804 551 luisse
853 487 878 548 si
898 488 1048 551 noluisset
1068 507 1208 570 peecare,
1233 488 1328 551 morti
1359 488 1616 552 succumberet.»

58 588 233 650 uenturum.
257 587 363 666 Neque
384 591 491 647 tamen
508 590 673 667 propterea
689 582 801 663 plene,
853 579 1013 661 Philippus
1038 581 1140 643 Abbas
1172 582 1206 643 in
1234 581 1363 662 epistola
1395 599 1438 642 vu
1465 582 1620 645 Adamum

59 680 221 762 stperleetae
234 678 475 743 immortalitatis
484 694 609 758 compos
618 677 719 738 adhue
733 674 802 747 fuit,
853 671 1008 734 existimat
1031 694 1046 732 a
1067 675 1230 739 mortalem
1248 674 1352 750 simul,
1371 681 1402 735 et
1412 675 1621 735 immortalem

58 773 102 834 hoc
113 778 155 834 est
167 772 329 855 ejusmodi,
345 777 382 832 ut
395 771 476 833 m0ri
487 769 574 831 „0110
589 769 803 848 m0d0p0332q
853 769 919 812 esse
939 752 1069 829 lachim
1098 775 1114 812 n
1144 755 1289 834 idemque
1316 755 1426 835 repetit
1445 753 1479 814 in
1492 753 1572 817 libro
1587 753 1622 816 ale

59 865 299 946 quemadmodum
309 860 805 945 hugehetiampostlapsumnon

58 968 115 1021 mut
130 959 256 1032 mortui,
279 965 315 1018 ut
331 957 376 1019 ait
390 956 562 1021 Nemesius.
584 952 679 1033 cajus
697 952 803 1033 rerba,

58 1070 113 1113 eum
128 1052 235 1113 Louna
257 1051 347 1131 lingo
358 1050 522 1113 Eterianus
535 1046 686 1121 redderet,
698 1048 807 1106 contra

58 1149 174 1205 nanum
191 1142 276 1206 illius
297 1141 414 1223 aceepit
436 1140 489 1217 sio,
514 1145 666 1219 tanquam
687 1154 805 1221 propo-

58 1236 129 1297 sitam
141 1235 227 1296 iham
241 1254 260 1296 a
274 1253 306 1296 se
324 1232 505 1315 opinionem
529 1230 732 1292 liebraeorum
742 1228 805 1291 im-

59 1328 198 1409 probaret;
223 1327 309 1409 quod
330 1345 396 1388 non
419 1331 464 1387 est
482 1325 535 1389 ita.
560 1322 720 1405 Siquidem
736 1337 806 1381 eam

59 1419 229 1500 probabilem
238 1419 390 1499 judicavit
403 1417 573 1494 Nemeeius,
582 1421 614 1477 et
626 1414 754 1476 alteram
768 1429 807 1474 ex

59 1531 128 1593 equo
134 1512 344 1586 verisimilem,
357 1508 548 1573 ututramvis
557 1507 805 1589 amplecteretur.

59 1604 154 1666 lerum
164 1605 255 1685 Hugo
268 1602 473 1687 posteriorem
489 1601 601 1664 idcireo
619 1597 805 1681 repudiarit,

59 1697 123 1777 quod
138 1703 182 1758 est
204 1701 292 1773 θνητὸν
316 1696 348 1758 id
362 1701 409 1757 est
422 1691 577 1756 mortalem
591 1709 655 1754 esse
668 1695 807 1752 creatum

59 1788 206 1862 hominem,
214 1788 299 1851 idem
307 1806 373 1851 esse
386 1786 558 1862 videbatur,
569 1803 605 1845 ao
620 1781 807 1845 moriturum

60 1880 146 1947 hius:
161 1882 243 1963 quod
267 1881 428 1943 Nemesius
443 1879 544 1941 dicere
557 1875 667 1949 noluit,
683 1875 806 1953 sedita,

59 1978 84 2033 ot
97 1974 179 2054 paulo
196 1980 270 2037 ante
296 1972 477 2051 significavi,
502 1987 591 2034 mens
613 1968 696 2030 illius
715 1968 808 2029 inter·

59 2068 184 2147 protunda
222 2072 279 2128 est.
320 2062 588 2142 Quemadmodum
621 2059 807 2123 Athanasius

58 2158 124 2239 apud
134 2158 286 2220 loannem
301 2159 528 2220 Damascenum
540 2154 588 2215 his
601 2152 703 2214 verbis
713 2170 807 2232 expo-

59 2250 134 2311 sair.
163 2273 177 2309 a
202 2252 268 2325 Est,
294 2250 408 2332 inquit,
438 2254 550 2309 natum
583 2264 639 2307 sua
669 2244 808 2309 mortalis

58 2340 144 2413 bomo,
167 2348 274 2424 utpote
301 2360 340 2404 ex
371 2359 436 2402 non
468 2338 658 2403 exstantibus
688 2336 805 2415 iaetus3

58 2452 149 2497 renim
166 2441 292 2517 propter
311 2433 561 2509 similitudinem,
584 2447 678 2511 quam
700 2428 805 2507 habet,

59 2526 121 2605 ejus,
145 2527 197 2607 qui
217 2532 274 2600 est,
299 2542 396 2606 quam
421 2525 446 2585 si
466 2527 616 2585 servasset
635 2521 807 2583 obediendo

60 2618 123 2691 too,
154 2618 328 2680 naturalem
361 2616 592 2697 corruptionem
621 2613 806 2691 hebetasset,

60 2711 251 2773 dmanusset
272 2711 480 2791 incorruptus.
502 2730 517 2766 n
549 2707 687 2786 lienique
706 2706 807 2767 Theo-

61 2802 137 2863 dorus
167 2804 305 2865 Abucara
340 2800 551 2862 immortalem
588 2798 731 2860 futurum
765 2797 809 2861 ait

853 842 1058 927 Salatepm'mr'
1070 843 1206 923 lominr's,
1221 847 1318 926 capite
1330 863 1350 907 r.

1067 1155 1273 1241 CAPUT
1319 1156 1406 1244 Vll.

855 1420 900 1485 De
924 1419 1151 1484 immortalitate
1166 1419 1335 1504 primorum
1347 1420 1500 1485 imninum
1514 1421 1624 1487 iterum

896 1517 1011 1596 opiter.
1028 1513 1137 1578 Utrum
1153 1513 1215 1575 eido
1237 1533 1335 1577 eorum
1351 1534 1477 1597 corpora
1490 1516 1625 1598 opuste-

896 1607 1024 1669 duerint.
1054 1603 1253 1683 Quorumdam
1266 1606 1408 1668 sententia
1421 1626 1538 1689 aequm,
1556 1629 1624 1670 ma·

895 1698 976 1759 aime
990 1696 1128 1780 Greporr'i
1141 1696 1280 1779 Nysseni,
1292 1706 1318 1760 et
1328 1696 1452 1761 alibrum
1463 1705 1622 1766 excutitur.

894 1790 950 1871 qui
965 1789 1123 1872 allegorice
1140 1788 1259 1871 fruetus
1280 1789 1358 1868 ellos,
1381 1810 1418 1853 ae
1441 1790 1517 1853 cr'bos
1534 1790 1625 1855 inter·

894 1888 1065 1963 pretantur.
1094 1880 1264 1944 Ostendetur
1283 1901 1363 1945 ueros
1382 1881 1448 1945 illas
1473 1883 1574 1965 satine,
1591 1903 1626 1946 ec

899 1993 1000 2037 reuera
1027 1974 1154 2037 domines
1180 1973 1244 2037 eido
1266 1992 1380 2037 usuros.
1413 1973 1522 2037 Utrum
1538 1974 1625 2041 arbor

896 2070 967 2127 vite
987 2065 1244 2131 immortalitatem
1265 2066 1414 2143 tribueret,
1439 2065 1524 2150 idque
1537 2077 1624 2131 uatu-

896 2157 961 2219 rali
984 2156 1154 2240 efficientia,
1184 2177 1224 2218 arr
1250 2157 1624 2240 reciprocandarum,

896 2250 1025 2325 Pererir',
1045 2255 1072 2312 et
1101 2250 1233 2312 aliorum
1253 2250 1404 2333 opiniones
1434 2253 1624 2317 examinatae.

897 2340 967 2404 Non
987 2340 1078 2423 fuisse
1098 2342 1267 2405 naturalem
1280 2343 1339 2403 uim
1355 2343 1452 2421 istam,
1468 2352 1497 2405 et
1512 2348 1624 2426 inper-

893 2443 1014 2515 petuum
1039 2439 1131 2497 vitam
1160 2433 1313 2495 extendere
1330 2439 1465 2515 punisse.
1494 2435 1626 2498 Notatur

896 2525 1061 2587 Ludom'eus
1089 2524 1182 2599 Viuez,
1207 2533 1234 2587 et
1259 2524 1295 2587 al
1317 2524 1380 2607 ejus
1403 2524 1626 2607 reprehensione

895 2616 998 2679 Scelus
1032 2616 1209 2680 vindicatur.
1251 2616 1353 2698 Neque
1379 2617 1505 2697 mordis,
1535 2639 1625 2703 nequo

894 2710 1039 2772 senectuti
1050 2709 1210 2771 odnoeium
1219 2708 1311 2791 (uiue
1322 2715 1432 2773 statum
1442 2710 1530 2773 illum
1545 2712 1627 2775 inno-

896 2802 1010 2863 sentire.

61 2892 196 2957 hominem
215 2905 311 2979 χάριτι,
336 2894 367 2955 id
393 2898 439 2954 est
464 2893 580 2974 qratr'a3
607 2896 719 2953 natura
733 2909 807 2952 vero

62 2988 212 3061 mortalem,
242 3009 258 3046 a
285 2986 453 3049 Sciendum
481 2990 536 3061 est,
565 2983 677 3064 inquit,
697 2982 809 3046 Adami
896 2987 918 3047 Ι.
935 2982 1095 3047 Nemeeius
1109 2982 1141 3045 in
1156 2980 1498 3065 proximeanteoedenti
1512 2985 1623 3066 capite,

63 3097 154 3159 eorpus
174 3084 286 3141 natarra
307 3078 449 3155 mortale,
477 3082 508 3138 et
534 3076 676 3157 passibile
696 3074 806 3152 fuisse;
856 3077 982 3161 plenam
995 3077 1030 3137 in
1043 3074 1222 3137 hominibus
1239 3075 1346 3157 primis
1360 3075 1625 3141 immortalitatem

64 3168 147 3232 dirhra
162 3190 232 3234 vero
250 3172 349 3253 gratia
368 3168 554 3246 immortale,
575 3173 606 3229 et
622 3167 808 3249 impassibile
856 3188 921 3231 non
938 3169 1031 3230 fuisse
1049 3167 1201 3248 probabat
1214 3186 1251 3229 eo
1272 3174 1467 3249 argumento,
1488 3171 1572 3250 quod
1585 3171 1625 3231 ad
1731 3183 1740 3196 ·

63 3262 285 3326 emanarant.
308 3263 381 3324 »nt
408 3262 647 3342 chrysostomus
662 3257 671 3293 ¹
686 3267 808 3341 pearata
856 3262 954 3323 vitam
979 3260 1129 3322 tuendam
1156 3259 1363 3323 necessarium
1395 3260 1455 3323 illis
1476 3262 1626 3343 pabulum

62 3362 142 3431 turta,
159 3357 187 3419 id
206 3362 252 3418 cst
270 3354 393 3417 mortale
413 3373 478 3416 esse
497 3353 612 3416 factum
622 3350 684 3430 ait;
700 3360 731 3415 et
743 3356 807 3416 Au·
856 3353 959 3416 fuerit.
987 3354 1061 3426 Quae
1088 3352 1179 3413 nobis
1210 3352 1288 3414 ratio
1319 3358 1389 3414 tum
1412 3354 1505 3435 hujus
1531 3355 1628 3435 ipsius

63 3449 209 3527 gusinus’:
229 3448 431 3522 allortalitas,
444 3445 682 3525 corruptibilitas
696 3447 826 3518 carnia·
857 3445 1077 3528 expendenda,
1101 3450 1169 3505 tum
1191 3449 1386 3513 caeterorum,
1405 3465 1476 3525 quae
1489 3465 1561 3509 oum
1572 3447 1626 3508 illo

64 3543 202 3623 compedes
216 3548 301 3616 suut,
317 3540 431 3622 quibus
443 3539 530 3617 ligati
544 3556 662 3599 sumus.
678 3560 694 3596 o
858 3543 940 3600 statu
962 3537 1126 3616 conjuncta
1149 3542 1232 3607 sunt,
1258 3535 1511 3618 explicandorum
1538 3557 1626 3602 uesa-

92 3635 228 3696 Omuibus
244 3635 305 3696 illis
325 3633 481 3712 antiquior
497 3630 686 3712 Theophilus
699 3630 808 3692 Antio·
857 3630 977 3692 sionem
986 3629 1104 3690 afferet.
1569 3652 1573 3657 ·

64 3724 156 3787 ahenas
169 3727 201 3788 in
214 3726 296 3788 libro
311 3725 446 3787 seeundo
460 3721 501 3783 ad
510 3721 698 3803 Autolycum,
718 3723 809 3784 able·
897 3721 1021 3802 Absque
1044 3721 1114 3783 cibo
1136 3735 1317 3800 perennem,
1342 3740 1378 3783 ae
1397 3721 1520 3784 beatam
1532 3722 1628 3785 vitam

64 3816 243 3900 dins,inquit,
257 3818 355 3880 homo
367 3817 464 3878 faetus
474 3822 550 3893 erat,
564 3820 600 3875 ut
613 3832 671 3875 nec
684 3814 811 3876 immor·
859 3813 1043 3874 toleraturos
1058 3811 1151 3874 luisse
1169 3818 1313 3892 parentes
1331 3812 1458 3894 primos,
1483 3815 1541 3875 nisi
1556 3832 1626 3893 peo-

64 3909 116 3970 ulia
129 3918 201 3973 emet
218 3909 361 3980 omnino,
385 3927 487 3991 neque
511 3926 637 3990 prorsus
658 3908 808 3987 mortalis,
859 3910 990 3981 cassant,
1019 3904 1228 3984 quorumdam
1254 3903 1353 3967 femur
1379 3905 1506 3985 opini03
1538 3912 1569 3968 et
1590 3924 1627 3969 eo

63 4001 103 4061 ud
117 4003 272 4065 amborum
301 4009 429 4085 capax‘.
452 4023 468 4060 a
493 4000 612 4081 Nempe
624 4000 665 4060 de
678 4000 809 4060 immor·
860 3998 989 4079 quidem
1002 3994 1510 4075 mirabilis,quodadtamelaram
1525 3998 1628 4080 Serip-

64 4092 159 4157 talilate
171 4098 305 4177 perlecta
315 4092 505 4174 loquitur,et
516 4091 616 4172 qualis
630 4096 699 4172 post
710 4110 812 4153 resur·
859 4096 940 4153 ture
969 4107 1079 4150 vocem
1116 4086 1313 4149 obsurduisse
1348 4088 1511 4151 doctorum
1540 4109 1631 4153 aures

64 4186 206 4249 unionem
215 4193 263 4248 est
272 4185 530 4247 luturaltledium
542 4183 687 4245 eumdem
696 4187 811 4245 statum
859 4181 1199 4260 incredibilemque
1225 4178 1364 4241 alimenti
1377 4181 1491 4260 partim
1504 4182 1629 4245 illorum

65 4274 183 4341 tubanus
208 4276 402 4341 'toletanas⁸
422 4276 472 4338 his
506 4274 608 4336 verbis
642 4274 675 4336 in
709 4274 811 4353 primo
860 4274 931 4335 usui
951 4272 1103 4354 permissi,
1131 4271 1244 4353 partim
1265 4272 1395 4353 exeepti,
1415 4274 1630 4357 interdictique

67 4365 257 4451 maurum,
278 4370 378 4452 capite
391 4368 482 4431 tertio
495 4367 539 4429 ita
552 4366 705 4429 declarat:
720 4367 814 4428 aPri-
861 4365 1014 4429 meminit.
1027 4364 1108 4440 Quid
1120 4370 1225 4425 autem
1239 4363 1325 4425 aliud
1338 4365 1432 4429 verbs
1444 4367 1502 4429 ista
1515 4369 1630 4448 signifi·

67 4474 119 4521 nus
129 4463 218 4525 homo
229 4482 266 4526 ea
277 4468 399 4525 natmae
413 4460 559 4543 qualitate
573 4464 694 4523 creatus
707 4463 763 4538 est,
777 4466 813 4520 ut
861 4464 947 4521 eant:
956 4458 1035 4521 Eece
1044 4454 1112 4518 dedi
1122 4456 1199 4519 uobis
1209 4474 1323 4518 omnem
1333 4456 1452 4521 terbum
1465 4460 1631 4543 alleremem

68 4548 282 4617 immortalitatis
295 4562 327 4616 et
340 4552 536 4617 mortalitatis
548 4570 646 4632 capax
658 4551 762 4629 fieret;
777 4557 813 4614 ut
860 4568 954 4612 umen
979 4567 1068 4627 super
1088 4556 1210 4622 terram,
1237 4553 1265 4611 et
1292 4549 1630 4635 universitatemque

69 4658 111 4703 uec
131 4647 169 4708 sia
194 4645 378 4709 immortalis
398 4645 501 4723 luerit,
520 4662 589 4723 nec,
605 4643 725 4705 etiamsi
737 4661 812 4725 pec·
861 4640 969 4705 lrabent
987 4642 1017 4702 in
1030 4639 1210 4725 semeptipsis
1229 4648 1382 4703 sementem
1393 4644 1505 4724 qeneru
1524 4646 1583 4719 sui,
1599 4653 1632 4707 ut

69 4743 141 4815 uret,
158 4740 237 4801 mori
256 4757 322 4800 non
339 4743 452 4819 posset,
469 4755 527 4798 nee
542 4736 587 4796 ita
599 4734 749 4813 mortalis,
764 4740 811 4812 ut,
861 4734 922 4796 sint
936 4732 1015 4794 uobis
1031 4733 1061 4793 in
1075 4730 1376 4794 ercammarum:
1391 4734 1446 4796 Er
1457 4738 1539 4797 omni
1553 4736 1633 4818 liprro

96 4914 223 4974 ultan.
236 4915 312 4987 apud
324 4916 450 4973 Damaso.
466 4930 525 4986 pur.
541 4915 549 4969 l
567 4912 688 4986 ἐκλογῶν,
702 4909 745 4971 tit.
763 4910 812 4968 ΙΙΙ.
864 4910 950 4980 θνητὸν
964 4908 1003 4981 ἦν,
1018 4910 1059 4965 aul
1077 4909 1196 4979 asiptis,
1211 4908 1263 4983 iniq
1283 4909 1537 4985 sempeternum
1552 4915 1633 4986 διεφυ-

70 4988 130 5048 'tm
143 4997 181 5069 m
194 4998 314 5072 eque
326 4999 397 5070 uara
413 4998 499 5067 aava
511 4997 526 5050 t
540 4997 675 5069 auena,
686 4995 729 5049 ra
745 4990 775 5062 st
790 4990 814 5056 re
863 4996 977 5061 aenea,
992 4994 1036 5048 aar
1045 4993 1143 5055 eane.

71 5073 306 5154 ὖώωσγεγονώς·
320 5082 395 5136 salu
408 5080 452 5150 ritu
467 5082 525 5153 ephe
538 5082 581 5135 τὸν
595 5081 656 5133 ὄντα
669 5079 815 5151 ὁμοιότητα,
901 5079 1057 5137 clusura.
1083 5076 1167 5140 Miro<
1188 5076 1236 5150 γὰρ
1256 5076 1271 5131 ὁ
1292 5076 1417 5149 ἄνθρωπος
1438 5076 1553 5151 ἐγεγόνει,
1577 5078 1633 5134 altr

71 5159 264 5235 hisatium
276 5166 318 5220 ut
331 5165 443 5239 τῆςπρδς
455 5166 508 5223 tabu
518 5165 636 5231 inmota,
650 5163 772 5235 limitasse
785 5164 815 5215 du
865 5163 952 5233 tripede
970 5160 1122 5233 ὁλοσχιρῶς,
1137 5158 1193 5215 οὔτε
1207 5159 1326 5223 ummo<
1339 5161 1369 5213 τὸ
1388 5161 1510 5229 amotos,
1526 5162 1633 5223 &amate

72 5240 107 5307 vu
118 5248 173 5299 mi
184 5249 251 5320 aaut
265 5249 367 5321 mam,
381 5249 424 5302 aa
437 5248 521 5321 taeta
536 5248 666 5320 tuipsa.

101 5326 116 5381 b
130 5327 205 5387 bruc.
218 5347 314 5403 opusc.
338 5349 382 5388 ιι.
407 5329 454 5395 Ὧς
469 5332 499 5386 τὸ
513 5336 556 5385 τοῦ
574 5329 653 5402 ‘step
663 5334 738 5401 σῶμα
748 5327 817 5400 φύσει

866 5245 893 5300 tl
906 5244 1036 5316 metipsos.
1051 5243 1128 5311 Quod
1139 5250 1168 5301 et
1181 5258 1244 5315 pag.
1253 5258 1329 5315 seqq.
1345 5245 1453 5314 repetit.

99 5477 173 5528 Ulu-
180 5494 209 5529 tu
219 5485 242 5531 lu
253 5497 288 5542 ep.
296 5486 327 5531 ud
335 5486 396 5533 Nun.
407 5507 435 5520 -·
445 5484 460 5529 2
472 5487 527 5541 Aug.
540 5483 564 5528 lu
575 5484 638 5530 erat,
649 5493 753 5527 uultu·-
764 5479 850 5525 llum.
864 5477 892 5523 tx
903 5478 958 5525 aut
970 5480 1060 5525 eata-
1071 5477 1084 5522 i
1095 5478 1148 5524 (ἔω.
1163 5486 1181 5531 t,
1193 5475 1227 5521 tu.
