4096 6166
726 406 846 467 LIBER
867 405 985 482 UNUS,
1008 406 1094 468 GAP.
1116 408 1202 469 VIII.
1690 410 1752 471 uttt

163 571 284 633 tionem
298 570 384 633 illem
411 569 573 651 resipiens,
592 572 707 652 quippo
729 571 784 651 qui
805 573 936 633 stillum
986 579 1049 650 tur,
1064 572 1291 635 mnseetsrium
1300 573 1379 635 illud
1392 573 1657 637 existitinesdem
1669 577 1752 657 epis·

165 663 299 743 ebjisere
311 668 412 743 potest
422 682 435 740 ;
453 680 555 742 neque
569 667 676 724 temen
688 664 755 724 sine
769 664 867 742 gretie
881 663 937 724 Dei
985 665 1050 725 tole
1072 665 1245 744 subjeetum
1263 666 1348 728 bisse
1373 666 1499 727 verbis:
1527 688 1543 725 u
1561 669 1640 729 Hine
1663 669 1752 730 doee-
1806 698 1897 745 ww„

166 772 294 818 morere
307 774 339 818 se
354 755 557 835 adjustitiam
578 774 683 817 eorum
698 756 752 817 illo
766 756 863 817 libere
881 773 936 816 suu
986 774 1076 830 mur,
1113 757 1246 835 gratiam
1287 757 1454 818 salvatoris
1497 759 1574 820 dues
1613 760 1754 822 obtinere
1792 748 1907 850 {w

166 847 327 909 voluntate
349 849 461 928 possit3
487 868 503 905 n
534 849 619 925 hoee,
646 848 790 928 inquam,
816 848 866 909 rel
890 847 939 908 his
985 847 1205 927 Insepurubiles
1246 849 1449 928 proprietates
1483 868 1491 911 ι
1534 851 1676 927 alterum,
1719 859 1755 913 ut
1816 858 1883 903 num.

168 940 296 1019 gemine
329 945 360 1002 et
386 940 493 1002 affinia
520 958 592 1001 eum
619 958 638 1001 u
667 940 759 1001 nobis
785 940 936 1015 audiunt,
987 940 1161 1001 necessaris
1173 941 1237 1001 sit:
1261 940 1402 1016 silerum,
1417 946 1454 1002 nt
1467 943 1506 1001 sit
1519 941 1639 1003 efficax.
1655 945 1754 1006 Porro

169 1029 349 1094 contineant
388 1032 529 1113 imperite
561 1032 747 1093 muledIcum
786 1032 937 1112 lingum,
988 1050 1050 1111 qus
1064 1032 1235 1093 necessaris
1249 1037 1305 1107 est,
1330 1033 1357 1094 si
1377 1052 1413 1094 es
1430 1040 1544 1111 carent,
1564 1053 1629 1095 non
1653 1037 1756 1097 solum

169 1142 271 1204 neque
297 1141 357 1187 nos
383 1124 467 1205 npu'd
492 1124 651 1206 plausores
675 1140 767 1201 snos,
798 1124 940 1186 homiues
986 1123 1252 1199 homonontuoit,
1269 1125 1322 1186 sed
1335 1126 1540 1188 etinmlueere
1557 1146 1622 1188 nun
1635 1133 1755 1208 potest;

169 1215 320 1293 indootos,
346 1222 377 1279 st
405 1217 556 1295 garrulos,
576 1216 627 1277 vel
653 1216 859 1293 mulierculas,
882 1233 939 1294 pro
987 1221 1141 1296 quatenus
1154 1235 1228 1278 vero
1237 1215 1758 1295 esteifiesx,oumesmhsbet,non

134 1365 138 1370 .
168 1307 356 1388 Pelagium,
386 1308 677 1389 SemIpelegIsnisve
703 1308 863 1371 trudueere
886 1327 940 1370 nu·
987 1308 1090 1370 solum
1117 1315 1218 1389 potest
1243 1309 1353 1385 lesere,
1378 1311 1433 1372 sed
1454 1311 1582 1373 omnino
1597 1313 1703 1388 etism,
1722 1333 1759 1376 ne

169 1400 275 1463 dsunt.
987 1406 1071 1462 serlo
1086 1401 1192 1462 feeit.»

210 1496 310 1571 Agere
330 1490 414 1555 enim
439 1492 575 1573 proiecto
602 1492 719 1573 aliquid
745 1492 938 1555 voluntatem
1028 1494 1101 1555 Ilaee
1112 1499 1185 1554 sunt
1197 1494 1318 1568 iisdem,
1342 1494 1455 1574 quihus
1470 1495 1575 1574 priore
1593 1495 1658 1573 ills,
1676 1497 1759 1559 vitiis

168 1584 307 1647 hominis
319 1585 462 1661 liberem,
478 1574 624 1664 tangente
638 1604 691 1648 oor
713 1586 797 1647 illius
818 1588 891 1656 Deo,
908 1592 939 1647 et
987 1603 1024 1646 so
1056 1585 1200 1647 sordibus
1219 1585 1342 1647 inleetn.
1374 1588 1513 1647 Gratiam
1547 1606 1673 1649 omnem
1699 1590 1759 1652 hoo

169 1676 323 1753 assentiri,
339 1677 372 1738 id
385 1677 489 1758 ipsum
502 1683 558 1751 est,
570 1677 939 1757 qnoddetenninuresrsd
987 1678 1113 1751 habere,
1130 1683 1166 1738 ut
1179 1684 1210 1740 et
1223 1678 1394 1739 necessaris
1406 1680 1458 1753 sit,
1474 1686 1505 1740 et
1518 1679 1636 1755 efficax,
1661 1680 1692 1741 id
1713 1687 1760 1743 est

168 1768 211 1842 id,
226 1769 310 1850 quod
316 1769 531 1849 lneerepotest,
543 1775 938 1850 suppetente,uopraesente
986 1769 1131 1844 efficiens,
1147 1775 1179 1831 et
1192 1788 1319 1847 compos
1334 1771 1445 1851 operis,
1471 1790 1573 1852 neque
1592 1774 1759 1836 Cutlroliose

168 1861 324 1941 adjutorio
337 1862 456 1942 grstiae.
472 1880 543 1941 quse
556 1867 602 1923 est
621 1861 780 1939 luminosa,
792 1869 824 1924 et
834 1862 939 1925 urdene
988 1862 1061 1925 fidei
1075 1868 1131 1940 est,
1145 1881 1203 1925 neo
1220 1863 1287 1942 eius
1303 1863 1480 1944 interpretis
1498 1865 1664 1944 Augustini
1682 1867 1758 1928 doe-

167 1953 221 2015 ills
231 1971 313 2016 seno.
331 1953 464 2034 Spiritus
472 1953 643 2034 inspiratio.
659 1957 760 2034 Agere
774 1961 939 2024 autumes
988 1957 1088 2031 trins3
1104 1957 1157 2018 sed
1168 1956 1291 2017 msouln
1305 1961 1362 2032 est,
1373 1963 1405 2017 et
1416 1957 1544 2030 nunties,
1564 1976 1625 2036 qus
1645 1976 1759 2020 senum

168 2065 205 2107 eo
219 2046 353 2127 probant
365 2046 538 2107 Tridentini
553 2048 671 2124 Petrus,
689 2046 762 2126 quie
774 2053 806 2109 et
814 2047 939 2130 objicere
987 2048 1153 2128 ceteroqui
1166 2064 1279 2128 eorpus
1292 2048 1496 2128 adspergitur,
1508 2059 1544 2109 ut
1556 2048 1590 2108 in
1607 2049 1758 2130 elephan-

168 2137 452 2219 illnmpolest;quae
466 2156 537 2200 eum
551 2139 668 2213 dieunt,
683 2139 935 2218 hoesignificunt,
988 2140 1075 2202 tineis
1095 2138 1216 2201 neoidit.
1238 2141 1302 2201 Hae
1331 2141 1417 2201 enirn
1440 2140 1644 2202 similitudine
1664 2142 1759 2222 leprae

168 2232 288 2304 eodem,
305 2250 367 2311 quo
380 2231 475 2292 humo
489 2231 527 2292 de
541 2231 760 2292 consentiendo
775 2231 936 2309 deliberet,
987 2232 1165 2295 haeretieenr
1177 2232 1358 2293 adumbrari
1366 2232 1470 2293 lehem
1479 2233 1759 2314 elegnuterAugus-

166 2328 321 2403 tempore,
346 2323 507 2403 utriusque
530 2323 670 2392 liberem,
698 2328 730 2385 et
756 2322 936 2386 indifferen-
988 2324 1073 2385 tinus
1081 2325 1164 2386 idem
1175 2321 1335 2385 testetur¹.

167 2420 231 2477 tem
257 2414 374 2477 hebere
400 2420 603 2496 potestatem,
637 2433 735 2494 euque
761 2415 796 2476 in
821 2416 936 2477 alteru-
1027 2417 1144 2478 Effienx
1170 2418 1277 2478 Latine
1302 2415 1489 2495 proprieque
1521 2415 1644 2491 dicitur,
1672 2418 1757 2496 quod

165 2512 248 2568 trum
276 2513 397 2588 purtem
423 2509 469 2569 uti
494 2527 551 2589 pro
571 2507 700 2569 arbitrio
721 2525 832 2588 posse,
853 2507 937 2587 quod
987 2508 1216 2570 efficiendivim
1233 2507 1338 2581 hebet,
1355 2514 1400 2581 ut,
1417 2508 1442 2568 si
1457 2507 1599 2569 effectum
1621 2508 1708 2584 desit,
1725 2509 1757 2569 id

167 2617 243 2661 sune
256 2600 430 2680 copulative
443 2600 608 2681 particule,
624 2606 664 2675 el,
680 2599 934 2673 ibidemonstrst,
986 2600 1368 2680 nonoulpsejusereniut,
1385 2599 1438 2660 sed
1448 2600 1757 2680 externnmeliqusm

166 2710 240 2753 eum
253 2692 307 2769 ait,
321 2693 431 2775 quippe
453 2692 548 2774 quiet
567 2691 657 2754 illam
684 2690 812 2769 objicere
829 2697 933 2770 potest.
986 2697 1017 2753 et
1030 2691 1231 2753 adventitium
1249 2691 1289 2751 ob
1312 2709 1448 2767 rausum,
1468 2709 1538 2770 quse
1552 2710 1656 2769 operse
1673 2692 1757 2753 fruo-

166 2786 212 2846 lle
241 2803 303 2865 quo
328 2803 392 2846 non
419 2785 519 2845 multo
549 2788 618 2863 post
644 2782 772 2844 uberius
798 2783 935 2862 disputu·
985 2790 1066 2858 tum,
1081 2791 1112 2846 et
1130 2785 1248 2847 exitum
1269 2783 1436 2864 intercipit.
1460 2785 1526 2845 Hos
1543 2785 1636 2845 modo
1657 2785 1756 2863 grstia

165 2876 281 2937 bimus.
984 2885 1032 2939 est
1045 2878 1146 2938 omnis
1155 2876 1263 2937 efficax
1275 2877 1368 2937 etium
1378 2876 1440 2952 ills,
1453 2894 1523 2954 quse
1531 2876 1643 2937 effectu
1653 2883 1753 2952 oeret;

985 2968 1248 3050 quemadmodum
1267 2967 1347 3043 ignis
1364 2972 1411 3027 est
1429 2967 1531 3027 omnis
1544 2968 1584 3027 sd
1598 2970 1756 3029 urendum

983 3067 1096 3123 nature
1110 3078 1167 3121 sue
1179 3060 1296 3132 velens,
1308 3064 1339 3119 et
1348 3058 1497 3133 idoneus;
1520 3077 1576 3120 nec
1588 3065 1695 3120 nmen
1708 3060 1752 3133 id,

362 3163 391 3246 C
400 3162 564 3245 APUT
604 3163 726 3247 vm·
983 3154 1067 3234 quod
1077 3158 1187 3232 potest,
1201 3151 1438 3230 effleitseruper.
1454 3152 1755 3233 Verum,utefficun

982 3248 1082 3326 gratis
1093 3264 1150 3326 pro
1160 3244 1307 3325 efficiente
1319 3249 1473 3319 sumatur,
1489 3245 1679 3305 inveteratus
1686 3245 1754 3323 jam

982 3338 1098 3400 ususiu
1112 3336 1366 3399 soholisobtinuit
1377 3356 1385 3411 3
1398 3354 1494 3415 quern
1507 3337 1636 3416 epistole
1649 3342 1754 3398 secuto

164 3438 317 3521 Epistoloe
341 3435 449 3521 pavis,
477 3444 505 3499 et
522 3435 680 3499 lroeretieus
710 3456 796 3499 error
820 3441 936 3498 enculi—
982 3431 1112 3497 nullum,
1125 3427 1185 3489 nisi
1198 3427 1301 3505 reipsa
1309 3427 1494 3490 efficientem
1506 3429 1607 3508 operis
1620 3427 1755 3490 affirmat

207 3540 270 3609 tur,
285 3528 403 3592 nullam
423 3544 481 3591 esse
507 3527 622 3589 Christi
638 3529 779 3609 pretium,
799 3529 858 3589 nisi
868 3527 935 3608 etpi-
983 3540 1048 3583 esse
1057 3520 1188 3600 gretiam
1198 3520 1332 3579 Christo.

205 3642 320 3696 curent,
352 3620 384 3683 id
421 3629 462 3683 est
489 3628 584 3702 operis
610 3619 800 3701 efficientem.
840 3619 934 3702 Cujus
1024 3615 1062 3673 In
1075 3630 1149 3692 quo,
1165 3617 1201 3671 ut
1215 3610 1431 3690 suffragatores
1445 3612 1538 3673 habet
1552 3619 1753 3675 omnestem·
1779 3657 1827 3702 ,m
1852 3657 1926 3704 mh

205 3716 427 3799 firnnnrnenturn
441 3713 592 3775 evertitur.
613 3712 751 3793 Apostoli
768 3713 847 3774 locus
866 3730 935 3793 per·-
983 3705 1067 3786 poris
1080 3704 1174 3782 hujus
1196 3704 1366 3776 hornotinus,
1389 3704 1526 3765 maxime
1549 3704 1752 3777 calvinianos,
1789 3709 1865 3810 ppt·
1878 3718 1912 3809 ep

203 3827 308 3889 peram
322 3803 554 3868 ueromrnodutns
567 3802 604 3865 nl
625 3803 754 3884 epistolis
767 3804 934 3883 sorpto-ru:
984 3798 1068 3878 quod
1101 3814 1140 3858 ex
1173 3796 1248 3856 netis
1282 3796 1526 3856 Dordreehthnni
1559 3796 1755 3856 eoueIIIebuli
1779 3825 1813 3862 sn
1827 3775 1926 3862 {iiim

206 3900 292 3982 eujus
304 3895 501 3960 intolerabilis
522 3895 719 3958 hallucinatio
738 3894 865 3957 indidem
884 3894 934 3956 de·
983 3894 1111 3963 nomint,
1142 3888 1182 3948 sd
1209 3887 1294 3965 quod
1320 3904 1359 3946 ex
1384 3886 1529 3946 omuibus
1550 3887 1639 3948 istius
1663 3894 1754 3949 seotae
1787 3882 1915 3917 ΜΝ*

207 3999 294 4067 testu,
316 4010 352 4052 es
370 4008 430 4071 qno
453 3993 597 4071 sepuitur,
620 3988 694 4050 solos
714 3986 935 4070 predestinatos
985 3978 1206 4042 conventiculis
1229 3977 1385 4056 synodice
1413 3979 1513 4040 missso
1546 3978 1616 4040 fidei
1641 3980 1713 4059 prof
1743 4014 1755 4025 -

206 4079 297 4160 ulfini
307 4078 408 4160 pratia
421 4075 546 4139 Christi.
983 4075 1087 4134 stenes
1099 4072 1133 4132 in
1144 4070 1223 4130 illud
1235 4070 1350 4147 dogma
1363 4071 1562 4149 conspirent:
1583 4071 1627 4131 sie
1641 4072 1754 4132 sdver-

985 4165 1094 4240 ssrios,
1117 4161 1305 4241 Infestosque
1324 4162 1416 4222 sentit
1438 4162 1611 4223 Tridentini
1635 4163 1754 4224 oonsilii

208 4262 295 4326 Utin
312 4261 409 4345 putri,
430 4281 467 4325 uo
487 4258 614 4324 minoen
637 4259 782 4337 muueris,
803 4258 832 4321 si
855 4258 936 4321 mule
986 4259 1094 4318 Pstres
1119 4273 1185 4316 non
1207 4254 1323 4327 miuus,
1345 4272 1441 4333 mem
1460 4255 1678 4333 Augustinum,
1703 4255 1756 4316 eui

164 4352 337 4416 herentem
349 4372 388 4416 ex
400 4355 465 4415 ime
482 4361 568 4435 perte
578 4353 714 4433 lapidem
734 4352 856 4427 evellas,
871 4357 938 4413 tots
985 4348 1062 4409 lulso
1084 4346 1253 4409 teterrimus
1270 4345 1330 4406 hoe
1350 4363 1509 4406 venenum
1527 4346 1684 4425 opinionis
1700 4347 1755 4407 nd·

168 4445 277 4524 meles,
301 4452 332 4508 et
357 4447 518 4527 congeries
535 4452 663 4528 repente
680 4444 843 4506 subruitur
856 4465 866 4521 3
881 4445 935 4520 sie,
984 4439 1100 4502 scribit.

169 4538 305 4600 detrecto
319 4539 530 4619 subductoque
543 4538 687 4618 dogmate
701 4536 857 4618 illo,quod
867 4536 939 4597 urri-
1026 4532 1123 4595 Mults
1134 4530 1174 4592 de
1184 4531 1244 4593 hoo
1255 4536 1439 4609 argumento
1448 4530 1509 4592 diei
1520 4535 1671 4611 poterunt,
1688 4550 1758 4612 pro

171 4637 260 4691 tutem
281 4629 532 4712 fundamentalem
560 4630 688 4711 epistole
722 4631 882 4705 nominat,
908 4633 940 4690 et
985 4645 1048 4707 que
1062 4625 1234 4704 Augustius
1250 4629 1358 4685 eontra
1374 4631 1490 4685 temere
1513 4624 1662 4695 inustam,
1681 4625 1758 4685 tenti

171 4722 205 4782 in
231 4722 380 4802 superiori
404 4722 560 4785 confirmo
581 4722 691 4804 eapite,
716 4721 837 4801 relique
856 4720 939 4781 illius
987 4717 1121 4780 doctoris
1134 4717 1255 4777 nomini
1266 4716 1393 4777 heresis
1405 4717 1496 4778 istius
1511 4717 1682 4777 inlsmism.
1695 4716 1758 4777 Sed

171 4812 330 4893 doctrinis,
350 4832 420 4897 quus
443 4814 654 4896 superingesto
672 4818 757 4891 sunt,
777 4812 877 4890 nullo,
889 4810 940 4873 rel
989 4811 1115 4872 ulterius
1140 4809 1194 4871 ills
1218 4814 1293 4871 sunt
1316 4806 1396 4885 loei3
1423 4828 1510 4871 nunu
1537 4828 1574 4870 ee
1607 4809 1759 4869 duntnnt

169 4906 302 4969 minimo
316 4912 423 4970 nostro
447 4912 570 4985 sonutu,
598 4924 679 4987 pene
700 4912 806 4985 suopte
831 4908 941 4985 sponte
988 4903 1144 4983 insequor,
1172 4901 1335 4982 qusestylo
1356 4907 1462 4962 nostro
1487 4900 1693 4980 subjiciuntur
1717 4915 1759 4962 ex

172 5004 332 5062 orreum.
988 4994 1128 5075 epistole.

212 5092 259 5153 Ex
272 5090 327 5153 illo
340 5089 505 5175 principio,
525 5090 609 5172 quod
626 5088 666 5151 ab
684 5088 828 5170 Epistulae
845 5088 941 5170 serip-
1033 5084 1250 5147 Eillosoltntsm
1271 5084 1404 5164 mdes,
1437 5085 1497 5145 hoe
1515 5089 1564 5145 est
1576 5089 1760 5166 perpetuum

171 5187 239 5249 tore
247 5184 385 5266 postium
399 5184 540 5265 proxime
553 5188 624 5245 ente
637 5180 817 5259 refellimus,
830 5200 892 5261 qno
902 5180 943 5242 ab
991 5196 1063 5241 eum
1076 5183 1226 5260 potestate
1239 5178 1437 5257 oonjunetsm
1449 5176 1656 5249 efficientiam,
1664 5195 1761 5257 quum

173 5275 273 5354 grstia
284 5274 485 5338 determinari
499 5276 805 5353 voluntatem,nous
818 5291 851 5334 se
865 5271 945 5354 pori-
991 5276 1104 5333 rooont
1116 5269 1273 5345 nrtunlsm,
1290 5287 1329 5331 ex
1346 5269 1475 5330 loannis
1491 5269 1558 5331 loeo
1578 5269 1630 5330 illo
1650 5270 1761 5331 eontiei

173 5366 309 5448 teripss,
332 5386 371 5430 ex
383 5368 520 5448 Iprensis
538 5366 678 5448 magistri
693 5365 815 5448 placitis
833 5364 943 5428 usseri-
992 5363 1118 5445 putut⁸t
1136 5362 1248 5439 Omnis,
1259 5360 1314 5442 qui
1325 5359 1586 5431 nsdiuitnPutre,
1598 5369 1627 5422 et
1639 5360 1759 5441 didicit,

203 5570 214 5615 l
229 5568 288 5624 tur.
300 5569 348 5615 tu
364 5575 439 5625 ronst.
454 5573 519 5617 Bne.
530 5568 610 5615 rtet
620 5569 684 5615 nnn.
699 5579 721 5620 r,
