4096 6166
304 282 368 353 632
744 281 795 344 DE
814 282 949 347 PELAG.
971 282 1022 347 ET
1042 281 1268 351 snutrane.
1290 285 1457 362 HAERESL

304 449 471 511 tribuisset.
493 450 594 524 Quare
612 451 657 512 its
676 466 744 512 rem
757 466 822 511 esse
838 420 1076 530 temperandam
1127 450 1206 513 Vide
1219 450 1359 530 eiusdem
1369 449 1489 513 librum
1501 448 1732 532 Responderunt
1743 448 1785 511 od
1802 446 1911 530 Capi-

305 541 439 619 aiebaut,
455 548 490 603 ut
516 560 557 603 ne
583 542 740 622 utrimque
756 542 890 604 nimium
909 542 1072 604 excedere·
1126 542 1192 604 tulo
1207 541 1372 618 Gallorum,
1388 530 1562 623 objectione
1572 548 1694 622 quarta.

304 639 357 695 tur
368 655 377 711 ;
399 635 484 715 quod
510 634 568 695 hac
589 653 622 696 sc
645 635 766 696 ratione
783 634 980 697 confidebant
996 652 1074 697 asse·
1165 636 1331 700 Tertium:
1352 635 1441 709 Quod
1462 634 1529 696 aliis
1548 633 1673 715 populis
1692 632 1913 712 Evangelium
1959 639 2025 715 ruse

305 727 371 805 qui,
398 744 494 806 quam
519 745 559 788 ex
592 727 728 806 epistolis
761 727 882 790 duabus
908 727 1016 789 Hilarii
1044 733 1076 790 et
1127 727 1357 807 predaretur,
1383 727 1437 788 alii
1466 745 1540 788 vero
1571 725 1911 806 praetermitterentur,
1967 702 2025 749 ’Μ

306 818 448 898 Prospari
470 818 653 897 colligimus,
681 836 752 899 quaa
790 825 862 881 aute
893 820 1009 881 librum
1040 819 1075 881 de
1125 836 1250 880 eausam
1263 838 1329 881 essa
1342 819 1487 881 dicebant
1507 818 1718 899 prescientiam
1730 818 1800 894 Dei,
1815 817 1914 897 quod

308 908 572 973 Prodestiaotione
582 909 759 974 Sanctorum
769 913 853 992 apud
865 913 1075 992 augustinum
1125 911 1195 972 illos
1208 913 1377 973 credituros
1391 930 1467 987 esse,
1481 911 1557 972 istos
1569 928 1643 971 sero
1653 928 1716 972 uon
1732 928 1802 970 esse
1825 927 1915 989 prm-

306 1001 463 1081 legimtur.
1124 1002 1247 1064 viderit.
1262 1004 1364 1066 Refert
1375 1005 1435 1066 hoc
1447 1005 1577 1082 Prosper
1586 1002 1696 1064 eodem
1706 1002 1763 1063 illo
1773 999 1914 1063 libreria

348 1094 386 1156 ΙΙ.
415 1095 569 1173 Originala
601 1102 762 1178 peccatum
787 1116 807 1157 a
828 1096 930 1178 primo
948 1100 1077 1177 parente
1125 1094 1271 1176 ingratis,
1287 1104 1318 1158 et
1331 1097 1364 1157 in
1377 1094 1696 1177 epistolaadriugust.
1712 1093 1750 1155 de
1764 1093 1914 1176 reliquiis

226 1249 232 1262 ,
307 1203 449 1249 manasse
470 1189 504 1250 in
528 1195 667 1269 posteros
686 1189 881 1265 asserebant3
901 1191 1011 1251 neceb
1026 1208 1074 1267 eo,
1126 1186 1297 1268 Pelopidae
1306 1189 1448 1251 Heresis.
1906 1230 1911 1235 -

307 1279 411 1365 ullove
423 1280 484 1341 alio
495 1300 584 1362 possa
600 1300 657 1343 nos
671 1282 744 1342 solis
757 1282 877 1342 arbitrii
892 1283 990 1343 nostri
1002 1283 1076 1343 viri-
1169 1280 1283 1354 Quarto
1303 1282 1342 1343 de
1361 1280 1641 1361 predestinatione,
1661 1281 1727 1341 siva
1746 1279 1914 1342 electione

308 1370 367 1431 bus
380 1373 523 1434 extricari
534 1393 542 1449 ;
557 1375 611 1436 sad
624 1375 756 1453 gratiam
769 1374 881 1435 adhoc
895 1374 1078 1435 Christicssa
1128 1373 1169 1433 ad
1182 1372 1326 1452 gloriam,
1341 1378 1451 1435 contra
1463 1379 1557 1453 atque
1570 1373 1776 1452 Augustinus,
1792 1372 1914 1434 santis·

309 1465 524 1543 necessariam,
548 1466 591 1526 ila
617 1472 734 1541 tamen,
758 1470 794 1526 ut
809 1466 934 1527 initium
954 1466 1079 1545 aliquod
1129 1464 1205 1525 bant
1217 1486 1224 1526 :
1236 1467 1336 1527 Deum
1350 1484 1459 1527 omnes
1480 1483 1595 1545 cupere
1609 1466 1708 1526 salvos
1721 1463 1805 1539 fieri,
1821 1470 1858 1525 et
1869 1465 1914 1525 ad

304 1556 443 1634 justitias,
468 1576 504 1618 ac
524 1558 631 1619 salutis
659 1564 737 1619 asset
758 1577 777 1618 a
801 1558 905 1633 nobis;
928 1558 1078 1619 nimirum
1129 1558 1260 1621 sautem
1291 1559 1435 1635 invitare,
1467 1562 1575 1638 suapte
1612 1576 1705 1638 porro
1740 1557 1912 1619 voluntate
1990 1630 1999 1645 ·

307 1647 394 1723 fides,
412 1654 443 1710 et
455 1649 598 1711 voluntas
606 1651 762 1730 quaepiam
772 1651 879 1712 salutis
889 1650 1077 1725 obtinendae,
1128 1651 1252 1711 vocanti
1277 1651 1353 1711 alios
1379 1651 1609 1731 obtemperare,
1637 1650 1713 1711 alios
1741 1668 1911 1730 respuere.

308 1759 379 1819 quae
393 1742 534 1802 nondum
546 1742 613 1822 ipsa
627 1743 719 1816 salus,
736 1750 791 1803 aut
806 1743 926 1823 justitia
940 1744 999 1804 dici
1013 1761 1078 1805 me·
1130 1743 1210 1803 Item
1219 1742 1320 1803 axilla
1330 1742 1785 1822 praesensione,quavocationi
1796 1742 1910 1818 fidam,

308 1838 438 1900 reretur.
448 1836 712 1914 quemadmodum
722 1835 890 1896 curationis
903 1836 1079 1897 obtinenda
1130 1839 1162 1896 et
1174 1835 1357 1914 obsequium
1369 1836 1656 1896 accommodaturos
1669 1852 1737 1895 esse
1748 1835 1912 1914 quosdam

308 1927 452 1988 voluntas
465 1946 529 1987 non
545 1927 833 1989 estauratio.P0rro
848 1947 886 1989 ex
899 1928 981 1989 illius
994 1927 1078 2001 fidei,
1130 1928 1283 2006 praescivit
1300 1929 1392 2003 Deus,
1416 1946 1469 1988 aos
1493 1926 1658 2006 delegisse;
1687 1944 1767 2006 quos
1800 1932 1912 1988 susem

308 2016 549 2098 voluntatisque·
562 2021 674 2080 merito
702 2019 880 2098 promoveri
906 2020 946 2081 ad
970 2020 1080 2081 Christi
1131 2025 1378 2098 perseveraturos
1398 2037 1463 2079 non
1486 2037 1552 2079 esse
1573 2018 1686 2079 viderit
1707 2018 1910 2097 reprobasse.

308 2109 451 2187 gratiam,
466 2111 764 2189 acjustificationcm
785 2112 908 2173 aiebant
921 2112 1078 2188 hominas;
1132 2111 1248 2171 Idcirco
1282 2129 1347 2172 non
1374 2129 1439 2172 essa
1460 2111 1752 2191 predestinatorum
1786 2115 1911 2172 cerum

309 2200 472 2263 undebaec
490 2202 616 2264 illorum
630 2220 692 2263 vox
716 2209 782 2264 erat
798 2224 805 2263 :
822 2204 922 2265 Meum
946 2212 986 2264 cst
1009 2202 1081 2265 uelle
1130 2221 1299 2264 numerum
1321 2203 1519 2287 asserebant3
1545 2202 1629 2283 quod
1649 2220 1688 2262 ex
1709 2203 1861 2282 Prosperi
1879 2208 1912 2264 et

309 2291 437 2368 credere3
458 2292 516 2355 Dei
540 2301 638 2355 cutam
665 2295 773 2375 gratioe
801 2302 840 2357 est
866 2293 1022 2375 ady’uaore
1045 2302 1081 2357 ut
1131 2295 1238 2355 Hilarii
1252 2295 1389 2375 epistolis
1402 2295 1436 2356 in
1449 2300 1536 2357 trad.
1550 2292 1586 2356 de
1600 2292 1747 2357 Prordert.
1764 2295 1912 2357 demons-

310 2384 414 2445 scribit
441 2386 548 2446 Petrus
575 2387 726 2448 Diaconus
753 2388 793 2448 ad
822 2386 1019 2467 Fulgentium
1046 2389 1081 2449 in
1130 2387 1290 2448 travimus.

309 2475 389 2538 libro
402 2475 437 2537 de
450 2476 574 2539 Iocum.
590 2496 658 2558 cap.
674 2496 707 2539 vr
723 2485 764 2549 et,
780 2480 957 2559 quodidam
975 2481 1078 2557 refert,
1171 2480 1226 2540 lV.
1248 2478 1362 2553 Quint)
1389 2479 1509 2540 nullam
1530 2478 1719 2558 peculiarem
1748 2477 1910 2539 electionis
1976 2520 1982 2529 ·

310 2586 350 2629 ex
372 2587 421 2645 eo,
446 2570 531 2648 quod
556 2572 637 2631 Deus
660 2571 728 2632 vult
753 2590 862 2632 omnes
884 2573 983 2633 salvos
1000 2571 1079 2647 fieri,
1131 2588 1197 2632 asse
1210 2571 1322 2633 divinae
1335 2571 1466 2650 gratiam
1480 2571 1643 2650 putabant,
1659 2587 1758 2650 quam
1770 2576 1911 2632 tantum·

311 2659 508 2738 colligebant,
530 2678 597 2722 nou
617 2662 657 2723 ab
670 2662 724 2724 illo
739 2664 865 2724 excitari
886 2664 1082 2726 vuluntatem
1132 2663 1225 2723 modo
1258 2662 1349 2724 certa
1376 2663 1556 2724 hominibus
1583 2662 1763 2741 indulgeret
1804 2663 1907 2738 Deus;

309 2752 493 2830 humanam,
520 2755 575 2815 scd
599 2755 764 2834 expectari,
790 2761 826 2816 ut
842 2774 969 2834 equum
991 2757 1081 2818 sitin
1131 2772 1242 2816 verum
1255 2753 1740 2835 quicquidproedestiuatisabillo
1754 2754 1909 2816 donatum

310 2846 486 2907 volentibus
510 2847 686 2926 praemium,
716 2848 751 2908 iu
774 2847 953 2910 nolentibus
976 2857 1082 2911 aulem
1131 2846 1234 2923 fuerit,
1247 2848 1279 2909 id
1293 2864 1381 2926 posse
1394 2853 1425 2909 et
1435 2847 1599 2909 admittere
1612 2847 1704 2927 ipsos,
1720 2851 1755 2907 et
1773 2848 1909 2908 retinere

308 2936 392 3016 justa
405 2938 574 3001 damnatio.
591 2939 689 3019 lgitur
709 2940 847 3020 primum
866 2940 1080 3003 illumrolun·
1131 2941 1258 3020 propria
1274 2940 1443 3002 voluntate.
1471 2940 1561 3014 Quod
1593 2939 1632 3000 de
1664 2941 1907 3019 perseverantias

311 3030 382 3091 tatis
413 3029 576 3108 impetum,
605 3049 667 3110 quo
708 3032 748 3092 ad
775 3032 906 3094 salutem
933 3035 1079 3111 curritur,
1132 3033 1215 3094 dono
1248 3032 1391 3095 similiter
1415 3031 1632 3107 affirmabant3
1667 3032 1728 3092 hoe
1764 3031 1853 3093 enim
1873 3033 1908 3093 iu

312 3139 533 3201 emensumque
567 3122 655 3199 fidei,
692 3124 884 3186 naturalibus
915 3125 1082 3187 voluntatis
1132 3129 1282 3205 potestate
1296 3142 1363 3186 esse
1385 3125 1545 3205 cnjusque,
1566 3128 1602 3184 ut
1621 3124 1647 3184 si
1659 3123 1747 3199 velit,
1763 3140 1907 3202 perseve-

311 3213 459 3276 humanaa
472 3214 592 3276 viribus
605 3215 1083 3298 adscribebant;quiprimus‚ac
1133 3221 1192 3293 ret,
1213 3234 1271 3277 nec
1292 3215 1353 3276 tale
1376 3216 1460 3277 istud
1482 3233 1558 3290 esse,
1585 3215 1676 3293 quale
1698 3214 1908 3276 constituebat

312 3307 487 3387 precipuus
499 3307 626 3369 illorum
637 3325 725 3368 error
736 3309 861 3373 exstitit.
1133 3309 1326 3388 Augustinus
1351 3308 1431 3369 libro
1458 3305 1494 3368 de
1523 3306 1716 3388 correptiore
1738 3314 1769 3366 et
1795 3307 1906 3387 pratu.

354 3400 409 3460 111.
426 3400 616 3475 Alterum‚et
628 3401 800 3461 seeundum
813 3402 968 3482 opinionis
977 3409 1080 3483 ceput,
1134 3419 1202 3480 cap.
1223 3417 1254 3462 ru
1280 3407 1312 3462 et
1329 3417 1383 3478 ιιι,
1408 3417 1474 3461 non
1489 3400 1591 3460 solum
1612 3404 1649 3459 ut
1670 3398 1738 3459 sine
1750 3399 1812 3460 isto
1826 3399 1910 3460 dono

313 3492 565 3570 gratiamChristi
578 3498 740 3573 suppetere
750 3494 896 3556 omnihus
904 3496 1082 3558 asserebant
1134 3498 1364 3573 perseverantes
1398 3509 1463 3554 asse
1497 3508 1563 3551 non
1596 3496 1745 3569 possunt,
1783 3509 1910 3553 verum-

314 3589 346 3645 et
360 3583 399 3644 ad
413 3585 812 3662 seseomnesiuvitarc,sed
826 3606 1082 3669 unumquemque
1134 3585 1228 3647 adam
1253 3591 1289 3647 ut
1323 3602 1377 3665 per
1410 3585 1470 3646 hoc
1496 3585 1615 3647 donum
1649 3583 1776 3644 nonnisi
1810 3602 1910 3663 perse

313 3675 440 3760 proprio
460 3675 587 3737 arbitrio
611 3677 732 3737 vocanti
742 3696 862 3757 parere,
884 3681 977 3742 velse
991 3681 1031 3742 ab
1045 3699 1082 3743 ea
1133 3685 1275 3740 verantes
1298 3678 1371 3752 sint,
1405 3678 1466 3738 hoc
1495 3682 1558 3751 est,
1593 3681 1630 3736 ut
1657 3681 1740 3736 certo
1753 3694 1909 3767 ‘persera-

314 3768 481 3831 retrahere.
501 3769 595 3830 Docet
611 3767 671 3828 hoc
685 3768 818 3849 Prosper
830 3770 909 3831 libro
926 3770 962 3833 de
973 3772 1080 3854 qura-
1134 3771 1233 3832 raturi
1260 3771 1334 3848 sint,
1363 3787 1467 3849 neque
1494 3784 1560 3830 non
1588 3767 1817 3848 perseveraturi
1835 3769 1907 3830 sint.

315 3861 365 3937 tis,
389 3861 443 3921 ubi
467 3879 506 3923 ex
530 3858 851 3940 Semipalagianorum
878 3882 1012 3944 persona
1038 3866 1085 3929 ita
1136 3864 1182 3925 lta
1204 3861 1343 3923 Hilarius
1364 3862 1399 3923 iu
1420 3860 1562 3941 epistola.
1585 3859 1767 3941 Prosperin
1780 3858 1910 3923 libussie

313 3953 462 4034 loquitur.
1135 3954 1279 4036 lacrmis.

320 4140 466 4218 «Gratia,
497 4158 560 4221 qua
587 4140 698 4205 Christi
719 4143 853 4225 populus
876 4162 994 4215 sumus,
1026 4114 1104 4208 hoc'
1140 4141 1252 4202 «Esse
1285 4145 1390 4202 autem
1420 4137 1537 4200 edoctit
1569 4136 1662 4199 itiam
1697 4140 1910 4203 communiter

316 4327 429 4390 Limite
442 4327 624 4404 nobiscum
637 4328 815 4391 etformam
827 4238 1087 4393 hancfflelbnirtiltii
1135 4326 1325 4388 Libertatem
1353 4227 1908 4404 animumanimumum

1019 4424 1086 4503 [illu
1819 4413 1901 4498 [tum

319 4513 361 4577 Ut
374 4518 503 4575 cunctos
516 4518 604 4574 vocet
616 4513 671 4574 illa
683 4512 822 4593 quidem,
835 4514 1015 4595 invitetque,
1030 4535 1088 4578 nec
1137 4509 1330 4572 Persistendo
1344 4513 1470 4589 queant,
1487 4507 1594 4584 finem,
1608 4505 1814 4588 effectumque
1827 4509 1907 4588 peti·
2024 4544 2025 4589 q

319 4698 512 4776 Praeterieus,
527 4695 648 4759 studeat
668 4715 867 4761 communem
878 4609 1090 4764 adferrffiffi
1137 4696 1235 4757 Dante
1259 4696 1333 4769 Deo,
1355 4691 1474 4772 ingenii
1492 4692 1549 4772 qui
1569 4708 1733 4771 nunquam
1753 4597 1910 4866 defigit}

1014 4797 1089 4872 [tem
1798 4803 1820 4845 n

320 4882 485 4961 Omnibus,
506 4887 656 4945 attatum
673 4888 797 4963 peccato
816 4883 974 4947 absolvere
995 4903 1087 4947 mun·
1140 4881 1200 4943 Sed
1215 4880 1288 4961 quia
1301 4878 1456 4941 nonidem
1468 4883 1515 4940 est
1529 4876 1908 4955 cmcusvigor,etva1ta·
2024 4890 2025 4957 ζ

1001 4978 1088 5040 dum.
1823 4964 1909 5050 [rum

321 5068 381 5130 Sed
408 5069 533 5149 proprio
560 5086 715 5149 quamque
745 5068 873 5130 arbitrio
908 4975 1016 5151 parcis
1033 5090 1088 5133 vo·
1140 5066 1295 5128 lllecebris
1314 5081 1421 5127 rerum
1436 5063 1570 5124 trahitur
1593 5061 1729 5141 dispersa
1750 5060 1905 5135 voluutas,

983 5161 1087 5246 [canti
1140 5161 1255 5242 Sponte
1269 5158 1389 5239 aliquos
1401 5156 1483 5218 vitiis
1496 5154 1706 5231 succumbere,
1721 5154 1775 5234 qui
1789 5154 1908 5234 potuis·

320 5253 503 5333 Judiaioqua
516 5271 584 5329 suo,
598 5259 683 5314 mota
695 5271 728 5315 se
746 5254 911 5316 extendere
925 5264 1029 5317 mente
1178 5303 1180 5307 ,
1826 5248 1908 5324 [seut

321 5344 369 5407 Ad
390 5345 492 5408 lucam
514 5344 661 5423 oblatam,
690 5364 760 5427 qua
784 5364 816 5408 se
843 5365 907 5409 non
928 5348 1089 5410 sinuabat
1140 5349 1164 5408 Α
1191 5346 1280 5426 lapsu
1313 5358 1459 5406 revocare
1493 5339 1603 5421 padam
1631 5339 1816 5419 stabilesque
1838 5355 1907 5398 ma·

990 5439 1046 5519 illl.
1067 5467 1082 5496 a
1768 5432 1867 5509 [nere.
1887 5450 1903 5487 1
2024 5514 2025 5517 ¹
