3984 6176
369 388 419 451 DE
438 384 600 452 orlucto
621 378 695 452 SEX
722 378 893 467 DIERUM,
915 388 985 453 LIB.
1010 384 1036 464 I,
1063 389 1147 452 clu.
1169 391 1206 453 V.

46 558 95 635 ipse
105 554 156 615 sub
166 553 242 615 idem
253 556 503 636 remunerante
515 556 653 637 primum
665 572 775 636 puren-

45 654 101 719 ten,
114 664 145 708 oc
154 644 207 708 sub
215 662 319 707 rerum
331 647 493 709 exordium
506 648 666 711 exstiterit.
682 648 773 726 Num,

46 740 122 801 niits
140 739 185 813 sit,
198 756 259 798 nou
273 743 364 800 emnt
383 738 476 801 umbo
494 740 575 801 inter
595 758 627 802 se
647 740 774 803 slmiles.
1072 772 1101 854 C
1115 773 1267 855 APUT
1294 775 1331 857 V

47 830 100 891 linc
118 844 227 891 summo
249 830 475 910 disputationis,
497 832 560 895 hoc
580 831 731 893 inuictum
745 839 776 893 et
1338 836 1347 855 '

46 921 223 1003 inexplicabile
231 930 461 1001 argumentum,
476 925 559 1004 quod
567 943 685 986 novum
696 924 774 986 illud

46 1014 434 1091 coumeutigenusextorsit.
451 1018 522 1092 Sed,
537 1017 623 1078 utde
636 1016 774 1097 Apostoll
919 1080 924 1094 ,
1104 1080 1110 1092 ,

45 1107 124 1166 urbis
140 1105 204 1185 ipsis
221 1111 251 1166 et
268 1108 427 1168 communi
450 1126 486 1171 cc
506 1106 644 1188 perfacili
665 1122 775 1170 coruum
824 1078 869 1141 ⁰²
888 1080 1005 1141 dmm
1026 1094 1077 1141 ἐἴ
1097 1079 1268 1150 mimum
1289 1099 1346 1162 quo
1366 1080 1441 1143 'mm
1452 1083 1591 1147 mmm

46 1196 262 1278 immone
277 1199 358 1260 nihil
377 1200 429 1261 hic
446 1201 557 1275 dioem'
572 1201 646 1281 quid
665 1210 704 1263 ex
717 1200 774 1262 pm
865 1173 943 1233 Deus
968 1170 1129 1233 elaborasse
1145 1171 1267 1245 dictur,
1291 1192 1332 1234 ou
1350 1193 1452 1236 revere
1469 1175 1593 1238 ilit'dc‘es

46 1290 240 1351 ratiocinatione
273 1298 447 1370 sequetur,
482 1294 617 1355 attende.
658 1293 775 1355 Licebit
862 1264 1031 1368 ‘ms-‘mm
1045 1263 1380 1368 lemmpl'fmb
1403 1268 1590 1350 mmm&

46 1382 108 1442 enin
118 1382 244 1443 similiter
256 1384 452 1461 concludere,
470 1383 725 1446 Melchisedecum
736 1404 775 1446 ex
863 1373 915 1437 Ψ
931 1355 1180 1460 mmmmm
1197 1367 1591 1464 ‘’m''fai’rmmfll’lmms

46 1474 111 1533 omni
120 1474 279 1536 eternitate
298 1474 404 1551 fuisse,
420 1478 484 1537 imo
504 1478 602 1539 licum
615 1494 725 1538 verum
739 1495 775 1537 nc
863 1465 952 1529 ‘W‘
972 1447 1137 1553 ffsdhfu'·
1170 1447 1355 1553 &ptumi
1385 1450 1597 1518 Ecmlmiffif

47 1563 85 1624 llei
101 1563 204 1639 lilium,
224 1573 261 1627 ut
282 1583 342 1647 per
364 1569 468 1629 omnic
491 1586 565 1630 vero
589 1567 775 1629 assimiletur
864 1538 954 1617 'mr
965 1560 1016 1623 lm
1026 1558 1161 1603 “mm
1175 1540 1267 1602 ”mul
1280 1546 1379 1604 Μία
1392 1547 1525 1607 tellam·

47 1658 87 1716 lici
103 1656 175 1718 lilio.
197 1658 278 1719 Nihil
300 1660 397 1721 etium
416 1666 481 1720 tum
501 1659 647 1721 dissimile
667 1664 723 1737 est,
749 1660 775 1720 si

46 1760 156 1808 ustorum
180 1750 276 1830 ipsum
298 1758 429 1832 spectes,
457 1770 551 1832 quum
575 1758 727 1813 ueternum
741 1752 774 1812 in
865 1748 888 1810 l.
912 1748 945 1809 Si
965 1749 999 1809 in
1018 1748 1155 1828 legendis
1173 1749 1413 1832 enumcndisque
1427 1748 1594 1831 Scripturis

46 1846 151 1919 lenpmc
168 1841 247 1919 lucii,
272 1844 414 1924 corporis
433 1862 542 1924 expers
557 1843 774 1924 qualicumque
824 1841 923 1920 magis
944 1841 1135 1921 intelligendi
1166 1843 1353 1923 simplicitas,
1382 1861 1476 1924 quom
1506 1847 1593 1903 acute

46 1948 141 2010 coptus
161 1933 293 2012 proditi,
324 1935 530 2013 immensum,
556 1935 771 2014 omnipotens,
823 1934 994 2012 excogitato
1006 1935 1097 2011 cutio,
1119 1934 1258 1997 humanu
1280 1933 1445 1997 delectaret
1457 1934 1592 2014 ingenia,

46 2023 179 2093 binium,
200 2025 276 2100 loco,
303 2028 461 2107 potentio,
488 2028 606 2088 coeteris
630 2025 775 2088 omuibus
822 2025 930 2086 nullus
943 2025 1017 2087 huic
1029 2027 1193 2106 quaestioni
1205 2045 1307 2108 neque
1318 2042 1402 2090 nunc
1411 2027 1593 2104 essetlocus,

45 2114 141 2176 definiti.
151 2117 185 2178 lit
197 2118 289 2196 igitur
304 2116 385 2179 Filio
396 2120 462 2197 Dei,
475 2118 538 2196 Dei,
555 2120 694 2199 ‘nquam
709 2137 774 2179 non
823 2128 880 2178 nec
890 2118 965 2179 clim
979 2119 1062 2198 apud
1071 2119 1216 2197 antiquos
1229 2121 1402 2183 exstitisset,
1415 2119 1549 2194 Etenim,
1568 2117 1594 2179 si

45 2206 147 2268 luminis
167 2208 237 2270 lilio
263 2228 325 2290 per
353 2210 459 2272 omnic
491 2211 516 2272 si
552 2211 581 2225 '⁶
623 2211 774 2271 habentur
823 2210 917 2272 Musis
927 2211 1147 2279 narrationem,
1158 2211 1379 2274 etilliusverbc
1388 2216 1453 2294 ipsc
1464 2216 1592 2292 spectes,

46 2298 212 2375 tetmsodcc,
227 2301 316 2362 hunc
340 2319 405 2363 esse
420 2305 517 2363 Deum
530 2320 652 2363 necesse
675 2304 732 2378 est,
749 2302 773 2362 si
823 2309 957 2364 nonest
982 2302 1124 2379 dubium,
1148 2305 1224 2384 quin
1259 2322 1311 2366 sex
1341 2305 1462 2366 dierum
1495 2302 1594 2384 spatio

47 2391 106 2466 quoi
122 2410 240 2454 acumen
254 2400 301 2454 est
319 2394 354 2454 in
368 2394 422 2455 illu
434 2394 629 2467 collectione,
653 2404 723 2473 qum
736 2411 775 2455 ex
824 2412 928 2474 opero,
949 2413 1019 2475 quae
1041 2395 1104 2457 iilic
1119 2396 1323 2474 explicentur,
1341 2399 1448 2458 omniu
1461 2395 1593 2476 perfectu

46 2481 144 2559 pmcn
177 2486 340 2565 utriusque
381 2485 581 2548 similitudine
620 2485 774 2548 celestem
824 2486 1276 2568 sint;siq11idemsingillctim,
1295 2495 1388 2568 utque
1406 2487 1514 2548 ordine
1533 2505 1593 2547 uu·

47 2574 214 2655 nescioquem
230 2578 372 2658 mrporis
392 2579 544 2656 hobitum,
560 2597 595 2641 uc
613 2582 727 2639 ctutum
741 2579 774 2638 in
824 2585 995 2656 merentur,
1022 2582 1090 2640 tum
1116 2580 1191 2659 quid
1219 2580 1252 2640 in
1280 2596 1469 2660 unoquoque
1494 2580 1595 2660 operis

47 2670 145 2746 utroque
152 2670 276 2731 coniicit.
823 2670 968 2733 effectum
989 2672 1038 2749 sit,
1056 2671 1220 2751 diligenter
1239 2673 1417 2751 exponitur.
1436 2670 1496 2733 Sed
1509 2689 1594 2732 com-

73 2757 205 2822 lerumde
217 2762 349 2823 somniis
357 2761 435 2837 istis,
449 2767 480 2823 et
494 2759 533 2822 ed
546 2762 776 2823 stolidissimum
824 2764 929 2844 plures
950 2780 1016 2825 non
1035 2766 1089 2840 ite,
1118 2770 1155 2824 ut
1174 2782 1239 2845 prae
1261 2784 1292 2827 sc
1313 2763 1593 2839 historicistcfert,

47 2848 152 2910 hucin
174 2852 340 2933 implicetis
363 2854 467 2932 nugis,
497 2852 567 2933 plus
587 2855 669 2915 sutis.
696 2854 775 2914 Nom
826 2858 930 2916 creatu
942 2855 1050 2917 diebus
1064 2872 1129 2934 sex,
1145 2861 1176 2918 ct
1188 2856 1340 2938 perpolite
1357 2854 1594 2933 cunctandicu-

47 2940 300 3020 dloquircmudum
315 2950 373 3021 est,
392 2964 473 3021 unc,
492 2946 577 3025 quod
591 2946 776 3027 niteyriuns
824 2953 916 3023 runt;
946 2948 999 3009 secl
1029 2946 1119 3009 eiitcr
1142 2948 1261 3022 referri,
1286 2964 1382 3028 quam
1396 2963 1504 3007 revera
1516 2944 1594 3005 luctu

47 3030 236 3113 tlettudriuus,
251 3039 402 3098 adversus
412 3044 477 3098 tum
490 3037 611 3118 frigido,
632 3042 663 3099 et
672 3037 776 3118 inepta
825 3040 897 3116 sint,
911 3054 946 3100 cc
955 3044 1114 3100 momento
1129 3041 1274 3101 universa
1287 3045 1318 3101 et
1331 3037 1424 3099 simul
1433 3036 1591 3099 exstitisse.

46 3122 321 3208 dupumepluribus,
342 3129 482 3208 ejusdem
494 3130 533 3189 sit
543 3129 704 3209 imperitiae
717 3129 775 3190 sibi
825 3132 900 3206 Quae
919 3132 1023 3212 opinio
1044 3131 1159 3193 multos
1179 3138 1210 3193 et
1233 3131 1377 3212 antiquus
1400 3128 1494 3191 hebet
1522 3146 1595 3190 cuc-

48 3221 123 3275 uotsn
144 3221 334 3297 consciscere,
365 3237 427 3300 qne
460 3238 616 3301 nugarum
637 3224 777 3283 unctores
824 3230 918 3285 tores.

47 3303 142 3369 immun
161 3310 363 3388 lahomor-,n
385 3334 401 3369 u
423 3313 529 3389 Porro,
545 3330 617 3374 cum
630 3312 727 3373 inuiis
737 3314 778 3373 sit
866 3315 953 3378 Philo
975 3315 1102 3376 ludaeus
1126 3316 1160 3376 in
1176 3315 1255 3376 libro
1275 3314 1317 3377 De
1336 3312 1438 3374 mundi
1455 3310 1591 3395 opificio,
1648 3351 1737 3394 „„„,

48 3397 520 3483 dtummdmtitiumresponsio,
534 3410 570 3465 ut
583 3408 665 3465 recte
674 3404 778 3466 scribit
826 3408 883 3470 etsi
902 3420 1020 3488 septem
1046 3405 1114 3467 illos
1147 3406 1213 3467 dies
1239 3405 1419 3485 singillatim
1447 3404 1591 3484 explicet,
1617 3410 1759 3499 musque

48 3487 465 3569 lllcsim',emendutiotumcn
472 3496 602 3557 difficilis
611 3496 778 3558 stultorum
826 3504 931 3582 postca
944 3506 1049 3560 tumen
1063 3498 1188 3577 indicet,
1203 3499 1268 3559 dics
1283 3496 1351 3559 illos
1368 3498 1467 3577 magis
1478 3497 1518 3557 ed
1531 3496 1593 3558 dis-
1652 3468 1726 3554 ullu

49 3586 138 3660 utpn
151 3588 401 3667 quamprimum
421 3593 452 3649 et
467 3588 545 3648 ratio
565 3587 777 3665 intelligentius
825 3593 1035 3671 tinguendum
1055 3591 1196 3653 ordinem
1217 3606 1334 3667 rerum,
1356 3588 1594 3671 quamodrem
1617 3563 1764 3660 ”dfflffi

49 3678 238 3756 conqueritur,
253 3686 287 3739 ct
302 3678 446 3759 deinceps
455 3680 495 3740 cb
504 3679 695 3759 intelligente
708 3679 778 3741 inti·
826 3683 987 3746 intervallo
1007 3684 1178 3763 pertinere:
1208 3705 1223 3742 c
1246 3684 1343 3756 Tunc,
1358 3682 1471 3763 inquit,
1489 3682 1594 3743 omniu
1617 3669 1765 3767 “ww''
1975 3648 1977 3755 1

50 3770 107 3825 Μ
116 3785 170 3829 Μ
180 3772 343 3851 cupitur.»
827 3776 920 3838 simul
929 3780 1002 3837 sunt
1015 3778 1147 3838 conditu.
1171 3777 1252 3837 Cum
1266 3781 1371 3837 cirtem
1385 3774 1478 3836 simul
1488 3775 1594 3835 omnia
1975 3780 1977 3883 1

827 3873 1013 3937 constarent,
1035 3868 1206 3929 necessarie
1228 3866 1287 3928 fuit
1299 3867 1378 3928 cutio
1392 3864 1534 3927 servandi
1547 3883 1596 3927 or·
1975 3892 1977 3931 c

827 3958 918 4032 dinis,
943 3961 1071 4038 propter
1084 3961 1237 4032 mutuom,
1255 3974 1325 4035 qum
1337 3955 1480 4034 deinceps
1490 3953 1595 4015 ficturo
1974 3936 1977 4017 1

827 4050 903 4124 erut,
926 4067 962 4110 ex
983 4064 1048 4109 sese
1069 4047 1324 4128 propagationem
1332 4046 1356 4108 ⁶.
1377 4066 1392 4105 n
1411 4047 1517 4126 ltaque
1530 4061 1594 4105 nou
1975 4020 1977 4129 1

826 4142 926 4220 rcipsu
949 4139 1058 4201 diebus
1079 4157 1132 4200 sex
1149 4144 1308 4220 procreato
1327 4140 1415 4218 putet
1436 4136 1593 4212 universa,
1974 4146 1977 4217 1

827 4234 881 4295 scd
895 4233 1003 4295 codem
1028 4237 1143 4312 puncto
1164 4231 1333 4311 temporis3
1348 4246 1419 4310 quse
1435 4233 1542 4290 temen
1562 4230 1595 4290 in
1975 4228 1977 4331 1

826 4324 983 4384 senorium
992 4322 1104 4402 pertita
1111 4338 1291 4392 numerum,
1306 4337 1371 4380 non
1385 4323 1449 4379 tam
1460 4319 1595 4398 produc·
1976 4334 1978 4367 ι

826 4415 930 4491 tionis,
946 4432 1041 4495 σιισιιι
1056 4417 1177 4474 neturus
1190 4412 1299 4474 ordine
1305 4410 1491 4473 referuntur.
1509 4411 1596 4473 Idem
1976 4412 1977 4443 ³

826 4508 915 4569 initio
942 4506 1036 4587 primi
1060 4504 1131 4566 libri
1155 4503 1393 4586 Allcporc'orcm:
1420 4502 1597 4565 «Stultum

826 4601 884 4671 est,
894 4595 1008 4675 inquit,
1023 4592 1177 4667 urbitrmi,
1193 4610 1246 4654 sex
1261 4593 1382 4669 diebus,
1398 4598 1455 4654 cut
1467 4594 1596 4653 omnino

827 4688 860 4748 in
886 4693 1026 4766 tempore
1049 4686 1203 4747 mundum
1230 4685 1397 4761 exstitisse3
1433 4690 1597 4765 propterea

827 4780 910 4859 quod
924 4779 1060 4840 muudus
1076 4779 1240 4839 universus
1257 4778 1454 4838 intervalium
1467 4782 1514 4838 est
1526 4777 1595 4838 dic-

827 4886 898 4932 rum
908 4878 938 4931 et
947 4871 1097 4931 noctium.
1108 4870 1209 4951 Atque
1215 4870 1282 4931 brec
1295 4869 1366 4930 solis
1380 4887 1472 4949 supro
1480 4875 1596 4930 terrum

78 5115 270 5191 conceptu.
284 5116 326 5175 ud
341 5114 441 5172 Valer.
460 5113 588 5178 itttmq
601 5115 667 5170 com
680 5116 782 5191 ψνχροῖς
828 5119 909 5172 πάντα
921 5115 1062 5169 συνίστατο.
1073 5114 1253 5186 συνισταμένων
1269 5115 1292 5166 δ’
1308 5113 1490 5185 ipsissimum,
1503 5111 1519 5181 ip
1533 5109 1598 5174 τάξις

54 5191 152 5268 Μίτυν
176 5204 216 5255 itt
237 5199 424 5264 ιλιιόνωνῐσι,
448 5200 577 5272 τύχαισιν
597 5200 781 5272 ωναμαθαίνιιν
831 5199 956 5272 ἀναγκαίῳ
973 5199 1043 5270 λόγῳ
1056 5197 1224 5270 ὓπεργόφστο,
1245 5195 1286 5250 διὰ
1304 5195 1348 5264 τὴν
1363 5194 1480 5267 ἐσομένην
1496 5189 1598 5256 citici}

56 5272 221 5343 ἱ’ῖῑΐνῖιῖιεΐνσ
234 5285 428 5357 κσφλυαρηιόσι.
831 5283 945 5352 ἀλλήλων
958 5283 1061 5354 γένεσιν.

80 5360 173 5421 tenu
188 5367 237 5424 lib.
259 5367 296 5424 cie
314 5365 422 5424 Mundi
442 5365 520 5439 opis.
539 5366 601 5419 Τότε
616 5363 659 5438 μὲν
674 5360 716 5419 obe
731 5367 783 5440 ipa

74 5510 288 5565 tulliam.
