3932 6172
299 338 359 400 292
805 333 1131 397 Tflssolbulconlttt
1151 333 1366 399 DOGMATUM

300 501 346 563 illi
369 519 447 581 esse,
466 502 684 582 quodcumque
709 498 883 581 placuisset,
905 515 977 560 eum
990 517 1070 559 non·
1119 505 1233 580 erepat,
1245 505 1383 579 quamet
1397 496 1861 579 Aristoteles,aegentiles1eliqui

301 593 362 655 nisi
374 612 475 655 unum
490 595 610 675 placere
622 597 735 673 posset.
756 593 808 653 Est
825 590 921 668 igitur
941 589 1070 672 apertis·
1119 592 1293 673 philosophi
1318 611 1357 653 ex
1374 599 1495 653 naturae
1509 590 1646 654 iouhbus
1659 590 1862 667 hauseruntet

299 688 376 747 aimo
401 685 493 748 liberi
515 684 635 748 arbitrii
652 683 811 765 expressio,
832 682 924 744 idest
936 688 1069 757 naturae,
1119 683 1279 745 christiani
1296 684 1433 764 theologi
1454 689 1525 745 tum
1545 683 1652 745 iisdem
1676 700 1716 743 ex
1734 680 1859 757 fontibus,

301 796 338 839 ac
363 778 507 857 genuinae
533 776 730 858 proprietatis
754 775 840 836 illius
864 773 1017 849 definitio,
1037 771 1071 833 iu
1119 780 1187 837 tum
1200 793 1237 837 ex
1252 781 1378 838 auctore
1392 781 1523 851 naturae,
1539 775 1599 837 hoc
1617 780 1664 836 est
1682 775 1755 850 Deo,
1773 779 1802 834 et
1810 774 1862 853 ejus

301 869 508 944 indifferente,
543 887 579 931 ae
609 867 796 930 necessitatis
829 871 955 946 experte
987 867 1070 925 statu
1118 866 1153 928 in
1176 866 1342 948 Scriptusis
1361 867 1509 948 loquente
1537 865 1666 948 Spiritu,
1695 883 1730 927 ac
1755 865 1863 928 dooeute

300 962 468 1023 voluntatis
494 960 604 1042 posita,
633 966 669 1021 ut
694 959 887 1039 Augustinus
906 962 1069 1031 asseverat,
1118 966 1328 1039 sumpserunt.

300 1059 410 1116 contra
429 1071 525 1134 quam
542 1071 581 1114 ex
597 1051 707 1115 eodem
726 1051 898 1131 Augustino
914 1049 1072 1111 rrffirmam
1160 1051 1197 1112 X.
1213 1051 1346 1113 Accedat
1366 1050 1407 1112 ad
1431 1050 1660 1131 Scriptumum
1673 1049 1863 1111 auctoritatem

299 1144 362 1207 isti.
1118 1142 1212 1222 hujus
1224 1142 1376 1223 interpres
1389 1143 1531 1204 Ecclesiae
1544 1140 1708 1202 Catholicoe
1719 1158 1864 1202 eonoensus

340 1237 397 1298 IX.
412 1239 455 1298 Ex
471 1237 529 1299 hac
546 1254 621 1298 vero
641 1234 827 1316 apertissimo
846 1231 935 1295 liberi
946 1231 1073 1295 arbitrii
1117 1234 1152 1294 in
1165 1234 1486 1315 Tridentinasynodo,
1500 1253 1572 1314 quae
1581 1232 1740 1294 manifeste
1751 1238 1863 1313 potesta·

300 1329 480 1411 esprenrbne
487 1330 526 1391 de
535 1327 653 1391 caeteris
662 1327 830 1408 Scripturae
839 1325 913 1386 loeis
917 1324 1071 1404 judicium
1118 1331 1183 1388 tem
1196 1326 1282 1387 illam
1295 1327 1463 1388 rolimtatis
1476 1326 1607 1389 liberam
1615 1326 1659 1387 sio
1672 1325 1817 1404 intelligit,
1826 1332 1863 1400 nt,

299 1422 369 1483 lieri
383 1421 483 1498 debet,
499 1439 570 1501 quae
584 1421 727 1500 deinceps
737 1418 929 1495 Augustinus
937 1416 1072 1497 plurima
1119 1435 1191 1479 oum
1205 1420 1380 1497 assentitur,
1394 1419 1454 1480 hoo
1476 1425 1523 1480 est
1540 1418 1607 1480 vult
1625 1434 1726 1480 unum
1738 1436 1775 1479 ex
1785 1437 1865 1498 oppo-

299 1519 460 1594 percenset
467 1533 476 1589 ;
500 1514 535 1573 in
557 1512 670 1592 quibus
693 1530 758 1572 non
778 1516 844 1571 tam
871 1526 1024 1589 expressa,
1044 1508 1071 1569 si
1119 1510 1195 1581 sitis,
1212 1511 1321 1573 eodem
1334 1516 1486 1589 tempore,
1502 1510 1581 1571 siita
1592 1510 1713 1584 liberet,
1726 1510 1865 1571 dissentire

298 1605 395 1667 verba
414 1611 543 1687 spectes,
565 1605 646 1666 inest
670 1601 854 1683 significatio
876 1601 1009 1662 duarum
1031 1599 1071 1661 ad
1120 1608 1233 1681 posset,
1261 1609 1292 1666 et
1311 1604 1444 1672 aterum
1463 1603 1588 1682 eligere.
1611 1603 1691 1663 Nam
1705 1601 1738 1663 in
1753 1602 1865 1673 sessim

299 1696 477 1777 eligendum
499 1696 701 1776 objectarum,
722 1693 1008 1777 conuenarumque
1021 1709 1071 1753 re·
1120 1699 1217 1769 sexta,
1233 1695 1332 1775 capite
1353 1712 1374 1757 v
1392 1695 1562 1772 declarans,
1582 1694 1739 1773 quomodo
1751 1694 1866 1756 sehabet

298 1806 382 1867 rum,
405 1790 459 1851 sed
481 1789 578 1850 altera
600 1789 763 1861 duntaxat,
782 1785 832 1847 vel
845 1784 1069 1864 amplectenda,
1120 1786 1262 1849 voluntas
1270 1787 1416 1863 hominis,
1433 1788 1541 1867 utique
1550 1786 1649 1849 libere
1662 1786 1770 1868 gratie
1781 1804 1864 1868 coepe

299 1880 351 1941 rel
361 1880 556 1961 repudianda
568 1879 765 1961 proponitur.
782 1879 824 1939 Ut
834 1882 908 1938 sunt
920 1877 974 1938 illa
986 1876 1068 1952 loca,
1120 1888 1220 1956 ratur,
1236 1880 1280 1941 ait
1293 1880 1383 1941 illum
1400 1902 1416 1939 o
1430 1880 1532 1941 eidem
1547 1879 1656 1959 gratm
1675 1878 1769 1940 libere
1781 1896 1864 1939 aueo·

299 1970 333 2032 in
347 1973 461 2051 qsribus
478 1972 614 2034 comnia
632 1970 778 2032 mandata
798 1988 855 2030 sua
868 1968 1025 2046 custodiri,
1040 1971 1072 2028 et
1120 1969 1236 2048 tiendo,
1249 1976 1280 2032 et
1294 1972 1488 2052 cooperando
1495 1970 1618 2051 disponi
1626 1971 1681 2047 ita,
1690 1975 1866 2049 ut,tangente

299 2062 583 2142 fierijubetlleus3
606 2083 622 2121 r>
643 2067 698 2123 aut
718 2062 787 2139 iste,
801 2060 973 2140 inquibus,
988 2059 1069 2136 Noli,
1120 2063 1184 2124 Deo
1198 2081 1251 2124 cor
1263 2063 1401 2125 hominis
1413 2081 1469 2143 per
1483 2062 1613 2144 Spiritus
1622 2063 1722 2124 sancti
1735 2062 1866 2123 illumina
1944 2104 1945 2107 κ

299 2154 413 2234 inquit,
437 2156 509 2231 hoc,
529 2155 644 2216 illudve
666 2154 778 2216 iacere.
802 2152 938 2214 Tametsi
955 2152 1069 2243 inple·
1120 2154 1249 2228 tionem,
1264 2173 1365 2235 neque
1379 2156 1474 2217 homo
1491 2155 1557 2235 ipse
1573 2155 1657 2217 nihil
1674 2155 1795 2217 omnino
1810 2158 1867 2235 agat

298 2247 403 2326 risque
427 2247 489 2308 duo
509 2247 564 2325 ibi,
587 2245 643 2307 ubi
662 2246 775 2326 scripta
793 2244 1001 2321 eontinentur,
1017 2262 1071 2306 ex·
1120 2246 1355 2326 inspirationem
1387 2247 1473 2309 illam
1502 2247 1667 2328 recipiens,
1699 2248 1805 2328 quippe
1823 2246 1866 2327 qui

298 2357 404 2418 pressa
423 2344 516 2415 sunt;
541 2358 559 2401 e
580 2338 693 2418 quihus
710 2337 844 2398 alterum
862 2341 985 2398 tantum
999 2335 1071 2398 bre·
1122 2338 1207 2399 illam
1231 2346 1262 2402 et
1283 2339 1414 2419 abjicere
1436 2345 1546 2420 potest,
1571 2358 1675 2420 neque
1699 2349 1798 2402 tamen
1813 2338 1866 2401 sine

297 2430 400 2493 vitatis
432 2448 525 2493 causa
557 2430 692 2508 sumpsit
724 2427 915 2510 Augustinus
949 2428 983 2489 in
1009 2446 1071 2507 quo
1121 2431 1220 2508 gratia
1232 2431 1288 2493 Dei
1302 2449 1428 2494 movere
1449 2450 1482 2494 se
1505 2432 1707 2512 adjustitiam
1720 2450 1815 2494 eoram
1824 2430 1866 2491 illo

298 2521 429 2601 nolendi,
455 2528 511 2584 aut
532 2520 651 2584 coludi
671 2539 789 2583 nomen
808 2521 951 2583 occurrit.
979 2520 1073 2581 Velut
1121 2522 1219 2584 libera
1232 2541 1288 2584 sua
1301 2523 1462 2586 voluntate
1475 2524 1610 2604 possit.»
1629 2525 1701 2600 Ubi,
1714 2521 1867 2587 eumhom‘r

299 2614 354 2690 ibi,
370 2612 447 2676 Noli
458 2613 539 2675 rinei
542 2633 561 2675 α
569 2613 648 2676 molo
659 2613 682 2688 ¹;
698 2613 784 2675 addit
792 2613 877 2674 enim
890 2612 1069 2693 Apostolus:
1122 2632 1196 2676 nem
1209 2616 1316 2677 asserit
1328 2635 1394 2679 non
1411 2617 1539 2678 omnino
1556 2617 1638 2678 nihil
1659 2635 1760 2698 agere,
1774 2615 1867 2678 cumei

298 2704 360 2768 Sed
371 2705 454 2767 vinee
468 2706 500 2766 r'rt
521 2706 594 2767 bono
608 2705 737 2781 ntolnm3
754 2711 790 2766 ut
803 2705 896 2766 ambo
911 2704 969 2765 sub
982 2703 1073 2767 liberi
1122 2706 1237 2785 aspirat
1250 2709 1358 2786 gratia,
1383 2727 1448 2770 non
1470 2709 1642 2788 quamlibet
1661 2709 1818 2771 voluntatis
1830 2724 1868 2768 ac·

299 2798 419 2859 arbitrii
424 2798 507 2877 jure,
522 2816 558 2859 ao
571 2801 721 2877 potestate
734 2796 873 2876 opposita
884 2800 1068 2858 minantur.
1122 2798 1240 2860 tionem
1263 2800 1459 2880 interpretari
1481 2800 1563 2874 licet,
1584 2806 1616 2862 et
1632 2799 1801 2881 cujusmodi
1812 2797 1866 2859 Cal·

300 2890 337 2950 ln
350 2890 411 2952 illis
422 2907 496 2969 ergo
511 2888 657 2950 omnibus
676 2889 838 2950 sententiis
851 2888 962 2949 eedem
979 2887 1072 2949 intel-
1121 2890 1224 2966 vinus,
1239 2890 1355 2971 aliique
1369 2891 1559 2971 intelligtmt,
1573 2911 1691 2973 nempe
1705 2899 1868 2974 ιροιίαιεωι

299 2982 424 3062 liganda
447 2987 493 3043 est
510 2980 656 3058 formula,
681 2987 713 3042 et
726 2980 880 3061 expressio
894 2979 982 3041 liberi
991 2980 1073 3041 arbi·
1121 2983 1290 3044 voluntatis
1312 2983 1556 3061 inclinationem,
1583 2985 1639 3046 sed
1663 2984 1867 3063 liberant-que
1944 3026 1945 3055 ι

299 3075 364 3149 trii,
381 3091 476 3153 quam
497 3074 532 3134 in
553 3073 617 3134 fine
631 3072 740 3153 eapitis
754 3075 796 3133 ita
804 3072 972 3153 repetendo
986 3090 1071 3133 com-
1122 3072 1258 3152 domabis,
1275 3094 1336 3157 qua
1351 3074 1433 3136 homo
1447 3084 1497 3150 est,
1514 3076 1593 3138 actio
1606 3077 1780 3159 nuncupari
1789 3075 1866 3147 solet;

300 3165 428 3226 mendat
450 3165 661 3244 Augustinus:
690 3187 706 3224 ιι
730 3166 847 3245 Nempe
868 3163 1069 3225 ubidicitur:
1121 3164 1368 3233 hoeestcumin
1382 3170 1868 3250 utrumquemoveresepotetet

299 3256 371 3317 Noli
401 3257 472 3333 hoc,
502 3262 533 3318 et
559 3256 624 3317 noli
648 3256 745 3332 illud3
775 3263 807 3318 et
826 3256 881 3317 uhi
902 3257 943 3317 ad
956 3256 1072 3336 aliquid
1122 3259 1206 3337 quod
1217 3260 1425 3341 amplectitur,
1440 3280 1596 3343 respuere,
1616 3269 1649 3324 et
1662 3263 1746 3343 quod
1756 3258 1863 3341 respuit,

298 3344 491 3419 iaciendum,
519 3344 570 3405 vel
596 3363 662 3405 non
688 3345 864 3407 iaciendum
896 3344 930 3405 in
959 3344 1073 3406 divinis
1121 3351 1275 3436 amplecti,
1289 3353 1317 3414 si
1327 3353 1430 3415 vellet.
1446 3355 1529 3431 Haeo,
1542 3354 1687 3434 inquam,
1702 3353 1869 3416 libertatistt

299 3436 426 3497 monitis
435 3455 513 3516 opus
524 3436 693 3497 voluntatis
702 3436 848 3515 exigitur,
859 3435 1072 3497 satisliberum
1121 3443 1250 3505 actionis
1261 3442 1370 3507 liberae
1389 3445 1490 3506 forma
1503 3445 1696 3525 significatur
1708 3446 1747 3507 ab
1758 3442 1867 3526 synodo,

300 3527 530 3589 demonstratur
556 3527 731 3589 arbitrium.
760 3549 776 3587 a
808 3528 882 3589 Haee
906 3527 1073 3607 Augustini
1121 3551 1203 3602 cum,
1229 3552 1284 3596 cur
1302 3541 1374 3616 agat
1395 3538 1490 3599 homo
1512 3536 1641 3617 aliquid,
1665 3539 1746 3600 hanc
1763 3550 1868 3599 causam
1944 3570 1945 3625 p

299 3620 395 3680 verba
414 3636 558 3700 prorsum
587 3623 686 3679 totam
713 3619 800 3681 illam
825 3620 1073 3681 adversariorum
1122 3625 1257 3705 subjicit,
1265 3627 1349 3707 quod
1358 3628 1493 3690 oblatam
1501 3629 1634 3709 gratiam
1644 3630 1772 3710 abjicere
1780 3627 1866 3708 possit
1944 3630 1945 3701 t

300 3711 490 3773 calumniam
499 3715 655 3786 evertunt,
666 3711 721 3789 qui
730 3710 930 3792 oppositailla
941 3711 1074 3773 libertmi
1121 3718 1209 3791 Quod
1226 3719 1310 3781 idem
1333 3725 1365 3780 et
1382 3720 1417 3781 in
1430 3738 1548 3782 canone
1561 3727 1675 3801 qumi„
1688 3721 1794 3803 synodi
1805 3718 1869 3797 ejus
1944 3726 1945 3785 j

299 3804 362 3865 duo
376 3804 539 3883 disjuncte,
555 3821 591 3864 ae
605 3802 772 3883 separatim
785 3800 944 3875 adhihent,
958 3803 1073 3864 eumin
1121 3810 1193 3871 dem
1211 3811 1393 3889 ostenditur,
1408 3812 1462 3892 qui
1475 3830 1577 3873 canon
1590 3831 1628 3875 ex
1642 3814 1696 3875 illo
1709 3812 1800 3893 capite
1812 3826 1869 3871 oon·

298 3898 460 3976 procinctu
481 3896 559 3975 ipso,
585 3900 620 3954 ut
640 3895 684 3956 ita
706 3895 827 3975 loquar,
848 3894 888 3955 ad
901 3895 1069 3974 agendum,
1120 3903 1217 3965 fectus
1247 3909 1302 3966 est,
1339 3905 1390 3966 sic
1423 3904 1507 3966 enim
1535 3908 1689 3986 cooperari
1713 3899 1868 3967 amardo
1944 3912 1945 3977 ι

298 3989 358 4050 hoc
381 3994 427 4051 est
448 3990 484 4051 in
500 3986 655 4067 eligendo,
671 3986 765 4047 unius
778 3988 1007 4065 tantummodo,
1021 3988 1071 4050 vel
1121 3996 1240 4074 definit,
1268 4004 1301 4058 nt
1321 3996 1417 4078 poerit
1441 3995 1603 4072 doecre,
1631 3999 1662 4060 si
1685 3996 1764 4063 uelit.
1787 3997 1868 4071 Qum
1944 4024 1945 4067 2

298 4082 436 4158 alterius,
456 4098 522 4141 non
542 4078 707 4140 amborum
721 4097 872 4157 exaequo,
887 4084 1072 4158 potestatem
1119 4094 1303 4169 potestatem
1323 4089 1520 4160 assentiendi,
1545 4096 1600 4151 aut
1623 4090 1816 4155 dissentiendi
1829 4104 1869 4149 aa·

298 4173 345 4234 illi
364 4174 465 4235 faeiat.
493 4172 584 4253 Atqui
603 4171 641 4233 iis
660 4173 695 4232 in
708 4171 810 4233 verbis
825 4172 1005 4253 apertissime
1018 4191 1072 4234 ee-
1120 4198 1243 4259 parare,
1271 4199 1308 4242 ac
1334 4181 1503 4243 distrahere
1530 4183 1564 4243 in
1590 4183 1712 4245 diversa
1735 4190 1865 4261 tempta
1944 4188 1945 4251 ᾗ

294 4283 496 4345 preasumsisse
509 4263 645 4326 humone
659 4263 820 4325 voluntatis
833 4263 1006 4341 arbitrium,
1020 4264 1070 4327 vel
1121 4272 1233 4352 nugari
1246 4279 1302 4352 est,
1318 4279 1350 4335 et
1361 4280 1456 4335 tantae
1468 4275 1612 4354 gravitati
1622 4274 1804 4339 pumicatis
1811 4271 1868 4334 illo·

297 4357 367 4417 ntia
385 4355 581 4417 denwttstrart'
602 4355 710 4417 scribit
737 4358 868 4435 August.
892 4375 962 4436 quae
975 4374 1069 4418 nemo
1120 4365 1204 4426 dere,
1219 4365 1342 4427 Etenim
1355 4365 1466 4427 eodem
1482 4384 1608 4445 prorsus
1629 4369 1723 4431 modo
1737 4369 1865 4429 amentes,

298 4448 447 4529 prudens,
476 4452 531 4508 out
558 4447 633 4526 quid
660 4447 741 4509 dieat
771 4448 958 4527 intelligens,
978 4450 1068 4511 aliter
1120 4463 1151 4517 et
1177 4457 1322 4537 parrulos
1347 4476 1408 4518 usu
1434 4457 1561 4519 rationis
1585 4468 1734 4540 oarentes,
1751 4471 1867 4540 quorum
1944 4476 1945 4485 ¹

198 4557 204 4571 ·
297 4540 437 4621 accipiat,
453 4554 549 4618 quam
562 4539 749 4615 ita,utdixi,
766 4540 1066 4621 utquaaiinmediO,
1119 4548 1293 4611 voluntates
1318 4548 1386 4610 aliis
1413 4555 1505 4630 atque
1532 4551 1601 4618 aliis
1628 4553 1810 4634 temporibus
1838 4547 1867 4608 in

297 4651 356 4694 nee
373 4632 413 4693 ad
433 4631 589 4692 utrumvis
617 4630 822 4693 determinato
852 4639 934 4694 statu
949 4634 1065 4713 posita,
1118 4639 1240 4702 diversa
1248 4640 1423 4722 rapiuntur,
1439 4641 1867 4719 etmotonrarrnlorar,libeu

297 4725 431 4786 alterum
455 4728 565 4803 sponte
585 4726 617 4783 et
629 4722 707 4783 eitra
716 4725 930 4787 necessitatem
940 4725 1066 4805 eligere,
1117 4749 1220 4810 agere,
1236 4738 1268 4794 et
1279 4732 1453 4794 consentire
1466 4733 1580 4795 dixeris
1586 4755 1595 4811 ;
1611 4741 1647 4797 ut
1659 4736 1699 4798 de
1709 4730 1865 4797 brutisani·
1944 4774 1945 4777 =

297 4817 458 4898 repudiato
481 4815 590 4892 altero,
616 4815 723 4893 possit.
743 4815 810 4875 Hoc
823 4816 956 4895 quinon
970 4818 1064 4894 videt,
1116 4823 1274 4885 mantibus
1287 4823 1366 4885 nihil
1379 4824 1574 4905 dicamque
1587 4829 1697 4908 etipsa
1706 4825 1865 4891 noueadem

296 4908 433 4989 profecto
455 4906 534 4967 nihil
559 4905 652 4967 videt.
680 4907 781 4979 Quare
798 4908 959 4970 nullaalia
974 4909 1066 4972 liberi
1113 4921 1298 4986 constanter,
1307 4916 1865 5001 nomodohocmoooiltudappeuot.

295 5000 416 5061 arbitrii
438 4997 667 5077 voluntatisque
685 4996 791 5063 libera
807 4998 965 5079 fingenda,
987 5002 1065 5065 tole·
1156 5008 1252 5070 Porro
1270 5025 1341 5088 quae
1358 5008 1397 5069 ad
1420 5009 1475 5070 illa
1493 5010 1661 5091 Scriptura
1677 5014 1753 5090 loca,
1769 5011 1866 5094 puibm
1944 5058 1945 5075 2

294 5093 430 5154 randave
443 5090 581 5152 definitio
596 5095 652 5166 est,
665 5108 761 5170 quum
773 5108 843 5169 quse
852 5092 887 5152 in
901 5092 1065 5173 Scripturis
1116 5097 1316 5177 indifferentia
1335 5099 1426 5161 liberi
1442 5100 1563 5163 arbitrii
1580 5105 1737 5185 probatur,
1756 5119 1868 5185 respon·

295 5185 361 5246 sola
388 5184 429 5245 ad
453 5200 527 5246 eum
556 5182 685 5243 modum
714 5200 868 5263 expressa,
890 5184 1064 5264 Augustino
1112 5189 1274 5253 dentnovi
1292 5191 1499 5271 dogmatista,
1522 5212 1560 5257 ea
1578 5202 1734 5277 postremo
1753 5195 1864 5260 inlibrc

294 5282 382 5356 teste,
408 5275 603 5352 defenditin3
628 5292 759 5357 quaeque
780 5275 859 5338 nihil
875 5277 918 5337 ab
933 5277 1063 5340 illedis-
1112 5280 1282 5345 diluentur.

320 5457 405 5504 ilium.
416 5453 500 5509 nhil.
