3936 6172
426 387 477 446 Ι1Ε
496 384 659 448 detnato
682 388 757 451 SEX
777 387 939 461 DIERUM,
962 386 1034 447 Llll.
1056 384 1109 459 lv,
1131 383 1215 445 CAP.
1237 385 1275 445 V.
1581 380 1641 443 est

79 568 162 631 quam
190 551 353 613 coactionis
383 566 504 631 expers,
539 559 647 633 utpote
677 531 777 635 quod'
793 556 827 617 in
876 559 982 617 nostm
994 552 1070 625 dari,
1087 556 1237 626 asserunt,
1253 555 1338 612 vetat
1348 549 1495 611 extollere
1504 549 1641 628 sc,quast

79 650 221 723 ιιιιιιιιῃιε
239 643 373 705 liberum
386 650 520 718 motum,
545 651 577 707 et
593 646 827 709 inclinationem
875 662 985 709 sorum
1013 644 1111 724 egerit
1131 661 1268 705 musam.
1295 662 1311 701 a
1338 644 1417 703 Cum
1440 641 1535 720 igitur
1563 640 1643 703 nihil

79 735 176 796 haar
191 736 225 795 in
242 737 666 815 natantianatantia,
687 739 825 818 obsecro,
875 738 1068 819 Augustinus
1088 735 1151 797 illic
1175 735 1261 796 aliud
1288 734 1410 808 dixerit,
1432 748 1527 813 quam
1558 733 1642 812 quod

78 827 331 915 quamadmodum·
351 827 485 891 liberum
509 829 673 892 arbitrium
697 833 828 912 simplici
875 831 1051 893 communis
1063 828 1157 889 babet
1170 828 1209 888 de
1221 827 1319 888 libero
1332 826 1458 887 arbitrio
1469 826 1641 904 Theologo·

78 919 231 981 noeusitati
245 920 385 1000 opponit,
398 921 573 1001 cujusmodi
579 924 754 985 naturalem
763 926 828 986 dixi
875 940 959 999 rum,
974 940 1008 982 ae
1022 927 1163 982 veterum
1176 922 1306 981 Petrum
1318 919 1422 1000 opinio
1436 916 1642 979 antecedenti·

78 1011 388 1091 essepmpensionem.
401 1013 438 1073 ln
455 1013 553 1093 rapite
564 1021 675 1093 quarto
688 1016 827 1095 ejusdem
875 1015 935 1076 bus
956 1013 1107 1093 explicatu
1133 1012 1295 1091 capitibus,
1318 1016 1349 1071 et
1376 1010 1459 1089 quod
1486 1008 1639 1082 Calvinus,

77 1103 146 1179 libri,
176 1102 269 1163 verba
289 1103 492 1167 illaillattbaei
511 1105 605 1167 refert
620 1106 643 1167 ¹:
657 1112 721 1169 Aut
736 1109 827 1189 tacite
875 1107 1038 1179 botherus,
1071 1105 1208 1165 haretici
1242 1103 1363 1176 caeteti,
1395 1121 1431 1164 ao
1457 1101 1642 1162 recentiores

77 1193 191 1256 annm
214 1195 319 1257 ὁοιιαιιι
343 1203 370 1257 et
388 1196 521 1276 fructum
542 1197 607 1279 ejas
632 1197 762 1277 bonnm
775 1209 827 1263 αιιι
875 1217 984 1260 eorum
996 1197 1135 1278 partiarii
1149 1195 1296 1256 Catholici
1304 1193 1432 1274 quidam
1446 1192 1640 1272 improbant;

77 1285 152 1364 [ante
170 1284 301 1348 arborem
313 1287 471 1362 malumst
483 1290 615 1371 finolam
626 1290 690 1372 ejus
702 1291 825 1355 malam.
876 1295 1013 1370 apparat,
1027 1297 1059 1350 et
1072 1288 1189 1367 priores
1206 1287 1276 1348 illos
1288 1291 1372 1348 recte
1385 1291 1416 1346 et
1427 1303 1466 1346 ex
1477 1283 1643 1363 Augustini

78 1374 178 1452 Qubus
197 1378 256 1440 ista
291 1379 466 1443 subnectit:
495 1403 511 1440 a
539 1383 620 1443 Cum
646 1401 720 1463 argo
743 1385 826 1462 dicit,
875 1389 980 1444 mente
994 1382 1032 1442 de
1043 1380 1142 1441 libero
1153 1379 1283 1444 arbitrio
1297 1380 1463 1458 disputare,
1479 1383 1511 1438 et
1522 1378 1597 1437 istos
1609 1377 1643 1437 in

77 1475 122 1529 ant
143 1470 198 1531 boe
221 1469 313 1533 facite
339 1478 395 1534 aut
420 1473 497 1535 illud
515 1473 620 1550 tacite;
645 1481 828 1555 potestatem
875 1492 990 1553 magno
1015 1490 1120 1534 errore
1143 1471 1270 1545 versari,
1285 1475 1378 1550 ⁸thss
1404 1470 1444 1530 Ab
1471 1468 1643 1547 1998999990

78 1560 257 1638 mdiaet,non
269 1570 430 1626 naturam.
446 1566 545 1627 Nemo
558 1566 654 1644 enim,
672 1568 828 1639 nis'rDeus
876 1565 1040 1639 discedere,
1060 1584 1097 1626 aa
1115 1564 1191 1625 falso
1212 1562 1346 1643 denique
1365 1561 1561 1640 religiosam
1582 1558 1643 1620 illis

78 1652 309 1718 boemarborem
322 1663 433 1736 potest.
447 1657 827 1741 Sedhabetunusquisque
875 1658 1018 1720 baeresim
1039 1656 1223 1724 adscribere,
1247 1674 1320 1715 cum
1341 1656 1375 1715 in
1399 1654 1643 1716 Manichaeorum

79 1745 261 1810 mroluntate
286 1754 342 1809 aut
362 1748 486 1829 eligere,
506 1766 576 1829 quae
592 1750 675 1812 bona
694 1758 781 1827 sunt,
797 1760 828 1815 et
876 1750 946 1831 ipsi,
970 1755 1077 1811 conua
1099 1766 1178 1828 quos
1196 1747 1270 1808 talia
1295 1747 1415 1827 scripsit
1440 1744 1641 1825 Augustinus,

79 1855 131 1898 esso
144 1838 231 1900 arbor
250 1840 357 1916 bona3
379 1848 432 1903 aut
455 1842 568 1921 eligere
593 1861 663 1922 quae
682 1845 775 1919 mela,
798 1852 828 1908 ct
876 1861 976 1925 coeno,
990 1860 1025 1902 ao
1036 1846 1120 1920 peste
1133 1840 1324 1900 volutentur.

79 1930 223 1992 asambor
235 1933 334 2009 mala
349 1954 366 1991 s
383 1934 423 1994 Et
436 1951 524 1995 mort
537 1956 549 1991 ι
561 1935 628 1995 Hoc
639 1952 714 2015 ergo
726 1938 829 1998 Domi-
908 1934 1075 2013 Esiisergo
1085 1930 1482 2010 sententiis,quasinprimo
1492 1929 1645 1990 Retracto·

80 2040 127 2082 nus
136 2022 245 2101 daona
259 2030 318 2086 aut
338 2023 428 2087 facite
450 2026 540 2101 illud,
555 2033 609 2088 aut
630 2026 720 2090 tacite
736 2029 825 2102 illud,
878 2026 990 2087 tionum
1002 2025 1106 2102 refert,
1118 2031 1150 2086 et
1160 2023 1311 2104 approbat
1323 2021 1525 2101 Augustinus,
1535 2019 1645 2080 confir·

79 2114 189 2176 nands
210 2132 277 2178 esse
302 2117 337 2177 in
360 2122 520 2197 potestate,
547 2120 622 2198 quid
645 2119 824 2183 tacerento
878 2119 957 2178 mari
970 2116 1136 2179 omniailla
1148 2116 1229 2190 dieo,
1245 2132 1315 2194 quae
1328 2132 1385 2195 pro
1399 2113 1559 2175 communi
1573 2129 1643 2173 sena

81 2205 166 2286 inque
177 2209 313 2283 roranti,
329 2215 361 2271 et
371 2210 508 2272 hortanti
519 2213 828 2288 neccommittam}
877 2211 974 2271 tentia
987 2210 1135 2270 mutunus
1143 2207 1247 2288 posui:
1259 2206 1571 2269 Liberumarbitrium
1580 2222 1646 2267 non

79 2298 209 2374 anmi,
224 2306 270 2362 cst
286 2301 321 2362 in
333 2302 503 2364 voluntatis
516 2310 676 2383 potestate,
688 2306 738 2367 cui
753 2309 828 2368 sim·
878 2302 1008 2363 eoluma
1029 2302 1196 2375 coactione,
1213 2300 1266 2361 sed
1286 2299 1326 2360 ab
1351 2298 1531 2360 serenitate
1552 2296 1646 2358 etlam

79 2390 135 2468 ples
155 2400 309 2473 repugnat
333 2396 508 2457 necessitas.
536 2398 688 2476 Equidem
713 2400 827 2477 nascio,
878 2393 1056 2468 abhorrere,
1072 2400 1119 2467 ut,
1135 2393 1218 2472 quod
1229 2397 1339 2471 sponte
1352 2391 1478 2470 alioqui,
1494 2394 1525 2450 at
1537 2389 1647 2451 volun·

79 2485 290 2560 quanmdura
299 2487 394 2566 possit
406 2504 471 2549 esse
479 2487 576 2565 bons,
587 2507 658 2568 quae
669 2507 735 2551 uon
745 2496 830 2552 tunm
878 2492 941 2547 tato
960 2486 1006 2559 fit,
1018 2503 1083 2547 non
1096 2503 1219 2566 semper
1234 2503 1273 2546 ex
1286 2485 1446 2546 voluntate
1459 2483 1512 2542 liat
1524 2481 1621 2544 libera
1635 2496 1644 2559 ς

79 2577 215 2639 abunda
228 2578 317 2639 illius
329 2580 372 2652 vi,
388 2597 424 2640 ac
445 2582 661 2659 perspicuitate
674 2582 828 2644 vincatur,
878 2578 948 2639 tum
959 2578 991 2639 in
1003 2597 1040 2639 eo
1052 2579 1146 2639 situm
1160 2577 1366 2638 esseliberum
1376 2575 1552 2648 arbitrium,
1563 2580 1599 2634 ut
1608 2577 1647 2636 ad

79 2669 161 2746 Atque
172 2687 209 2730 ex
222 2671 284 2732 boc
300 2670 410 2732 eodem
432 2670 500 2733 loco
513 2673 621 2733 omnia
634 2675 831 2753 superiorum
878 2669 1036 2749 egendum
1050 2671 1167 2750 paratis
1189 2668 1366 2730 necessariis
1382 2666 1527 2729 omnibus
1540 2666 1645 2744 rebus,

80 2760 192 2838 capitum
208 2768 398 2841 argumenta
417 2764 669 2839 corroborantur,
694 2769 830 2831 maxima
878 2764 939 2825 hoc
959 2763 1010 2824 vel
1039 2762 1117 2824 illud
1141 2762 1270 2838 eligere,
1292 2779 1383 2841 agere
1403 2760 1454 2821 rel
1471 2778 1536 2820 non
1553 2776 1645 2838 agere

80 2849 129 2927 illa,
142 2871 205 2931 quse
222 2873 259 2916 ex
275 2854 378 2935 capite
391 2857 536 2930 secundo,
553 2863 585 2918 et
603 2858 693 2918 tertio
707 2859 780 2920 libri
791 2861 832 2924 ad
878 2857 982 2935 possit.

84 2940 247 3007 idernnnm
257 2945 355 3008 allata
366 2953 450 3023 sunt,
461 2948 499 3008 ad
510 2947 601 3008 liberi
614 2949 733 3011 arbitrii
741 2953 831 3013 indta
918 2948 955 3008 V.
980 2949 1027 3007 Ex
1039 2947 1088 3007 his
1110 2948 1248 3026 primum
1264 2944 1339 3005 illud
1355 2943 1398 3004 sic
1417 2960 1456 3004 ex
1472 2945 1646 3023 Augustino

80 3031 216 3116 binam
241 3044 274 3100 et
298 3039 466 3118 ancipitem
495 3040 716 3103 adstruendam
743 3051 829 3124 pota
879 3038 1117 3099 demonstratur.
1138 3037 1317 3098 Violantum
1337 3040 1539 3114 coactumque
1568 3036 1646 3097 illud

80 3130 179 3191 statem
879 3137 935 3204 est,
954 3131 1038 3209 quod
1051 3130 1091 3191 ab
1110 3135 1237 3191 externa
1250 3146 1344 3191 eausa
1356 3126 1402 3204 fit
1425 3132 1455 3188 at
1469 3129 1647 3191 immittitur

11 3244 55 3278 aas
110 3220 828 3304 lv.rondamrtls,quaom,del1baroararnio
878 3228 986 3283 canna
1001 3223 1234 3284 inclinationem
1247 3228 1380 3282 nattum
1395 3220 1484 3294 Quod
1499 3220 1645 3299 igiturex

11 3302 412 3395 19ιιιιιιιιοΙΙιιςιιιιιιιιειι
425 3317 591 3396 Augustini
605 3317 694 3378 libris
709 3319 826 3395 tribua,
877 3321 932 3376 nat
932 3334 999 3376 uras
1025 3316 1231 3396 propensione
1259 3315 1368 3386 oritur,
1393 3317 1493 3393 potest
1519 3313 1645 3391 quidem

11 3460 51 3494 nn
81 3419 143 3480 quos
155 3407 190 3467 de
209 3406 312 3470 libero
328 3408 456 3470 arbitrio
474 3408 666 3488 conscripsit.
683 3411 831 3476 Quamvis
878 3409 1050 3470 necessario
1063 3408 1152 3483 flerit
1176 3406 1348 3467 violentum
1367 3411 1471 3466 autam
1493 3420 1559 3467 esse
1580 3422 1646 3466 non

11 3503 53 3563 tto
81 3511 149 3558 cmm
170 3518 231 3562 non
253 3501 359 3562 multo
386 3508 456 3580 post
481 3503 715 3563 conversionem
741 3521 830 3565 suam
880 3506 990 3580 potest
1006 3500 1100 3580 Atqui
1117 3499 1288 3574 Manichaei,
1304 3502 1413 3560 contra
1431 3515 1510 3577 quos
1523 3505 1648 3560 conten-

11 3564 55 3651 ιὼ-
50 3568 197 3668 “tempora
223 3592 297 3654 illos
320 3593 524 3670 elucubravit,
550 3611 586 3654 ac
599 3594 741 3656 nondum
763 3603 830 3658 orta
879 3592 925 3653 <iit
950 3592 1155 3671 Augustinus,
1180 3591 1299 3652 malum
1325 3588 1365 3650 ab
1392 3588 1490 3651 libero
1519 3590 1647 3652 arbitrio

11 3672 65 3757 '⁹¹¹²
83 3677 358 3761 Ptlcp'anahaeresi,
374 3689 542 3765 numquam
557 3688 830 3751 conburersiailla
880 3685 1032 3764 originem
1052 3686 1175 3760 ducere,
1195 3684 1351 3762 id1psum
1369 3682 1495 3744 aiebant
1510 3683 1586 3743 oriri
1609 3701 1647 3743 ex

11 3712 64 3819 991·
82 3770 208 3851 buada
221 3784 251 3838 et
262 3777 366 3839 libero
375 3777 503 3838 arbitrio
515 3777 692 3856 diligentius
705 3779 832 3841 enucle-
879 3783 1000 3838 naturaa
1012 3777 1103 3838 malas
1112 3776 1329 3857 propensione.
1343 3776 1484 3836 Hoevero
1493 3775 1647 3836 convincit

81 3872 183 3944 uetm3
197 3870 406 3931 nibilominus
418 3876 524 3949 postea
536 3870 632 3930 libros
645 3869 830 3933 illocrecen-
879 3869 938 3930 hac
959 3870 1090 3945 ratione,
1110 3867 1193 3947 quod
1216 3869 1242 3927 sl
1267 3870 1440 3929 necessario
1465 3864 1645 3947 (cujusmodi

80 3971 136 4019 teus
147 3957 167 4032 ¹,
182 3978 250 4041 quse
269 3963 312 4023 de
333 3962 460 4023 arbitrio
481 3961 579 4022 libero
598 3962 642 4023 ibi
654 3963 828 4043 scripserat,
879 3961 958 4021 illud
971 3966 1026 4037 est,
1041 3961 1125 4039 quod
1138 3959 1272 4020 naturali
1284 3958 1484 4019 inclinatione
1496 3958 1541 4032 fit)
1551 3957 1647 4018 homo

80 4048 219 4130 potina
235 4061 267 4115 et
279 4055 343 4115 hoc
361 4071 463 4114 unum
482 4054 599 4115 addidit
613 4074 656 4114 :a
674 4057 718 4116 De
731 4058 829 4131 gratia
879 4059 1039 4132 peccatum
1051 4051 1135 4125 tacit,
1149 4069 1213 4112 non
1226 4056 1344 4131 peccat,
1357 4050 1440 4130 qtria,
1449 4049 1533 4129 quod
1543 4048 1645 4126 debet,

81 4139 132 4213 Dei,
152 4160 210 4223 qua
231 4163 310 4208 suos
326 4145 438 4209 electos
463 4145 508 4206 sic
532 4145 773 4225 pradestinavit,
795 4157 830 4209 ut
879 4145 963 4207 iacit.
980 4144 1081 4205 Verba
1093 4143 1270 4223 Augustini,
1287 4158 1357 4222 quae
1371 4143 1404 4203 in
1416 4140 1649 4222 primoltetrac-

80 4250 179 4313 worm,
194 4239 249 4318 qui
255 4238 326 4317 jam
338 4237 371 4298 in
382 4239 427 4299 ais
436 4243 567 4298 utuntur
578 4238 677 4300 libero
689 4239 827 4314 arbitrio,
881 4236 1026 4298 tatianam
1052 4235 1202 4316 approbat
1219 4253 1258 4295 ex
1278 4234 1359 4295 libro
1385 4235 1476 4295 tertio
1498 4233 1534 4294 de
1556 4233 1649 4295 libero

80 4322 229 4402 ipeedam
252 4336 409 4411 proeparet
429 4330 613 4403 voluntates,
629 4330 710 4390 nibil
730 4332 765 4391 in
782 4332 831 4392 his
879 4326 1017 4402 orbs'trio,
1032 4328 1133 4407 capite
1145 4342 1168 4387 x
1192 4333 1264 4387 sunt
1288 4326 1378 4387 bac:
1399 4344 1415 4384 a
1429 4326 1461 4387 si
1483 4326 1567 4386 enim
1589 4327 1649 4387 hoc

80 4413 150 4480 libris
160 4422 353 4503 disputatum
367 4440 466 4496 assas
479 4421 830 4501 quodadvarsusblani·
880 4419 971 4481 debet
996 4420 1139 4499 quisque,
1167 4418 1250 4497 quod
1272 4420 1399 4497 anapia,
1427 4425 1457 4478 et
1484 4419 1528 4479 sic
1553 4418 1648 4479 bomo

80 4507 163 4573 theos
178 4516 216 4576 dc
230 4516 352 4593 origine
368 4514 443 4575 moli
456 4514 629 4587 dissereret,
649 4513 737 4592 crpus
756 4533 829 4576 can-
877 4511 975 4572 factus
984 4516 1041 4584 est,
1056 4515 1092 4572 ut
1105 4512 1276 4572 necessario
1290 4514 1406 4589 meoet,
1420 4509 1480 4570 hoc
1496 4509 1597 4579 debet,
1613 4517 1649 4571 ut

80 4604 184 4666 umilli
196 4625 263 4668 esse
275 4606 429 4679 dicebant,
450 4604 705 4666 «immutabilem
718 4624 829 4686 quam-
880 4610 997 4680 peccet.
1013 4605 1094 4664 Oum
1115 4620 1189 4682 ergo
1209 4607 1326 4682 peceat,
1344 4602 1427 4681 quod
1447 4600 1548 4675 debet,
1564 4601 1646 4665 tacit.

81 4691 146 4771 dan,
160 4700 268 4760 etDeo
282 4704 470 4759 contentam
482 4698 557 4758 mali
570 4701 831 4779 naturam.s1pse
881 4696 1010 4762 Quodsi
1035 4695 1133 4756 scelus
1156 4699 1203 4754 est
1219 4692 1335 4769 dloere;
1356 4695 1515 4754 neminem
1536 4698 1649 4754 natura

80 4791 165 4848 anum
177 4789 348 4869 pugnabat,
358 4789 436 4850 illud
450 4807 489 4850 ex
503 4789 668 4850 voluntatis
677 4789 828 4868 libertate,
880 4804 937 4849 sua
951 4787 1043 4867 cogit,
1053 4793 1088 4848 ut
1096 4793 1210 4867 peccet.
1227 4784 1455 4847 »Manifestum
1466 4784 1649 4864 eet,Aagus-

81 4893 108 4935 tt
118 4879 205 4943 libero
218 4883 350 4944 arbitrio
360 4881 525 4963 proficisci;
541 4881 745 4961 quamobrem
759 4899 831 4962 quta
880 4881 984 4941 uuum
998 4878 1119 4960 rependi
1127 4878 1259 4940 verbum
1275 4895 1340 4939 non
1356 4878 1480 4957 proprie
1498 4894 1648 4956 usurpare

80 4964 110 5026 tls
130 4968 213 5034 liberi
242 4971 363 5033 arbitrii
384 4976 507 5045 natura,
523 4976 555 5031 et
577 4973 766 5051 proprietate
786 4972 831 5033 ibi
879 4990 936 5053 pro
956 4990 1004 5048 co,
1017 4972 1101 5052 quod
1119 4984 1184 5031 non
1201 4970 1294 5032 modo
1313 4984 1387 5030 cum
1407 4968 1576 5043 voluntale,
1594 4969 1647 5031 sed

80 5060 180 5139 saimit
201 5071 270 5126 tum
298 5082 335 5125 ea
360 5062 503 5143 probant,
531 5068 599 5122 tum
626 5083 642 5121 a
670 5063 831 5126 hereticos
880 5064 974 5125 ailam
987 5081 1060 5124 cum
1074 5062 1160 5124 omni
1171 5062 1310 5142 appetitu
1323 5065 1452 5141 pugnat,
1465 5078 1537 5122 cum
1549 5078 1647 5167 eoque

81 5147 253 5234 Pelagianos,
265 5175 320 5236 qur
312 5155 502 5217 liberum
478 5173 522 5216 stc
534 5160 676 5215 asserunt
687 5155 830 5217 volunta·
879 5158 1008 5218 minime
1024 5155 1173 5230 consuat,
1184 5156 1239 5215 sed
1252 5173 1310 5234 pro
1323 5172 1360 5214 eo
1363 5154 1466 5232 quod
1475 5170 1646 5215 necessario

79 5240 109 5300 ils
123 5246 291 5321 arbitrium,
307 5255 341 5309 ut
359 5248 466 5327 gratim
492 5247 547 5308 Dei
565 5264 631 5308 non
653 5247 831 5327 relinquant
879 5250 931 5323 fit,
948 5249 1005 5309 etsi
1033 5254 1153 5329 sponte,
1176 5265 1213 5307 ac
1233 5247 1394 5308 voluntate
1408 5244 1479 5306 flat·
1472 5245 1587 5323 ,quale
1601 5249 1646 5306 est

78 5328 166 5399 lucrm
177 5340 429 5420 quandoquidem
447 5357 517 5401 eam
532 5339 703 5401 secundum
718 5342 829 5403 marita
878 5342 954 5403 illud
958 5342 1057 5420 ,quod
1067 5359 1105 5403 ax
1111 5339 1245 5401 naturalr
1253 5338 1453 5399 mahnatrone
1461 5338 1573 5415 agitur
1581 5337 1646 5396 Hoc

99 5532 187 5581 tutta.
200 5547 240 5585 ιιι,
250 5535 339 5582 tta-t
351 5535 398 5580 tit.
413 5536 491 5581 litstr.
506 5545 525 5578 e.
540 5545 571 5577 rs.
