3984 6176
573 360 624 419 DE
642 358 819 435 suasus,
841 359 913 420 ΗΒ.
937 360 990 426 ΙΙΙ,
1014 359 1101 423 GAP.
1123 361 1174 422 Ill.
1632 367 1668 426 st

103 522 125 583 si
152 538 218 583 vers
243 526 289 582 est
319 522 500 584 Graecorum
532 524 659 586 Petrum
688 525 852 597 sententia,
904 543 1000 605 quam
1012 525 1154 588 diabolus
1167 526 1202 587 in
1216 527 1344 589 veritate
1359 528 1487 603 stetisse,
1508 548 1672 610 nunquam

100 614 220 691 Angelos
232 613 323 694 longe
334 621 406 676 ante
425 617 580 678 mundum
593 618 679 678 huno
692 617 851 679 exstitisse.
903 635 976 678 cum
988 619 1115 697 Angelis
1124 619 1246 680 benum
1255 620 1672 702 duxissevitam,sedabipso

100 708 158 781 Quo
168 708 287 787 quidem
305 709 484 785 constituto,
505 710 704 771 verisimilius
729 710 852 771 videtur
901 728 965 770 suae
980 711 1163 772 conditionis
1176 711 1264 773 initio
1278 711 1430 789 cecidisse,
1446 731 1513 774 non
1530 713 1575 775 sie
1591 714 1672 775 acci·

99 800 225 860 nondum
251 818 391 880 peccasse
414 800 583 878 demones,
606 822 700 882 quam
717 802 851 864 admisso
901 802 1051 882 piendum
1065 809 1121 879 est,
1137 808 1173 864 ut
1186 822 1251 864 non
1265 803 1555 883 propriavoluntste
1565 807 1674 886 depra-

99 891 212 953 erimine
218 892 249 953 in
257 893 414 953 bonorum
423 895 619 955 ooetutandiu
626 913 848 975 perseverasse.
903 900 1002 969 vatus,
1017 897 1070 957 sed
1083 895 1211 958 malusa
1222 896 1304 958 bono
1318 898 1384 958 Deo
1399 904 1671 978 creatusputetur3

97 981 174 1054 Quod
198 987 301 1042 autem
323 982 505 1062 emergendi
531 1003 551 1044 a
580 989 704 1063 peceato
729 983 851 1064 copiam
900 986 1017 1066 alioqui
1043 1006 1108 1048 non
1139 989 1179 1049 ab
1206 989 1296 1049 initio
1328 989 1470 1051 cecidisse
1498 991 1671 1067 diceretur3

97 1073 216 1134 illisesse
225 1074 528 1154 factam,antequam
537 1076 638 1137 ecoelo
648 1076 848 1156 pellerentur,
901 1098 1003 1159 neque
1017 1081 1100 1141 enim
1112 1081 1230 1157 cecidit,
1246 1083 1271 1141 si
1283 1081 1353 1142 talis
1363 1088 1409 1142 est
1421 1082 1526 1143 taetris.
1537 1083 1599 1144 Sed
1610 1084 1672 1145 lae·

97 1165 178 1244 ιίίοιιιι
186 1170 307 1245 putant,
321 1165 415 1227 idest
436 1167 615 1229 absurdum.
642 1168 852 1242 Quaerendum
901 1176 950 1232 tus
964 1173 1111 1233 continuo
1130 1191 1162 1234 se
1175 1192 1194 1233 a
1207 1173 1275 1235 luce
1293 1173 1430 1235 veritatis
1443 1175 1553 1236 avertit
1567 1195 1673 1256 super·

97 1264 136 1319 est
147 1257 236 1329 enim,
247 1275 327 1318 num
340 1276 434 1338 quem
445 1260 624 1321 existimant
635 1278 673 1320 ex
684 1261 736 1321 illo
749 1260 850 1323 rebel·
900 1262 951 1323 bia
964 1263 1114 1333 tumidus,
1133 1266 1267 1344 propriae
1288 1266 1448 1345 potestatis
1469 1266 1672 1330 delectatione

98 1351 164 1411 lium
176 1367 306 1410 numero
319 1350 496 1430 resipuisse,
511 1357 542 1412 et
557 1353 592 1412 in
608 1352 764 1413 bonorum
777 1371 851 1431 gra·
901 1362 1074 1436 corruptus.
1092 1357 1181 1418 Unde
1195 1357 1305 1435 beatae,
1322 1363 1414 1437 atque
1427 1359 1585 1437 Angelieae
1600 1360 1672 1424 vitas

98 1442 162 1503 dum
182 1442 273 1503 luisse
300 1443 491 1504 restitutum.
509 1444 543 1504 Si
571 1445 707 1524 aliquem
726 1445 850 1522 dixerit,
901 1447 1099 1510 dulcedinem
1118 1467 1183 1510 non
1205 1449 1351 1528 gustavit,
1367 1468 1463 1530 quam
1480 1469 1544 1512 non
1565 1453 1673 1532 utique

98 1534 260 1596 ridebimus.
277 1533 312 1594 Si
332 1534 468 1611 nullum,
484 1537 600 1597 mirum
618 1537 688 1612 hoc,
708 1542 739 1598 et
752 1537 852 1600 incre·
901 1547 1058 1620 acceptam
1091 1540 1247 1618 fastidivit,
1276 1542 1330 1602 sed
1366 1542 1502 1604 nolendo
1534 1544 1672 1624 accipere

99 1627 177 1687 dibile
186 1626 405 1706 judicabimus,
413 1646 453 1688 ne
467 1646 565 1689 unum
580 1629 707 1708 quidem
715 1648 754 1690 ex
766 1636 853 1692 tanta
902 1633 1047 1707 deseruit,
1059 1639 1090 1694 et
1102 1633 1213 1695 ambit.
1232 1656 1247 1691 a
1266 1635 1373 1714 Itaque
1387 1635 1421 1694 in
1435 1635 1529 1712 bono,
1546 1640 1576 1697 et
1589 1637 1670 1697 veri-

99 1719 282 1781 mullitudine
296 1725 458 1798 repertum
471 1739 546 1794 esse,
561 1721 616 1800 qui
636 1721 770 1782 oblatam
784 1741 854 1801 gra·
901 1730 964 1786 tate
977 1726 1118 1787 conditus
1131 1730 1178 1786 est
1193 1744 1212 1786 a
1230 1727 1304 1800 Deo,
1319 1731 1350 1787 et
1369 1726 1561 1805 aliquantum
1587 1727 1620 1788 in
1634 1749 1671 1791 eo

97 1812 354 1873 tiomadmitteret.
372 1813 436 1874 Sed
455 1813 527 1874 huic
547 1819 654 1874 minen
676 1821 852 1876 commeato
901 1837 1023 1879 moram
1050 1818 1123 1897 egit,
1151 1818 1204 1878 sed
1230 1835 1296 1878 non
1319 1820 1499 1897 permansit,
1529 1826 1565 1880 ut
1586 1826 1617 1880 et
1638 1821 1672 1884 in

99 1905 195 1972 affinis,
209 1910 239 1965 et
251 1906 391 1966 notanda
404 1911 450 1966 est
462 1906 578 1986 opinio,
590 1924 686 1986 quam
697 1925 736 1968 ex
749 1908 852 1968 Basilii
901 1911 1065 1972 undecimo
1076 1909 1111 1970 de
1127 1907 1257 1971 Ciuitate
1272 1909 1338 1984 Dei,
1353 1913 1452 1991 capite
1461 1928 1500 1974 xv
1513 1913 1596 1973 idem
1611 1913 1672 1975 dis·

99 1998 311 2059 commentariis
322 1998 353 2057 ι’νι
363 1996 396 2058 Ε
396 2000 490 2059 taioni
498 2001 516 2060 J
519 2001 852 2061 oannesDamascenus
900 2007 990 2081 putat
997 2002 1201 2078 Augustinus.
1213 2002 1373 2083 Philippus
1388 2003 1484 2064 abbas
1494 2005 1588 2066 Bonae
1597 2005 1671 2084 Spei

40 2151 43 2159 ,
99 2088 257 2170 inEclopis
279 2090 464 2170 descripsit:
484 2092 616 2168 «Forte,
640 2092 752 2171 inquit,
767 2098 853 2154 ante·
900 2092 935 2153 in
950 2094 1671 2174 epistolaseeundaputatAngeloS,nnllainter·

19 2225 22 2234 .
98 2183 281 2261 quarnhomo
292 2189 461 2258 crearetur,
477 2184 563 2245 locus
576 2185 686 2264 aliquis
700 2187 853 2264 poeniteu·
896 2185 978 2264 jecta
991 2204 1089 2260 mora,
1106 2185 1209 2247 statim
1217 2193 1309 2265 atque
1318 2188 1411 2247 creati
1420 2192 1504 2264 sunt,
1511 2187 1671 2251 voluntate

31 2283 39 2292 “’
98 2275 849 2357 dadinbolorclinquebatur;acpoteratsuperbia,
901 2295 968 2354 sua,
982 2278 1032 2338 vel
1052 2296 1215 2343 conversos
1233 2279 1272 2338 ad
1295 2280 1405 2345 Deum,
1430 2279 1480 2340 vel
1501 2280 1540 2340 ab
1561 2282 1671 2342 eodem

97 2368 204 2428 ameni
215 2369 367 2429 vetustior
380 2374 447 2430 erat
465 2371 630 2449 aegritudo,
645 2377 762 2447 sanata
779 2389 851 2431 oum
900 2389 1038 2444 aversos3
1055 2389 1143 2431 neca
1161 2370 1260 2449 prima
1286 2369 1405 2448 origine
1418 2369 1562 2439 formam,
1579 2372 1672 2433 idest

96 2461 189 2522 seille
210 2461 395 2541 poenitentia
421 2462 588 2542 expiasset,
621 2463 787 2543 pristinum
811 2463 852 2525 ad
901 2463 1037 2541 gratiam
1051 2462 1213 2542 accepisse,
1225 2462 1279 2522 sed
1291 2480 1360 2522 eam
1370 2462 1466 2523 libero
1476 2481 1533 2523 suo
1542 2463 1670 2526 arbitrio

97 2557 197 2613 saum
220 2572 377 2615 revocare.
405 2556 573 2633 Postquam
605 2559 710 2616 autem
741 2555 851 2616 mundi
901 2572 1104 2635 comparasse.
1121 2555 1202 2614 Tum
1226 2552 1283 2614 ista
1296 2553 1443 2632 subjicit:
1463 2556 1671 2634 «Orestaigi

97 2652 258 2723 apparatus,
274 2651 306 2706 et
319 2646 453 2725 paradisi
473 2646 598 2719 exstitit,
614 2651 645 2707 et
657 2647 752 2707 homo
767 2646 851 2708 ineo
901 2651 953 2706 tur
965 2647 1070 2706 statim
1088 2646 1174 2706 nullo
1187 2646 1285 2724 spatio
1299 2646 1455 2707 mediante
1466 2648 1668 2725 convertitur,

98 2736 248 2798 colluatus
259 2742 316 2815 est,
332 2744 569 2818 etpraeeeptum
583 2740 679 2800 alteo
693 2739 853 2815 detumet
901 2744 932 2799 et
944 2756 1029 2815 eum,
1045 2757 1064 2798 a
1078 2755 1140 2816 quo
1158 2742 1234 2814 erat,
1251 2755 1356 2797 amore
1376 2738 1610 2817 complectitur3
1627 2746 1668 2814 et,

98 2827 232 2889 individia
245 2829 371 2906 diaboli,
383 2835 415 2891 et
423 2830 526 2891 dilecti
534 2830 632 2890 caedes
641 2831 853 2906 accidit,locus
901 2850 974 2892 cum
985 2849 1041 2909 per
1053 2830 1188 2892 liberum
1204 2829 1367 2890 arbitrium
1381 2829 1431 2890 rel
1444 2830 1478 2890 in
1492 2831 1670 2907 melius,vel

99 2919 140 2980 ille
151 2921 340 3001 peanitentiae
352 2922 537 2983 interclusus
555 2927 609 2982 est.
627 2922 754 2999 Nam,si
770 2924 852 2984 Esau
901 2924 935 2983 in
961 2923 1095 2983 deterius
1119 2927 1222 3002 posset
1243 2921 1327 2997 ferri,
1347 2921 1475 3000 aspexit,
1498 2927 1529 2983 et
1551 2923 1667 2996 dilexit,

99 3010 185 3074 locum
199 3013 394 3095 poenitentiae
414 3033 480 3075 non
498 3012 627 3089 invenit,
647 3032 719 3076 cum
733 3014 851 3095 primo·
900 3015 984 3094 quod
1018 3015 1148 3094 dignum
1177 3013 1277 3074 iuerat
1311 3012 1466 3073 anteferri.
1497 3014 1671 3078 Voluntatis

98 3108 187 3182 genita
200 3106 409 3181 vendidisset,
429 3106 485 3185 qui
505 3106 533 3165 ei
554 3106 743 3186 poeniteutiae
765 3106 851 3168 loeus
900 3106 1015 3187 quippe
1028 3106 1164 3177 libertas,
1178 3122 1247 3184 quar
1259 3103 1304 3164 illi
1314 3103 1497 3164 naturaliter
1505 3104 1604 3184 affuit,
1612 3106 1669 3169 suh

98 3197 286 3278 relinquitur,
308 3198 364 3278 qui
389 3198 528 3277 primum
545 3217 565 3258 a
589 3199 655 3259 Deo
681 3199 851 3259 formatum
900 3198 1022 3259 otiovel
1039 3197 1079 3258 ad
1093 3197 1252 3258 modicum
1264 3214 1374 3257 vacare
1388 3214 1452 3257 non
1466 3197 1577 3276 potuit,
1593 3200 1670 3278 quin

97 3287 241 3351 bominem
259 3289 429 3364 interiecit,
459 3294 491 3350 et
514 3307 570 3370 per
596 3290 686 3351 illum
716 3296 850 3352 mortem
901 3289 967 3351 sinc
981 3289 1127 3350 dilatione
1136 3288 1176 3349 ad
1185 3287 1300 3368 aliquid
1310 3287 1665 3366 volendumverteretur,

97 3380 269 3444 introduxit⁰
280 3381 297 3443 i
310 3404 326 3440 ν
900 3387 957 3443 ete.
975 3382 1084 3441 Creata
1105 3380 1201 3458 igitur
1211 3386 1325 3441 natura
1338 3379 1487 3458 angelica,
1506 3382 1578 3460 quia
1591 3381 1668 3443 libe-

129 3472 186 3534 XV.
206 3473 402 3553 Augustinus
420 3474 454 3534 in
468 3474 631 3535 undecimo
645 3473 680 3536 de
696 3473 801 3538 (ἔστιντί
813 3473 853 3538 ud
900 3490 968 3532 ram
980 3472 1092 3533 habuit
1102 3472 1305 3543 voluntatem,
1315 3476 1347 3531 et
1360 3471 1568 3534 voluntariam
1580 3474 1672 3536 liber·

96 3562 220 3640 titterom,
250 3573 418 3645 postquam
443 3567 667 3627 nonnullorum
693 3568 852 3648 redarguit
900 3570 1007 3641 tatem,
1035 3564 1138 3625 statim
1160 3569 1190 3623 et
1215 3563 1314 3624 voluit
1336 3563 1506 3638 voluntate,
1530 3571 1571 3643 et,
1595 3568 1671 3647 quid

96 3657 248 3734 emrom',
257 3657 314 3738 qui
327 3658 487 3719 diabolum
496 3677 567 3719 eum
578 3659 673 3735 malo,
686 3665 716 3720 et
725 3665 850 3739 peceato
901 3656 1002 3732 vellet,
1020 3656 1112 3734 elegit
1124 3654 1266 3715 libertate
1277 3673 1286 3730 ;
1299 3660 1331 3714 et
1350 3673 1421 3735 pars
1444 3672 1554 3715 eorum
1575 3657 1672 3720 altera

96 3748 724 3827 lauseereatumasserebant,brevissimam
730 3769 852 3813 moram
901 3750 1000 3809 Deum
1012 3747 1122 3823 voluit,
1139 3764 1233 3826 quem
1244 3763 1337 3807 suum
1351 3753 1521 3808 creatorem
1530 3753 1560 3807 et
1572 3750 1670 3827 norit,

96 3840 284 3905 intercessisse
311 3843 381 3903 volt
396 3843 478 3904 inter
499 3844 660 3904 eonditum
678 3862 799 3923 eorum,
816 3863 851 3906 ac
901 3845 933 3900 et
946 3840 1073 3915 amavit,
1088 3857 1160 3917 pars
1171 3856 1246 3899 vero
1255 3838 1353 3898 altera
1361 3837 1460 3899 libera
1468 3839 1672 3901 nihilominus

96 3932 213 4013 lapsum.
228 3938 320 3997 Certe
342 3954 407 3996 non
425 3936 609 3997 diuturnum
631 3937 691 3998 boo
717 3939 852 4017 spatium
901 3932 1060 3992 voluntate
1081 3930 1121 3991 ad
1140 3929 1308 3991 volendum
1331 3930 1415 3990 aliud
1438 3930 1612 3991 declinarit.
1634 3934 1673 3994 Et

97 4026 267 4086 constituere
281 4024 395 4105 potuit,
413 4043 486 4086 eum
498 4033 529 4086 et
542 4026 677 4104 Angelos
688 4028 790 4106 prima
803 4027 853 4086 die
902 4023 955 4084 illa
966 4023 1093 4101 quidem
1107 4020 1141 4081 in
1164 4022 1321 4101 proposito
1345 4021 1547 4083 confirmatur
1560 4024 1671 4102 gratia,

97 4112 177 4176 iactos
190 4137 253 4179 esse
267 4123 402 4192 censeat,
422 4122 453 4178 et
471 4123 638 4196 antequam
658 4118 753 4179 homo
768 4137 852 4179 crea·
903 4121 934 4176 et
953 4115 1063 4175 merito
1086 4113 1192 4175 liberae
1204 4113 1383 4187 voluntatis,
1406 4120 1437 4174 et
1458 4113 1497 4176 ab
1515 4133 1563 4191 eo,
1579 4134 1673 4194 quem

96 4214 179 4283 retu,
190 4210 256 4288 jam
269 4208 416 4288 serperbia
425 4207 606 4287 depravatos
614 4209 854 4288 exiisquosdam
901 4207 1012 4282 voluit,
1027 4205 1137 4285 accipit
1150 4206 1281 4283 gratiam
1292 4204 1457 4274 firmitatis,
1473 4210 1509 4265 ut
1523 4225 1592 4285 quta
1607 4213 1674 4269 erat

97 4297 187 4375 inisse
202 4302 283 4361 utin
298 4300 510 4379 superioribus
523 4300 669 4380 exposui;
685 4301 739 4361 sed
752 4319 854 4380 neque
903 4299 1061 4361 mutabilis
1075 4317 1131 4377 per
1145 4301 1300 4373 naturum,
1315 4316 1372 4377 pro
1395 4315 1432 4358 eo
1448 4298 1572 4371 seilicet,
1589 4300 1674 4379 quod

98 4390 190 4471 longo,
203 4399 370 4474 postquam
384 4393 479 4453 creati
491 4398 574 4466 sunt,
595 4392 758 4452 intervallo
774 4392 854 4453 ceei-
904 4394 942 4453 de
956 4391 1055 4452 nihilo
1068 4390 1147 4450 lacta
1160 4394 1216 4462 est,
1228 4389 1294 4467 jam
1303 4408 1368 4448 non
1381 4390 1476 4468 possit
1488 4394 1603 4452 mutari
1619 4410 1674 4471 per

98 4483 165 4545 dise
189 4486 364 4546 coufirmat.
399 4484 501 4562 Hujus
531 4484 626 4545 verba
657 4484 789 4545 referam
817 4502 856 4546 ex
904 4484 1049 4564 gratiam,
1065 4483 1139 4560 quia
1154 4481 1237 4541 bono
1256 4482 1503 4542 incommutabili
1516 4483 1675 4544 voluntate

99 4579 184 4656 capite
195 4595 275 4640 xun.
294 4578 494 4657 cQuodergo
504 4584 641 4657 putatur,
654 4577 857 4657 inquit,nun·
907 4581 1075 4655 spontanea
1089 4573 1255 4651 conjuncta
1266 4579 1322 4649 est,
1337 4578 1395 4634 etc.
1412 4574 1596 4635 Parsautem
1606 4577 1674 4653 ista,

129 4769 146 4807 a
163 4754 249 4810 Basta.
264 4752 339 4825 apud
355 4755 482 4810 Damaso.
499 4753 538 4809 lit.
556 4755 586 4811 D.
603 4754 644 4810 tit.
660 4754 860 4827 xxvulnapa
906 4753 993 4823 φθόνος
1004 4755 1046 4805 τοῦ
1061 4750 1186 4817 διαόόλοο,
1208 4749 1249 4802 καί
1270 4750 1436 4820 φθόνος(οον.
1453 4752 1540 4822 φόνος)
1559 4758 1602 4806 τοῦ
1615 4772 1678 4809 τιτι·

102 4834 139 4906 γἰο
150 4838 195 4909 πρὸ
215 4843 259 4892 τοῦ
280 4838 406 4904 κτισθῆναι
421 4837 462 4890 τὸν
476 4837 612 4909 ἄνθρωπον,
640 4839 714 4898 τόπος
737 4856 773 4899 τις
788 4855 860 4908 μετα·
908 4837 1028 4907 pupiano,
1043 4833 1187 4901 ἀπεκλείσθη
1199 4832 1291 4905 αότῷό
1305 4836 1380 4895 τόπος
1394 4837 1436 4900 τῆς
1447 4835 1584 4905 μετανοίας·
1596 4835 1617 4889 εἰ
1629 4837 1677 4911 γὰρ

101 4920 158 4981 τοίας
170 4923 209 4973 καὶ
223 4927 260 4992 τῷ
279 4921 387 4992 διαόόλῳ
402 4920 555 4974 όπελείπετο·
571 4920 612 4972 καὶ
625 4920 730 4988 ἠδύνατο
747 4920 858 4991 ότῦφος,
912 4917 996 4971 Ἠσαῦ
1016 4919 1092 4970 τόπον
1114 4922 1157 4983 τῆς
1179 4917 1307 4988 μετανοίας
1321 4915 1377 4988 οὐχ’
1402 4910 1455 4986 εὗρε
1478 4918 1510 4970 τά
1523 4922 1679 4990 πρωτοτόκια

103 4998 167 5056 ιίκιὶ
180 5004 341 5077 ἀρχαιότερον
358 5002 388 5073 ἦν
402 5005 509 5075 νόσημα,
525 5005 591 5076 ὅμως
604 5003 646 5056 διὰ
659 5004 787 5076 μετανοίας
806 5003 860 5056 tau·
908 5002 1070 5073 ἀποδόμενος·
1087 5001 1122 5064 τίς
1148 5002 1223 5064 τόπος
1247 4999 1376 5071 μετανοίας
1403 4999 1561 5056 ἀπολείπεται
1583 5009 1620 5075 τῷ
1635 5005 1678 5058 τόν

3 5098 5 5159 3
104 5084 320 5159 ἀπίξιλασκμίνοο
344 5088 495 5159 θεραπευθεὶς
508 5087 708 5154 ἀποκαταστῆσαι
730 5085 813 5141 ἑαυτὸν
828 5085 861 5148 εἰς
908 5084 1102 5157 πρωτόπλαστον
1117 5084 1286 5137 ἀποκτείναντι
1307 5081 1449 5154 ἄνθρωπον,
1468 5085 1508 5137 καί
1529 5085 1562 5139 δι’
1587 5083 1679 5140 balaeo

104 5166 244 5243 τοξιρχῆς.
260 5169 302 5242 ἀφ’
316 5165 346 5224 οὔ
360 5171 386 5224 δὲ
400 5176 445 5225 τοῦ
458 5173 551 5242 κόσμου
565 5169 714 5243 παρασκευὴ,
729 5170 769 5223 καί
783 5189 862 5242 παρα·
910 5171 951 5223 τὀν
966 5170 1070 5223 θάνατον
1083 5167 1252 5241 ιίσαγαγόντις

3 5288 4 5297 ι
106 5250 191 5317 idam
211 5255 255 5306 καὶ
268 5254 394 5326 ἄνθρωπος
422 5252 448 5308 ἐν
463 5253 543 5326 αὐτῷ,
568 5256 607 5307 καί
627 5252 714 5321 ἐντολὴ
738 5254 862 5318 decimi

3 5238 5 5283 ί

131 5378 244 5438 'Capu

3 5608 5 5649 ί

254 5488 335 5551 Τοιι.
351 5489 405 5551 lV.

3 5776 5 5911 t

4 6034 9 6139 t
