4122 6184
230 4230 274 4272 Cur
286 4230 330 4272 hac

209 4283 286 4338 opinio
297 4282 355 4337 apud

239 4345 324 4379 veteres

216 4389 351 4432 christianos

209 4442 356 4498 percrebuerit

369 456 409 515 θθ

370 622 410 683 ad
424 621 543 683 cultum
556 622 605 682 sui
616 626 738 700 cogant,
756 627 791 681 ut
802 621 912 682 nidore
925 619 1140 698 altarium,vel

370 714 478 775 hostiis
491 715 646 795 pecudum
660 714 790 793 saginati
803 713 971 789 remissius,
986 732 1056 792 quae
1069 732 1141 775 con-

372 807 570 883 strinxerant,
586 825 708 868 curasse
716 806 915 867 videantur.»
929 807 1026 880 Quem
1035 806 1140 867 locum

372 899 546 979 Cyprianus
558 899 715 961 transtulit
728 899 762 959 in
773 898 889 960 librum
904 916 995 959 suum
1004 896 1038 960 de
1049 897 1141 960 Idolo

372 1009 440 1051 rum
450 996 601 1066 venitate3
618 998 649 1052 et
667 991 875 1054 Tertullianus
890 996 962 1052 ante
981 991 1015 1051 in
1028 989 1139 1072 Apolo-

370 1081 473 1165 petieo¹
486 1085 692 1164 pertractavit,
709 1083 837 1163 qui,etsi
849 1081 1142 1144 damonessubstcn-

372 1174 1141 1257 tetressespirituulesscripserit,nonminustamen

373 1285 539 1347 corporeos
563 1285 628 1329 esse
653 1267 792 1336 credidit,
808 1275 845 1328 ut
870 1266 1024 1346 inprime
1045 1268 1142 1346 eapite

373 1358 546 1420 docuimus.
564 1360 683 1439 Quippe
696 1377 828 1439 corpore
840 1359 877 1419 iis
889 1357 1010 1419 affinxit
1022 1358 1142 1420 subtili-

372 1451 458 1527 tatis,
474 1470 510 1513 ac
522 1451 682 1512 tenuitatis
702 1469 843 1524 summae,
858 1450 972 1531 quihus
982 1456 1013 1511 et
1029 1451 1142 1531 pabula

373 1540 547 1600 necessaria
560 1541 632 1601 sint.
648 1540 722 1601 Ideo
741 1540 876 1620 «captis,
891 1540 1143 1620 etcircumsorip·

372 1628 414 1688 tis
426 1627 591 1689 hominum
611 1629 768 1690 mentibus
790 1630 869 1690 Deos
887 1628 1093 1701 commendat,
1109 1636 1145 1690 ut

375 1724 407 1780 et
430 1718 488 1780 sibi
510 1721 626 1800 pabule
648 1720 774 1801 propria
797 1719 925 1794 nidoris,
942 1724 973 1779 et
986 1720 1146 1798 sanguinis

374 1812 1143 1891 procuretsimulacrisimeginibusoblata¹.rltem:

380 1904 1147 1986 aRenuntient,seimmundesspiritusesse,quod

375 1996 480 2056 velex
503 1996 624 2076 pabulis
646 2015 756 2058 eorum
781 1998 943 2076 sanguine,
959 2002 990 2058 et
1002 1996 1100 2073 fumo,
1116 2004 1147 2060 et

376 2087 493 2167 putidis
505 2090 588 2168 rogis
601 2107 760 2169 pecorum,
776 2095 808 2150 et
820 2088 1068 2169 impuratissimis
1081 2090 1145 2151 lin-

376 2180 447 2260 guis
460 2181 600 2259 ipsorum
612 2187 721 2243 vetum
732 2181 864 2260 intelligi
873 2180 1024 2241 debuerit.
1047 2202 1062 2239 ο

417 2273 469 2333 Vl.
487 2272 860 2354 origenesinprtefetione
868 2273 970 2353 operis
979 2281 1035 2353 περὶ
1047 2280 1143 2355 ἀρχῶν,

377 2366 534 2427 daemones
547 2365 722 2440 subtilibus,
739 2371 770 2426 et
782 2384 866 2426 aurae
889 2365 987 2426 instar
999 2367 1146 2428 tenuibus

379 2475 444 2519 esse
457 2457 789 2539 praeditescorporibus
799 2457 1028 2529 ostendit.Nam
1037 2477 1146 2520 vocem

379 2563 424 2612 τοῦ
439 2557 571 2631 ἀσωμάτου
594 2572 610 2608 ο
635 2551 719 2631 apud
741 2555 860 2611 nostras
886 2549 1060 2629 Scripturas
1079 2569 1145 2613 esse

378 2642 571 2716 inusitatam,
586 2649 618 2703 et
630 2642 820 2722 incognitam
834 2662 849 2698 o
866 2642 920 2702 ait.
940 2642 1028 2715 Quod
1041 2648 1146 2705 autem

378 2735 412 2795 iu
426 2734 530 2795 libello
543 2735 691 2814 quodam,
707 2734 762 2814 qui
781 2733 869 2796 Petri
881 2732 1016 2795 doctriua
1029 2752 1147 2797 nuncu·

378 2831 470 2905 patur
487 2826 627 2888 Christus
645 2826 798 2905 Apostolis
820 2826 932 2886 dixisse
954 2827 1145 2906 perhibetur,

378 2917 446 2979 Νοκ
467 2937 532 2979 sum
553 2917 728 2981 demonium
744 2918 959 2999 incorporeum
983 2921 1150 3000 respondet

378 3010 491 3090 primo,
507 3011 623 3072 librum
645 3012 741 3071 istum
764 3010 849 3071 baud
864 3028 930 3071 esse
942 3012 1146 3090 canonicum

379 3103 492 3163 deinde
527 3121 592 3164 nen
625 3103 772 3165 eumdem
793 3102 861 3164 istic
884 3121 1009 3164 sensum
1034 3104 1149 3166 habere

378 3211 487 3255 vocem
513 3195 688 3276 incorporei,
723 3213 759 3256 ec
788 3213 860 3255 cum
893 3196 932 3255 de
967 3196 1150 3276 incorporea

379 3291 493 3345 natura
517 3285 693 3367 disputatur
719 3305 739 3346 a
764 3286 1009 3365 pbilosophietc
1035 3289 1072 3348 ln
1090 3289 1150 3351 bec

379 3377 464 3438 enirn
488 3376 593 3439 libello
621 3378 842 3457 incorporeum
866 3378 1055 3439 daemonium
1072 3380 1150 3441 dixit

379 3487 436 3548 pro
450 3470 591 3548 e0,quod
604 3469 671 3549 ipse
680 3469 937 3549 ille,quicumque
946 3475 1002 3545 est,
1013 3470 1146 3547 habitus,

379 3560 429 3622 vel
442 3560 684 3642 circttmseriptie
699 3561 865 3623 daemonici
883 3563 1019 3642 eorporis
1029 3582 1094 3624 nen
1104 3570 1150 3625 est

379 3652 489 3713 similis
509 3653 583 3714 huic
597 3661 704 3715 nostro
719 3653 870 3728 crassiori,
892 3653 942 3714 vel
955 3654 1069 3715 visibili
1081 3674 1148 3717 eor·

378 3745 467 3824 pori;
487 3745 541 3806 sed
554 3746 725 3807 seeundum
748 3762 875 3805 sensum
897 3745 974 3824 ejus,
995 3748 1049 3825 qui
1063 3765 1148 3808 com·

379 3837 482 3917 posuit
505 3837 592 3898 illam
614 3838 818 3917 scripturam,
836 3838 1070 3917 intelligendum
1091 3845 1147 3917 est,

379 3929 464 4009 quod
477 3929 565 4006 dixit,
583 3930 615 3990 id
629 3935 675 3990 est
687 3947 751 3992 non
766 3947 831 3990 esse
849 3929 910 3990 tele
921 3948 1044 4009 cerpus,
1059 3931 1148 4011 quale

378 4021 495 4083 habent
508 4022 677 4098 doemones,
700 4022 785 4100 quod
799 4026 845 4082 est
863 4022 1045 4084 naturaliter
1071 4023 1148 4085 suh-

378 4114 445 4188 tile,
461 4119 492 4174 et
506 4115 591 4175 velut
605 4133 683 4176 aura
694 4119 799 4176 tenue.
817 4134 831 4171 ο

421 4206 488 4266 Vll.
510 4207 586 4268 Haec
598 4207 694 4285 igitur
707 4224 798 4268 cause
822 4213 879 4283 est,
894 4225 950 4268 eur
964 4206 1072 4269 nidore
1083 4209 1149 4270 ric·

380 4297 541 4374 timerem,
567 4317 603 4360 ac
627 4299 785 4360 sacrificiis
814 4299 912 4377 pasci,
940 4300 1148 4380 oblectarique

381 4389 549 4464 daemones,
591 4390 757 4453 Christiani
795 4391 900 4471 plures
940 4392 1145 4455 crediderunt.

417 4608 438 4648 a
456 4594 554 4649 Enseu.
572 4593 595 4650 V
608 4592 645 4649 de
655 4596 789 4665 Proepar.
799 4594 830 4647 Oi
847 4593 873 4647 δὲ
887 4599 946 4666 γοῦν
960 4596 1079 4668 περίγειοί
1088 4614 1150 4659 τινες

381 4677 450 4740 ὄντες
461 4677 502 4729 καί
515 4678 683 4750 καταχθόνιοι,
697 4679 739 4730 τόν
756 4695 783 4731 τε
797 4675 889 4749 ίπίγῆς
904 4679 988 4751 βαρύν,
998 4680 1038 4732 καί
1047 4681 1149 4752 ζοφερὸν

382 4758 442 4831 ἀέρα
456 4760 652 4832 περιπολούντες,
666 4760 706 4812 καί
719 4760 749 4812 rb
765 4762 871 4823 σκότιον,
892 4762 934 4814 καί
947 4765 1038 4833 γεῶδες
1053 4762 1150 4831 οἰκητή-

381 4862 432 4914 ριον
455 4842 520 4915 ἔχειν
541 4844 743 4915 κατακεκειμίνοι,
769 4844 800 4896 δι’
820 4845 848 4904 ἃς
868 4842 967 4915 ύστερον
987 4844 1149 4917 ἀποδώσομεν

381 4923 471 4989 αίτίας,
482 4927 566 4996 τάφοις
575 4931 666 4997 νεκρῶν
680 4924 720 4978 καί
732 4925 850 4998 μνήμασι.
863 4926 904 4978 καί
917 4928 982 4999 πάσῃ
998 4932 1029 5000 τῇ
1043 4931 1149 5000 ρυπαρᾷ,

380 5009 421 5061 καί
431 5006 560 5080 ἀκαθάρτῳ
568 5007 613 5079 tin
626 5009 831 5080 φιλοχωροῦντες,
843 5009 928 5080 αἵμασι
941 5029 978 5077 τε,
993 5011 1033 5062 καί
1043 5011 1149 5082 λύθροις,

381 5090 420 5142 καί
436 5091 558 5144 παντοίων
570 5090 641 5152 ζώων
655 5091 764 5163 σώμασι,
781 5096 811 5163 τῇ
832 5111 859 5145 τε
878 5089 965 5146 ἐκτῶν
981 5091 1150 5165 ἀναθυμιωμέ-

381 5191 441 5240 νων,
451 5173 492 5227 καί
506 5172 555 5226 ἀπθ
565 5176 608 5240 τῆς
622 5177 666 5245 γῆς
678 5171 872 5246 ἔξατμιζομάνων
887 5173 999 5229 ἀναδύσει
1013 5177 1150 5248 χαίροντες,

380 5257 407 5309 οἵ
426 5257 553 5311 τετούτων
582 5256 699 5330 άρχοντες
722 5257 799 5330 ἀέριοί
827 5277 889 5320 τινες
907 5258 1066 5332 ύπάρχοντες,
1082 5261 1096 5328 i,
1111 5262 1151 5313 καί

380 5340 538 5413 καταχθόνιοι
547 5339 669 5412 δυνάμεις,
678 5338 729 5394 ἐπεί
738 5342 875 5412 κατέμαθον
887 5343 916 5395 sd
927 5341 1076 5413 ἀνθρώπινον
1084 5344 1153 5413 γένος

381 5426 449 5479 κάτω
466 5443 515 5478 που
528 5422 583 5494 περί
602 5428 694 5496 νεκρῶν
715 5422 811 5496 ἀνδρῶν
830 5422 952 5479 θεοποιίαν
973 5425 1151 5497 ίλυσσώμενον,

412 5581 422 5624 t
434 5583 485 5639 Cap.
497 5595 549 5628 xru.
559 5605 587 5619 -
596 5582 611 5625 θ
621 5582 674 5639 Gap.
686 5593 748 5627 mut.

773 428 783 452 “
875 448 1199 515 rnmmcrcoauu
1219 451 1437 516 nocuerunt

1192 620 1343 681 Eusebius
1353 625 1434 681 certe
1448 620 1602 681 rationem
1611 618 1692 680 hanc
1699 616 1810 694 reddit,
1816 617 1960 697 obquam

1189 713 1233 773 illi
1249 713 1430 775 mortalium
1453 712 1573 774 animos
1586 710 1625 771 ab
1636 711 1702 771 veri
1716 709 1800 770 cultu
1818 709 1962 770 numinis

1189 805 1228 866 ed
1243 806 1408 867 simulacra
1416 805 1603 879 veneranda,
1612 802 1803 864 etsacriliciis
1816 801 1961 880 frequen-

1189 899 1286 959 tanda
1311 897 1477 959 transferre
1505 898 1715 958 studuerunt:
1735 916 1750 953 ο
1768 894 1823 955 Isti
1849 894 1959 973 igitur,

1190 989 1303 1069 inguit,
1319 989 1399 1051 cirea
1411 995 1540 1062 terram,
1561 1007 1597 1049 ac
1621 988 1678 1048 sub
1697 1006 1734 1048 ea
1749 986 1907 1066 degentes,
1924 1003 1963 1047 ac

1189 1086 1351 1143 terrenum
1361 1099 1465 1143 aerem
1477 1098 1614 1143 cressum
1623 1079 1724 1155 iilum,
1738 1078 1962 1157 caliginosum·

1191 1191 1253 1252 que
1274 1179 1486 1255 pervagantes,
1502 1178 1534 1234 et
1546 1173 1579 1234 iu
1593 1171 1832 1246 tenebricosum,
1847 1187 1883 1230 ac
1894 1174 1963 1230 ter·

1191 1283 1305 1327 renum
1327 1266 1518 1327 domicilium
1540 1263 1681 1343 relegati,
1706 1263 1747 1323 ob
1769 1279 1821 1323 eas
1840 1278 1963 1336 causas,

1192 1375 1269 1437 quas
1293 1358 1424 1419 subinde
1455 1357 1636 1433 referemus,
1662 1355 1743 1416 circa
1762 1358 1964 1414 mertuorum

1191 1446 1962 1530 sepmcre,etmonumenta,acsordidamemnem,

1191 1539 1410 1623 impuramque
1420 1540 1583 1603 materiem
1597 1539 1785 1615 oberrantes,
1795 1537 1962 1616 sanguine,

1192 1651 1230 1695 ac
1242 1635 1328 1710 tabo,
1343 1640 1375 1695 et
1391 1634 1594 1714 omnigenum
1608 1630 1812 1692 animantium
1826 1630 1965 1709 corpori-

1194 1724 1264 1802 bus,
1279 1733 1371 1806 atque
1385 1744 1506 1799 eorum,
1520 1725 1575 1805 qui
1588 1729 1718 1785 exterra
1727 1727 1867 1797 manent,
1878 1719 1966 1781 suffi-

1194 1823 1306 1895 tuum,
1324 1836 1538 1898 vaporemque
1565 1816 1664 1877 halitu
1681 1814 1869 1894 gaudentes3
1891 1818 1966 1873 tum

1195 1928 1305 1971 eorum
1322 1911 1487 1991 principes,
1497 1912 1650 1990 quaesunt
1662 1907 1754 1967 aeriae
1765 1905 1921 1985 quaedam,
1932 1908 1966 1964 et

1194 2001 1403 2064 subterranea
1423 2003 1563 2078 virtutes,
1585 2005 1749 2081 postumam
1766 1997 1965 2058 animadver-

1193 2098 1316 2169 terunt,
1344 2095 1520 2155 humanum
1545 2109 1643 2171 genus
1679 2108 1734 2171 per
1760 2089 1827 2152 hoec
1852 2088 1966 2148 intima

1193 2183 1336 2257 volutari,
1352 2183 1529 2262 attingenda
1542 2180 1677 2242 mortuis
1689 2177 1868 2240 hominibus
1881 2176 1965 2237 divi·

1194 2275 1309 2351 nitale;
1324 2284 1355 2338 et
1367 2276 1401 2336 in
1415 2274 1583 2347 sacrificiis,
1594 2292 1630 2334 ec
1643 2271 1816 2338 nidoribus,
1828 2287 1899 2348 quae
1913 2285 1968 2329 res

1194 2367 1269 2447 ipsis
1281 2368 1463 2447 gratissimae
1472 2371 1555 2434 sunt,
1569 2371 1635 2427 toto
1650 2363 1751 2425 studio
1763 2360 1880 2423 versari
1894 2379 1970 2441 pro·

1193 2460 1281 2538 prius
1308 2460 1442 2535 adstites,
1473 2465 1504 2521 et
1530 2458 1687 2537 adjutores
1712 2455 1825 2517 erroris
1856 2453 1969 2514 adfue-

1193 2558 1336 2613 runt“.o

1234 2645 1317 2706 Vlll.
1347 2647 1390 2706 De
1414 2643 1474 2705 hoc
1500 2643 1679 2704 daemonum
1699 2640 1814 2720 pabulo
1838 2640 1973 2719 insignis

1195 2742 1242 2798 cst
1255 2738 1357 2798 Basilii
1375 2737 1473 2812 locus,
1489 2737 1552 2796 sive
1573 2735 1628 2813 qui
1640 2733 1720 2794 alius
1733 2737 1841 2793 auetm
1859 2736 1915 2807 est,
1935 2732 1973 2792 in

1196 2829 1418 2890 commentario
1429 2827 1470 2889 ad
1483 2827 1584 2889 maio
1598 2832 1690 2905 caput
1702 2826 1853 2905 primum,
1867 2842 1972 2904 eaque

1196 2921 1292 2982 verba
1309 2921 1403 2996 illius,
1422 2919 1535 2982 Plenus
1559 2937 1635 2993 euru,
1655 2936 1725 2998 que
1746 2917 1798 2978 hic
1816 2916 1879 2996 legi
1900 2934 1971 2978 non

1195 3013 1307 3074 inutile
1323 3014 1389 3073 sit:
1421 3032 1436 3069 ο
1463 3010 1674 3078 Βωιιιοιιὶθιιε,
1701 3010 1813 3088 iuquit,
1839 3015 1972 3089 propter

1197 3110 1343 3166 naturam
1355 3104 1552 3183 voluptatum
1568 3107 1776 3183 appetentem,
1800 3107 1831 3162 et
1843 3107 1970 3180 pertur-

1199 3197 1375 3260 bationibus
1395 3195 1573 3272 obnoxiam,
1598 3193 1747 3256 sacrificia
1774 3193 1970 3274 voluptatem

1199 3290 1377 3371 quemdam,
1405 3295 1437 3350 et
1462 3304 1555 3349 usum
1589 3286 1724 3348 afferunt
1758 3287 1792 3346 in
1822 3287 1969 3347 nidorem

1201 3383 1359 3458 abeuntia,
1375 3381 1458 3462 quod
1468 3379 1760 3459 exustionesenguis
1773 3384 1970 3458 evaporatus,

1199 3481 1230 3537 et
1243 3476 1380 3536 adhunc
1393 3474 1523 3535 modum
1536 3477 1713 3533 attenuatus
1723 3472 1757 3531 in
1765 3471 1890 3532 illorum
1898 3470 1973 3531 sub-

1199 3567 1344 3629 stantiam
1367 3566 1544 3626 assumitur.
1573 3565 1643 3625 Toti
1670 3564 1754 3625 enim
1788 3568 1972 3643 pertatem

1197 3659 1364 3739 vaporibus
1377 3659 1515 3733 aluntur,
1531 3676 1594 3718 non
1612 3656 1800 3731 mandendo,
1822 3655 1872 3716 vel
1890 3673 1971 3715 ven-

1196 3747 1972 3829 trisoffioio,sedquemadmodumcapilliomnium

2020 2664 2038 2707 lt

1997 2714 2038 2763 uad

1198 3843 1393 3915 animalium,
1410 3848 1442 3903 et
1455 3859 1586 3920 ungues,
1602 3858 1638 3903 ao
1654 3846 1765 3901 catera
1777 3840 1808 3900 id
1823 3855 1922 3917 genus
1936 3840 1974 3899 iu
2037 3830 2038 3887 Ϊ

1196 3934 1604 3997 totamsubstentiamsuam
1613 3930 1971 4009 alimentumaccipiunt.

1197 4028 1243 4089 eh
1270 4028 1304 4088 id
1329 4027 1419 4088 avide
1452 4026 1577 4086 nidores
1617 4025 1772 4101 affectant,
1805 4023 1972 4102 thurisqua

1197 4118 1310 4198 fumos,
1319 4125 1469 4198 tanquam
1484 4119 1522 4178 ad
1536 4116 1727 4178 nutricatum
1739 4133 1831 4177 suum
1841 4114 1972 4176 idoneos

1197 4210 1398 4272 vehementer
1411 4214 1561 4289 expetunt
1573 4208 1595 4270 l.
1607 4229 1623 4266 υ

1240 4302 1291 4363 Sic
1304 4303 1516 4382 Hieronymus
1527 4302 1560 4361 in
1572 4298 1700 4380 epistola
1711 4314 1795 4359 chvl
1808 4295 1849 4358 ed
1859 4295 1974 4359 Dama-

1199 4414 1264 4456 sum
1280 4441 1288 4471 ,
1316 4393 1428 4455 «Tafis
1445 4399 1493 4455 est
1506 4393 1687 4454 daemonum
1706 4390 1882 4462 multitude,
1898 4408 1973 4469 qure

1199 4599 1291 4660 θυσίαις
1305 4616 1342 4665 τε,
1357 4598 1397 4650 καί
1416 4598 1533 4659 κνίσσαις,
1548 4597 1602 4657 ταῖς
1619 4595 1649 4663 δὴ
1672 4595 1779 4666 μάλιστα
1799 4593 1881 4656 droa
1893 4613 1974 4666 κεχα-

1199 4682 1322 4754 ρισμέναις
1349 4679 1390 4732 διὰ
1412 4681 1491 4746 πάσης
1517 4682 1624 4745 σπουδῆς
1653 4677 1828 4750 ἐκπονούμενον
1835 4719 1843 4743 ,
1873 4675 1974 4750 ἐγγύθεν

1200 4764 1306 4835 ἕρεδροι,
1321 4763 1361 4815 καί
1374 4764 1486 4836 συνεργοί
1498 4766 1541 4830 τῆς
1553 4762 1647 4830 πλάνης
1661 4765 1782 4833 παρῆσαν.

1236 4846 1253 4902 d
1271 4846 1356 4901 msc.
1373 4844 1402 4901 in
1416 4846 1426 4900 ί
1441 4849 1513 4901 Εεα.
1525 4844 1630 4916 Δαίμοσι
1641 4843 1684 4915 μὲν
1704 4842 1752 4915 γὰρ
1773 4841 1815 4897 διὰ
1829 4843 1858 4897 τί
1875 4844 1976 4915 edite

1200 4948 1253 4993 νον,
1277 4929 1318 4981 καί
1346 4926 1457 5001 ἐμπαθὲς,
1474 4929 1499 4982 ai
1519 4929 1598 4982 θυσίαι
1620 4926 1719 4999 φέρουσί
1746 4926 1915 4996 trucidetis,
1932 4930 1974 4982 καί

1200 5011 1285 5085 χρείαν
1299 5008 1484 5082 ἒκθυμιιύμεναι,
1495 5010 1536 5063 tu
1549 5015 1593 5078 τῆς
1606 5010 1713 5071 καύσεως
1726 5007 1915 5081 ἔξατμιζομένου
1927 5016 1974 5066 τοῦ

1200 5095 1315 5167 αἵματος,
1338 5095 1379 5146 καί
1393 5095 1458 5147 ούτω
1472 5092 1512 5147 διὰ
1534 5098 1577 5160 τῆς
1590 5092 1703 5161 τοιαύτης
1726 5092 1925 5160 λεπτοπυιιίσεως
1940 5094 1974 5157 είς

1200 5177 1243 5246 τὴς
1256 5178 1370 5231 σύστασιν
1381 5176 1461 5231 αύτῶν
1476 5176 1722 5250 ἀναλαμθαυυμάνου.
1735 5176 1790 5228 θλοι
1799 5174 1846 5247 γὰρ
1861 5177 1894 5229 δι’
1904 5177 1973 5232 θλων

1200 5260 1328 5332 τρέφονται
1342 5264 1393 5323 τοῖς
1412 5259 1510 5332 ἀτμοῖς,
1525 5259 1553 5312 ού
1576 5260 1618 5312 διά
1633 5259 1787 5331 μασαήσεως,
1802 5258 1842 5310 καί
1866 5260 1972 5323 κοιλίας·

1201 5342 1258 5396 ἀλλ’
1272 5343 1306 5407 ὡς
1320 5344 1345 5397 αί
1366 5343 1448 5416 τρίχες
1468 5344 1566 5397 πάντων
1589 5344 1671 5407 ζώων,
1695 5341 1737 5395 καί
1760 5341 1855 5414 ὄνυχες,
1870 5342 1911 5394 καί
1925 5344 1975 5398 ὅσα

1201 5431 1303 5482 τοιαῦτα
1317 5425 1350 5491 είς
1363 5426 1422 5496 ὅλην
1438 5425 1530 5481 ἑαυτῶν
1546 5425 1590 5497 τὴν
1612 5423 1696 5481 οὖσίαν
1723 5423 1767 5493 τὴν
1792 5423 1883 5499 τρυφὴν
1897 5444 1975 5481 κατα-
