3984 6176
211 337 371 412 ‚m

311 533 418 595 peram
440 517 644 595 intellexerat,
677 519 860 581 iudaeorum
887 524 1012 597 gentem
1040 517 1078 577 ed

311 626 411 668 uniam
431 612 650 691 protoplastem
670 611 774 684 refert,
790 611 926 699 reliquqs
939 610 1080 671 homines

311 702 351 762 ad
380 702 517 774 lienosis,
549 708 579 764 et
604 702 783 777 Leviathan,
815 704 869 783 qui
894 702 990 763 biduo
1009 706 1080 762 ante

311 796 404 856 creati
414 796 537 856 fuerint.
551 796 638 870 Quod
651 796 745 857 etiam
759 798 795 857 de
813 794 937 856 ulmae
948 813 1078 866 numere,

311 895 340 948 et
363 887 464 968 pipare
486 887 540 947 lib.
564 889 576 948 1
594 887 706 967 ineptis
724 888 807 949 hisce
822 886 1009 948 carminibus
1023 905 1079 946 ex·

311 979 441 1059 pressit:

314 1184 330 1221 a
345 1162 501 1224 coelorum
513 1170 603 1225 terna
617 1171 663 1225 331
675 1163 773 1242 regia,
791 1167 880 1223 terna
895 1162 985 1237 acris,
997 1161 1079 1222 unde

310 1255 624 1328 Discrimentemnm,
639 1255 759 1316 telluris
774 1260 862 1315 terna
874 1260 1017 1333 potestas,

308 1348 348 1406 Et
360 1352 457 1408 ternae
479 1348 563 1425 genti
586 1354 694 1407 ternus
713 1347 802 1407 datus
819 1352 865 1406 est
878 1345 1077 1420 Patriareha3

310 1439 390 1500 Cum
411 1440 532 1519 peperit
554 1440 658 1500 Tellus
685 1438 819 1518 genitrix
845 1437 990 1498 animalia
1014 1438 1078 1517 pri-

990 1547 1080 1590 mum

310 1623 449 1698 Ennoeh,
478 1622 659 1699 Leviathan,
689 1629 720 1684 et
746 1640 881 1702 quorum
903 1627 949 1682 est
971 1532 1080 1682 1331133

1015 1730 1076 1781 am,

310 1805 444 1866 Maxima
457 1806 573 1867 tudae
585 1812 621 1867 31
632 1805 776 1868 credebat
786 1798 886 1885 portio
900 1713 1013 1884 gedddl,

310 1898 364 1956 Cui
379 1905 444 1958 erat
464 1917 503 1959 ex
520 1917 584 1973 333
606 1904 730 1959 tantum
748 1898 905 1976 generatio
925 1902 1039 1958 saneta.
1059 1916 1075 1953 »

364 2083 451 2157 Quod
465 2083 498 2142 bi
536 2088 807 2163 praeconceperant
819 2083 924 2143 animo
938 2080 1080 2143 Praeada·

309 2176 449 2236 mitieum
474 2183 619 2255 systema,
655 2174 834 2254 explicatius
867 2174 1011 2253 protuht,
1048 2179 1079 2234 et

309 2263 473 2343 multiplici
505 2268 762 2343 argumentorum
797 2280 909 2341 genere
936 2280 1077 2342 compro-

309 2356 395 2417 bavit
408 2357 527 2417 isaurus
538 2356 569 2417 la
582 2357 712 2436 Peyrere
725 2355 818 2415 domo
839 2354 1077 2433 Burdigalensis‚

309 2448 457 2527 religione
472 2448 668 2510 calvinianus
677 2466 760 2509 anno
772 2463 866 2509 nncnv
882 2446 925 2527 (in
939 2446 1079 2507 (talmatii

310 2541 426 2601 Bthheo
453 2540 634 2601 dictionario
662 2559 762 2600 33333
789 2554 884 2599 amour
916 2556 1079 2618 perperam

310 2633 479 2713 adscriptus
499 2630 566 2712 est.)
591 2633 670 2693 Nam
687 2632 740 2692 illo
757 2650 840 2692 anno
858 2629 974 2692 librum
986 2631 1080 2691 edidit

309 2724 406 2798 urbis,
431 2734 461 2784 31
478 2723 663 2803 typographi
683 2740 846 2803 suppresso
873 2723 1078 2783 3313133133-

310 2818 461 2896 criptum:
474 2813 696 2888 Proeadoueitee,
712 2815 772 2876 sive
787 2814 818 2876 E
817 2813 978 2875 aereitotio
991 2833 1080 2895 saper

311 2906 438 2969 verubus
467 2909 504 2967 11
533 2909 570 2967 13
593 2909 677 2967 3114
700 2906 808 2988 eapitis
828 2906 855 2968 V
872 2905 1005 2987 epistolae
1018 2905 1082 2968 deza

310 2999 406 3062 Pauli
419 2999 625 3072 3111333333,
654 2998 760 3080 quibus
781 2998 961 3060 inducantur
985 3000 1082 3080 pri'mi

312 3091 437 3152 homines
462 3100 529 3153 uate
555 3091 700 3152 adamum
731 3091 851 3154 conditi.
887 3091 975 3166 Qirod
1001 3110 1080 3171 opus

312 3183 476 3244 immutato
496 3182 597 3243 solum
615 3183 705 3243 111313
720 3184 830 3245 eodem
843 3202 925 3245 anno
938 3184 1077 3259 recudit;

313 3275 496 3352 praenotavit
516 3280 640 3335 autem:
660 3274 795 3356 Sgstemc
821 3274 1022 3355 Theolopieom
1042 3294 1080 3335 esc

315 3365 583 3429 Proeudomitorum
598 3365 764 3447 hypothesi,
771 3384 845 3447 pars
868 3366 985 3447 primu:
1000 3368 1079 3427 Nam

312 3461 367 3520 etsi
382 3459 443 3520 duo
460 3460 580 3520 diversa
593 3459 660 3519 haec
682 3477 776 3538 opera
790 3476 854 3519 esse
868 3458 972 3537 plures
985 3458 1078 3520 adfir-

312 3556 415 3621 mant;
440 3569 540 3611 unum
561 3555 678 3626 tamen,
700 3556 792 3630 atque
805 3551 950 3611 eumdem
963 3550 1078 3614 librum

311 3642 428 3723 duplici
441 3642 529 3703 titulo
544 3641 583 3702 ab
592 3643 693 3703 isaaco
702 3642 733 3702 la
746 3642 878 3722 Peyrere
891 3661 975 3703 anno
984 3659 1079 3704 imotv

311 3736 350 3796 da
367 3735 427 3796 hoe
445 3739 629 3814 argumento
646 3734 694 3794 bis
708 3752 855 3795 excusum
868 3733 960 3795 fuisse
974 3739 1081 3795 monet

311 3827 413 3889 Abbas
437 3826 600 3906 d'hrtigny
627 3831 650 3886 t.
681 3826 720 3887 111
748 3844 902 3887 novorum
926 3826 1078 3898 historiae,

311 3920 440 3996 critices,
462 3925 554 3999 etque
581 3918 738 3980 litterariae
765 3917 945 3979 eruditionis
967 3937 1081 3979 monu-

312 4019 500 4075 mentornm.
518 4012 588 4073 Jam
600 4010 675 4091 quid
685 4010 854 4072 somniator
863 4011 920 4071 istc
931 4011 1078 4086 venditet,

312 4123 446 4185 expono.
829 4170 833 4175 ,

368 4199 422 4259 IV.
457 4198 539 4257 Duas
547 4193 982 4273 hominumproereationesa
996 4195 1082 4254 Mose

316 4287 452 4353 Geaeseos
474 4289 561 4349 initio
584 4287 704 4349 narrari
728 4287 772 4347 ait
789 4288 917 4348 insanus
930 4285 1082 4346 hietaba-

313 4383 404 4455 lator,
432 4381 531 4460 capite
552 4382 654 4460 primo
677 4379 818 4455 alteram,
840 4379 970 4439 alteram
984 4378 1083 4457 eapite

314 4473 449 4536 secundo
462 4495 470 4548 ;
485 4471 538 4532 1113
551 4491 624 4532 vero
639 4472 799 4534 eonditum
808 4471 900 4531 tuisse
914 4469 1083 4531 Gentilium

313 4571 487 4647 parentem,
511 4570 542 4624 et
564 4569 668 4643 caput,
693 4564 779 4642 eujus
798 4569 828 4624 et
840 4581 957 4624 nomen
970 4568 1082 4642 etpos-

312 4665 395 4719 13333
425 4674 509 4716 sacer
539 4655 703 4716 historicus
734 4656 855 4716 silentio
886 4654 1081 4735 praeterierit,

314 4750 399 4830 quod
411 4750 429 4810 J
432 4748 537 4809 adaeus
552 4748 616 4828 ipse
629 4747 723 4808 salins
739 4750 838 4827 gentis
857 4766 921 4809 333
936 4747 1082 4826 origines,

314 4842 407 4920 leges,
427 4859 477 4901 res
498 4845 610 4920 gestas,
626 4845 746 4916 eventa,
763 4841 995 4919 chronologiam
1009 4840 1082 4901 sori-

313 4935 388 4995 bere
412 4939 490 4994 esset
509 4951 691 5012 aggressns;
712 4933 808 4994 altera
829 4933 1084 5010 1313313333-

314 5031 435 5087 rentem
458 5026 593 5105 primum
616 5025 727 5087 Adami
750 5029 877 5087 nomine
899 5025 1084 5105 insignitum

314 5119 408 5196 longo
420 5122 489 5197 post
510 5124 648 5198 tempore
663 5119 821 5199 prodiisse.
838 5118 998 5198 Duplicem
1011 5134 1084 5195 ergo

315 5215 566 5291 protoparentem
580 5211 671 5290 fingit
693 5211 753 5272 sibi
772 5210 972 5271 Calvinianus
985 5210 1086 5269 Preca-

315 5303 443 5376 damita‚
464 5303 728 5381 quemadmodum
747 5303 909 5383 geminum
927 5300 1085 5363 constituit

342 5502 353 5546 t
369 5503 473 5549 63313.

717 352 921 416 ADVERSUS
943 348 1295 415 PRAEAUAMITARUM
1318 347 1498 412 SYSTEMA

1969 454 1970 487 l

1130 515 1294 577 hominum
1327 534 1437 594 genus,
1471 514 1652 590 Gentilium,
1687 516 1828 596 inquam,
1858 524 1885 579 et

1969 646 1970 679 l

1969 684 1970 721 l

1130 609 1321 684 iudaeorum,
1346 614 1513 688 utrumque
1540 626 1579 669 ex
1600 608 1659 669 alio
1683 608 1775 688 plane
1794 609 1885 689 stipite

1130 706 1345 781 propagatum,
1357 701 1659 761 aemultoruminter
1672 719 1704 762 se
1714 700 1886 762 saeculorum
1969 728 1970 763 v

1129 793 1291 854 intervalia
1317 793 1514 871 emunctam.
1544 794 1624 854 uina
1650 793 1887 855 sentiremus

1130 903 1307 964 anonymus
1325 891 1413 966 pater
1426 886 1553 965 ejusque
1566 886 1691 965 posteri.
1707 884 1887 947 Proedumitc

1129 983 1290 1052 vorantur,
1305 979 1718 1057 quodlongoanteereetum
1729 978 1887 1049 Adamum,
1969 982 1970 1031 t

1130 1071 1213 1131 unde
1232 1071 1414 1132 iudaeorum
1436 1071 1519 1131 natio
1540 1076 1646 1132 exorta
1666 1075 1722 1143 est,
1742 1088 1888 1131 annorum
1969 1088 1970 1151 5

1129 1162 1227 1240 spatio
1261 1163 1415 1223 mundum
1449 1162 1662 1223 inhabitarint.
1690 1163 1765 1236 Quae
1793 1167 1888 1222 33133

1129 1252 1299 1315 efficaciora
1326 1260 1399 1314 sunt
1426 1256 1601 1334 systematis
1628 1255 1676 1314 sui
1701 1259 1887 1333 argumenta,

1130 1364 1201 1405 eum
1215 1365 1357 1408 eversum
1370 1347 1410 1407 iri
1422 1346 1618 1425 intelligeret,
1633 1346 1659 1406 si
1680 1344 1815 1406 Gentiles
1826 1363 1890 1405 suos
1969 1368 1970 1437 q

1130 1440 1238 1502 diluvii
1272 1439 1390 1501 Noetici
1425 1440 1512 1518 aquis
1546 1438 1693 1499 fateretur
1710 1437 1888 1509 submersos,
1969 1442 1970 1525 ζ

1129 1533 1240 1594 lubens
1266 1532 1300 1593 in
1326 1549 1395 1592 eam
1420 1532 1606 1592 sententiam
1636 1530 1800 1603 concessit,
1827 1548 1890 1607 qnae
1969 1546 1970 1613 ,

1129 1627 1231 1686 isaaco
1244 1624 1351 1685 Vossio
1365 1642 1500 1702 quoque,
1510 1625 1657 1699 11333313,
1669 1621 1889 1697 Woodwardio,
1969 1644 1970 1709 ᾗ

1129 1716 1259 1798 aliisque
1273 1715 1553 1796 intemperantioris
1572 1715 1689 1794 ingenii
1703 1714 1890 1775 heterodoxis

1130 1809 1259 1889 probata
1283 1809 1352 1884 init,
1381 1814 1416 1869 ut
1442 1809 1522 1868 hanc
1544 1825 1650 1868 rerum
1666 1806 1890 1867 universitatem

1130 1918 1256 1962 omnem
1267 1918 1419 1980 aquarum
1428 1899 1459 1960 vi
1467 1898 1562 1959 tuisse
1571 1904 1733 1974 vamtatem,
1740 1916 1890 1977 genusque
1969 1960 1970 1975 ,

1130 1989 1888 2070 hominumuniversumtnncperiisseinficiaretur.
1969 2000 1970 2029 t

1131 2086 1220 2158 Nam,
1247 2094 1349 2161 terres,
1369 2103 1462 2164 super
1479 2101 1573 2163 quam
1590 2083 1708 2144 laetum
1730 2100 1796 2143 esse
1817 2082 1890 2142 11113-

1131 2177 1218 2240 vium
1244 2178 1447 2258 quadraginta
1480 2175 1589 2237 diebus
1622 2181 1730 2237 narret
1770 2173 1888 2236 Moses¹.
1969 2172 1970 2249 i

1130 2271 1370 2333 nominennam
1383 2269 1576 2329 palestinam
1592 2266 1759 2345 significari
1773 2271 1890 2327 conten-
1969 2276 1970 2321 t

1130 2363 1233 2425 debat.
1249 2365 1321 2424 Haec
1335 2358 1564 2423 Praeadamatiei
1574 2359 1892 2439 sysmematissumms
1969 2378 1970 2455 ᾗ

1130 2461 1187 2519 est.

1169 2549 1206 2610 V.
1243 2549 1312 2608 Non
1345 2546 1443 2607 multo
1486 2549 1556 2624 post
1581 2542 1775 2620 divulgatam
1815 2542 1892 2622 apud
1969 2546 1970 2623 t

1131 2634 1892 2718 Batavoslibris,quosrecensui,doctrinemsuam
1969 2654 1970 2699 t

1130 2735 1260 2796 Romam
1280 2732 1357 2793 adiit
1382 2732 1523 2802 isaacus,
1544 2728 1599 2789 ubi
1622 2745 1694 2788 cum
1721 2727 1892 2787 Calviniana

1130 2825 1275 2904 dogmata
1296 2824 1454 2903 ejurasset,
1478 2820 1750 2883 Praeadamitioum
1777 2836 1893 2898 quoque
1969 2856 1970 2859 =

1129 2918 1297 2978 recantavit
1307 2920 1452 2995 systema,
1461 2914 1660 2974 editaitomae
1674 2907 1895 2971 3333311331

1130 3008 1315 3070 Pdr'lotiaara
1330 3006 1468 3086 epistola,
1484 3023 1554 3084 quae
1572 3007 1719 3081 sequente
1733 3021 1808 3063 mcx
1819 3021 1893 3062 anno
1969 3012 1970 3065 i

1130 3101 1263 3172 Parisiis,
1280 3105 1310 3159 et
1333 3096 1525 3158 Francoturti
1546 3114 1654 3157 recusa
1674 3094 1744 3155 1311.
1771 3094 1894 3155 Parisios
1969 3088 1970 3123 ³

1130 3193 1240 3254 deinde
1252 3190 1477 3269 commigravit,
1493 3193 1586 3267 atque
1599 3187 1683 3268 apud
1699 3189 1810 3248 Patres
1824 3188 1892 3248 Ora-

1129 3285 1202 3347 13111
1209 3303 1241 3345 33
1250 3283 1476 3362 recepit,inque
1488 3298 1599 3341 eorum
1608 3278 1768 3341 domicilio
1778 3278 1894 3339 133133]

1131 3394 1250 3438 333313
1263 3391 1358 3454 agens
1375 3373 1547 3434 secundum
1570 3390 1663 3452 supra
1677 3372 1895 3450 octogesimum
1969 3402 1970 3435 1

1129 3469 1228 3551 pridie
1261 3466 1413 3528 Kalendas
1445 3466 1629 3527 Februarias
1662 3482 1725 3525 an.
1762 3478 1897 3544 mclxiv,
1969 3472 1970 3529 ἶ

1133 3561 1380 3625 Christianorum
1391 3560 1453 3619 ritu
1467 3557 1606 3619 decessit.
1625 3557 1704 3619 Sunt
1715 3562 1835 3631 tamen,
1848 3563 1897 3634 qui

1131 3655 1220 3715 illum
1234 3652 1384 3728 velint,ut
1398 3650 1564 3712 Alexandri
1573 3651 1647 3711 VII.
1663 3650 1702 3710 P.
1711 3650 1758 3709 M.
1773 3648 1897 3728 gratiam

1132 3750 1348 3825 aucuparetur,
1362 3744 1553 3824 palinodiam
1573 3742 1742 3803 cecinisse:
1759 3748 1898 3802 caeterum

1132 3840 1166 3900 in
1179 3843 1394 3920 praeconcepto
1417 3836 1465 3896 sui
1480 3835 1654 3916 systematis
1675 3853 1781 3896 errore
1802 3849 1898 3913 perse·

1130 3949 1263 3993 vorasse.
1278 3931 1345 4004 Qua
1361 3929 1399 3989 de
1413 3947 1446 3988 rc
1464 3928 1509 3988 uti
1531 3928 1569 3988 de
1583 3926 1676 3988 rebus
1690 3925 1759 3986 31113
1773 3925 1812 3986 ad
1832 3939 1898 3984 eom
1969 3942 1970 3999 j

1132 4023 1357 4106 pertinentibus
1371 4020 1496 4082 consule
1516 4020 1556 4080 sis
1580 4020 1715 4080 Boelium
1733 4018 1769 4078 in
1795 4015 1897 4078 Lesieo

1132 4116 1280 4192 historico,
1293 4114 1493 4177 Guillelmum
1502 4111 1651 4172 Patinum
1664 4111 1767 4191 primo
1782 4107 1896 4189 Episto-

1134 4209 1233 4270 lorum
1246 4206 1416 4274 volumine.
1430 4203 1570 4284 Theoph.
1588 4202 1758 4283 Spizelium
1776 4201 1807 4260 in
1823 4197 1896 4278 ias·

1133 4289 1898 4373 lieilitterut0,seleetasRiehsrdiSimoniiepistolas

1131 4398 1217 4453 tomo
1231 4389 1376 4465 secunde,
1401 4395 1432 4450 et
1453 4388 1606 4449 Abbatem
1620 4386 1785 4465 d'hrtigny
1810 4398 1897 4461 snpra

1132 4483 1334 4564 appellatum.

1171 4576 1224 4635 VI.
1249 4575 1282 4636 Si
1301 4572 1427 4635 Petavio
1446 4571 1588 4631 nondum
1601 4571 1767 4630 demortuo
1781 4571 1898 4630 Isaacus

1131 4667 1226 4728 hoece
1247 4683 1339 4726 suum
1362 4663 1504 4725 edidisset
1524 4668 1671 4741 systema,
1697 4680 1762 4721 non
1783 4659 1896 4731 dubito,

1133 4760 1210 4839 quin
1237 4755 1509 4838 praestanfissimus
1529 4754 1581 4814 ille
1607 4753 1772 4829 theologus
1796 4750 1847 4811 ubi
1867 4745 1898 4809 de

1132 4845 1243 4908 Maedi
1259 4844 1376 4928 opificio
1396 4844 1618 4922 adgrederetur
1637 4841 1676 4903 ad
1695 4840 1895 4902 scribendum.

1132 4940 1167 5000 in
1184 4956 1314 5018 pravam
1328 4937 1403 4996 novi
1422 4934 1616 5014 dogmatistae
1640 4933 1814 4994 doctrinam
1835 4928 1897 4991 dili·

1134 5042 1242 5110 genter
1255 5028 1472 5108 inquisivisset.
1490 5026 1577 5092 Quod
1593 5025 1714 5087 Pitavio
1728 5043 1793 5085 non
1806 5021 1896 5085 licuit.

1136 5123 1306 5201 praestitere
1320 5120 1373 5179 alii
1386 5117 1596 5199 quamplures,
1613 5135 1691 5196 quos
1708 5117 1800 5187 inter,
1815 5119 1851 5173 ut
1862 5128 1898 5171 ne

1134 5214 1314 5293 Philippum
1333 5213 1362 5273 le
1380 5211 1502 5287 Prieur,
1523 5209 1664 5271 Natalem
1683 5207 1896 5269 Alexandrum.
1969 5200 1970 5205 ’

1136 5311 1324 5386 caeterosque
1337 5321 1579 5365 commemorem
1590 5320 1609 5363 a
1622 5300 1716 5362 Balio
1736 5301 1770 5360 13
1789 5295 1898 5359 Dictis·
