3948 6172
313 351 373 412 seo
862 328 1062 411 Aaronom
1084 348 1305 411 romanon
1325 349 1351 410 n

312 523 421 598 queat5
436 517 463 577 si
476 517 602 578 flamma
616 522 774 598 correptus
791 534 856 577 non
878 516 1080 591 amburatur3
1133 521 1188 577 tua
1213 516 1313 597 culpa,
1330 533 1425 597 quam
1448 514 1536 591 dedi,
1563 514 1662 575 vitam
1681 513 1814 593 eripere3
1835 514 1887 577 hoc

312 611 340 671 si
372 610 460 689 aquis
492 609 623 671 haustus
647 626 713 670 non
739 609 923 685 suffocatum
953 608 1083 670 tulmine
1133 607 1247 687 ipsum,
1270 609 1353 688 quod
1371 608 1430 669 hae
1447 612 1608 688 potestate,
1621 613 1653 668 et
1675 604 1816 666 libertate
1833 624 1886 668 non

312 719 552 783 percussnsnon
567 701 753 781 conflagrem
768 702 841 778 telo,
865 708 920 763 aut
933 719 1007 762 saxo
1022 702 1082 762 im·
1132 705 1218 777 utar3
1244 701 1314 769 hoc,
1342 702 1482 780 inquam,
1511 700 1596 780 quod
1618 716 1725 759 meum
1752 699 1889 761 duntaxat

313 796 438 875 petitus,
455 799 548 874 atque
572 794 650 855 ictus
670 795 786 856 vulnus
799 794 923 856 nullum
936 794 1081 874 accipiat3
1133 798 1188 866 est,
1208 801 1253 867 ut,
1270 812 1332 874 qua
1357 794 1476 854 ratione
1503 793 1569 854 fieri
1585 797 1697 870 potest,
1722 798 1812 852 tuum
1829 792 1887 867 tiat;

313 886 340 947 si
353 886 429 947 levis
442 885 542 947 eidem
554 887 594 948 sit
607 887 708 947 omnis
722 888 824 962 ruina,
846 888 950 968 lapsus
968 886 1083 966 quique
1133 902 1199 963 age,
1216 886 1291 964 quid
1306 884 1453 946 exhibes?
1467 884 1548 959 Quid
1563 884 1628 957 das,
1643 889 1680 943 ut
1700 883 1757 942 tibi
1773 901 1822 944 me
1834 902 1889 945 arc

313 978 499 1053 mollissimi,
514 978 547 1039 id
561 978 645 1039 enim
666 997 739 1039 vero
761 979 854 1059 longe
871 978 1084 1040 admirabilius
1131 977 1194 1037 tius
1207 977 1353 1057 obligem,
1369 994 1464 1056 quam
1479 994 1529 1037 me
1549 975 1715 1054 obligarim
1731 975 1797 1036 sola
1810 976 1889 1035 dona·
1912 1045 1921 1062 ·

312 1068 402 1145 toret,
417 1088 571 1150 supraque
584 1071 722 1131 hominis
735 1072 798 1150 jus,
814 1072 1083 1150 conditionemque
1131 1068 1217 1128 tione
1240 1075 1370 1141 naturae,
1383 1070 1418 1129 in
1438 1087 1500 1148 qua
1517 1068 1589 1129 licet
1598 1069 1651 1147 jus
1662 1067 1888 1128 immortalitatis

314 1161 414 1222 multo
434 1162 527 1223 altius
552 1168 735 1241 assurgeret.
764 1164 917 1237 Quoniam
944 1164 1082 1241 remissa,
1132 1159 1259 1239 aliquod
1273 1161 1322 1235 sit,
1338 1160 1483 1222 violabile
1498 1166 1603 1221 tamen
1618 1160 1648 1220 id
1663 1158 1733 1220 est?
1750 1159 1838 1234 Quid,
1852 1159 1889 1220 in-

313 1260 536 1335 attemperata
548 1255 583 1315 in
597 1272 634 1315 eo
655 1255 838 1316 naturaliter
857 1262 929 1316 sunt
946 1255 999 1316 illa
1020 1274 1085 1316 om·
1133 1271 1239 1332 quam
1252 1253 1317 1327 das,
1330 1258 1366 1313 nt
1378 1255 1535 1333 integrum
1555 1253 1612 1315 tibi
1627 1270 1760 1332 semper,
1777 1253 1890 1313 inviota-

313 1347 377 1418 nia,
394 1365 464 1427 quae
479 1364 601 1407 summa
615 1353 689 1407 sunt
700 1347 886 1427 plerumque
904 1348 938 1408 in
950 1348 1085 1410 externis
1132 1351 1263 1424 tumque
1277 1345 1418 1406 constet?
1432 1346 1510 1406 Nolo
1519 1345 1578 1407 tibi
1585 1345 1617 1405 id
1627 1345 1773 1406 obveniat
1785 1345 1888 1407 otioso:

314 1438 399 1498 hisee
412 1438 553 1499 hostibus
569 1459 576 1498 :
592 1439 687 1513 calor,
697 1439 804 1519 frigus,
822 1440 959 1509 dimittes.
974 1447 1005 1501 et
1015 1441 1084 1501 aliae
1134 1435 1299 1512 laboranti,
1315 1457 1351 1498 aa
1366 1444 1447 1499 reate
1470 1437 1577 1517 agenti
1590 1439 1758 1517 premium
1775 1437 1830 1497 hoe
1843 1436 1890 1498 tibi

316 1530 479 1609 qualitates
491 1531 629 1608 ejusdem
644 1532 729 1593 modi
747 1553 753 1593 :
770 1550 840 1611 qnae
849 1533 977 1593 totidem
990 1532 1086 1592 vetuti
1135 1528 1278 1598 decerno,
1295 1549 1360 1590 non
1378 1530 1475 1609 gratis
1498 1530 1577 1590 sicut
1597 1529 1706 1590 datum
1728 1536 1784 1600 ast,
1799 1535 1831 1588 ut
1847 1528 1889 1605 sis,

316 1638 403 1682 arma
428 1640 535 1682 rerum
562 1624 682 1683 naturis
709 1624 857 1685 attributa
881 1630 965 1699 sunt,
991 1630 1027 1685 ut
1047 1624 1087 1685 iis
1135 1628 1274 1682 constare
1298 1621 1355 1681 tibi
1369 1622 1485 1701 pariter
1510 1621 1613 1695 debet,
1628 1626 1664 1681 nt
1684 1627 1827 1701 perpetuo
1847 1621 1889 1683 sis.

316 1713 397 1775 inter
406 1732 438 1776 se
452 1714 671 1794 digladientur,
688 1722 720 1777 et
733 1717 916 1778 sihimutuo
932 1717 1085 1777 resistant.
1137 1712 1181 1773 tta
1191 1712 1280 1790 forte,
1294 1713 1349 1792 qui
1363 1720 1469 1774 noster
1480 1720 1526 1775 est
1539 1713 1731 1792 intelligendi
1746 1731 1820 1788 mos,
1834 1714 1889 1795 opi-

316 1806 394 1873 Quae
417 1824 489 1867 oum
511 1807 668 1868 verissime
695 1809 903 1888 disputentur,
927 1811 961 1868 in
980 1815 1087 1888 aperto
1137 1804 1206 1865 nari
1218 1804 1337 1878 liberet,
1352 1805 1378 1865 si
1393 1812 1514 1867 natmae
1539 1806 1676 1867 hominis
1697 1807 1812 1867 adnexa
1832 1807 1889 1884 qui-

312 1897 381 1976 jam
398 1904 471 1959 sunt
484 1898 538 1959 illa
561 1900 635 1974 duo,
651 1919 721 1979 quaa
743 1901 926 1962 declaranda
946 1918 1087 1980 suscepo-
1138 1897 1208 1957 dem
1223 1897 1439 1959 immortalitas
1451 1898 1542 1973 toret,
1557 1899 1611 1959 sed
1625 1898 1703 1959 adeo
1725 1899 1804 1969 laxe,
1816 1904 1847 1957 ut
1860 1917 1891 1959 ea

316 2008 395 2067 ram,
412 1991 449 2050 iis
462 1990 556 2052 rebus
572 1991 706 2053 obsideri
717 1993 884 2054 hominum
893 1994 1000 2069 vitam,
1016 2012 1089 2053 eum
1138 1989 1325 2070 disjungere,
1351 1992 1401 2051 vel
1425 1989 1553 2051 homine
1581 2009 1646 2051 non
1674 1997 1826 2070 peccante,
1840 1992 1890 2051 Deo

317 2081 442 2160 quibus,
457 2087 512 2141 aut
525 2082 612 2143 nullo
626 2101 767 2162 unquam
780 2093 919 2163 tempore
929 2086 1086 2164 congredi,
1138 2082 1405 2161 expeditissimum
1435 2089 1524 2144 esset.
1549 2083 1644 2144 Secus
1672 2100 1748 2143 vero
1778 2083 1891 2143 sentien

317 2179 372 2233 aut
386 2174 719 2251 cassempervincere,
738 2194 832 2254 supra
852 2179 1011 2237 hominem
1037 2178 1086 2238 sit.
1137 2175 1213 2234 dum
1241 2175 1369 2235 omnino
1394 2180 1449 2244 est,
1479 2177 1515 2250 si,
1546 2175 1630 2254 quod
1655 2175 1820 2235 adversarii
1846 2193 1891 2255 pu

358 2264 419 2326 Sed
446 2265 596 2326 haetenus
624 2267 657 2327 in
682 2267 818 2347 physicis
850 2269 1008 2328 immorati
1040 2287 1089 2330 su·
1138 2273 1247 2345 gnant,
1262 2266 1381 2328 bonum
1394 2268 1478 2328 istud
1500 2274 1620 2329 naturae
1642 2268 1780 2327 hominis
1798 2274 1840 2327 est
1857 2268 1892 2327 ita

318 2373 400 2432 mus,
416 2356 455 2418 ad
469 2356 642 2436 theologica
663 2360 836 2420 veniamus.
857 2360 1087 2429 immortalitas,
1138 2360 1317 2439 proprium3
1333 2365 1368 2420 ut
1381 2360 1542 2421 hominem
1557 2360 1684 2439 quidem
1699 2378 1766 2420 non
1779 2360 1892 2420 condere

318 2455 354 2511 ut
367 2455 413 2510 est
426 2450 509 2530 apud
522 2456 641 2512 veteres
658 2452 778 2528 Patres,
794 2453 948 2532 praecipue
967 2455 1089 2532 Augus·
1138 2452 1276 2531 potuerit
1289 2453 1369 2512 Deus
1384 2473 1391 2512 :
1408 2453 1572 2513 mortalem
1581 2459 1686 2513 autem
1701 2452 1828 2512 condere
1840 2470 1892 2511 non

317 2542 421 2601 tinum
434 2542 455 2602 l.
470 2542 546 2601 Xlll
573 2541 677 2604 decio.
691 2543 749 2604 loc.
771 2544 821 2609 eit,
847 2545 950 2623 primo
967 2545 1090 2605 homini
1140 2544 1285 2621 potnerit.
1309 2542 1465 2618 Profecto,
1481 2544 1612 2604 istorum
1641 2543 1804 2617 sententia,
1829 2561 1891 2622 pra·

319 2633 417 2693 aDeo
439 2633 605 2693 constituta
625 2641 671 2695 est
692 2634 875 2696 obedientiae
899 2637 1088 2714 praemium:
1140 2634 1197 2694 mii
1218 2635 1370 2696 rationem
1392 2634 1506 2696 habere
1534 2636 1653 2715 nequit.
1680 2637 1771 2705 Nam,
1801 2642 1892 2714 preter

319 2725 445 2805 propria
460 2725 556 2804 igitur
569 2726 706 2786 hominis
726 2746 790 2788 non
804 2732 849 2788 est
863 2726 1088 2805 immortalitas,
1140 2743 1235 2804 quam
1249 2727 1333 2804 quod
1346 2727 1521 2806 praemium,
1538 2746 1573 2788 ac
1585 2745 1714 2803 meroes,
1725 2731 1763 2787 ut
1773 2734 1816 2787 est
1826 2725 1891 2807 apud

320 2821 351 2877 et
364 2816 403 2877 ad
413 2817 479 2895 ejus
492 2818 667 2879 naturalem
680 2819 892 2880 conditionem
914 2836 977 2881 non
1000 2821 1091 2900 perti-
1139 2817 1310 2896 theologos,
1336 2837 1442 2880 causas
1460 2820 1619 2898 utrimque
1647 2819 1761 2881 liberas
1783 2819 1891 2890 babent,

320 2913 383 2970 net.
401 2909 525 2970 Etenim
544 2910 625 2970 Deus
651 2916 807 2971 nontam
835 2930 940 2991 parce,
964 2917 1091 2992 tamque
1140 2908 1291 2970 nimirum
1304 2911 1469 2971 arbitrium
1488 2911 1600 2987 dantis,
1616 2918 1647 2973 et
1670 2912 1816 2972 meritum
1830 2910 1891 2971 aad·

319 3001 469 3078 restricte,
496 3020 532 3062 ac
559 3001 636 3063 dure
658 3002 800 3064 homines
823 3004 917 3064 habet
934 3024 940 3062 :
957 3004 1020 3065 imo
1034 3024 1092 3067 neo
1140 3002 1273 3080 pientis;
1300 3002 1333 3062 id
1359 3003 1418 3063 hae
1445 3003 1540 3063 etiam
1574 3004 1694 3063 ratione
1723 3002 1890 3069 concludo:

320 3109 376 3154 rex
398 3093 481 3153 ullus
502 3100 557 3154 aut
571 3095 741 3173 imperator
754 3096 808 3172 ita,
826 3095 876 3156 vel
902 3097 1027 3174 injusto,
1042 3097 1092 3158 vel
1140 3091 1235 3153 homo
1249 3095 1335 3172 prius
1353 3100 1400 3155 est
1420 3095 1463 3172 id,
1491 3095 1576 3175 quod
1599 3102 1645 3156 est
1670 3101 1792 3168 natura,
1817 3111 1891 3175 quam

320 3184 510 3245 illiberaliter
523 3186 589 3264 agit
613 3204 686 3247 aum
705 3187 827 3267 populis
852 3187 910 3247 sibi
936 3188 1090 3268 subjectis,
1141 3185 1224 3264 quod
1253 3191 1299 3247 est
1320 3206 1424 3267 opere,
1451 3206 1486 3248 ao
1511 3188 1623 3248 mento
1647 3207 1746 3268 :ergo
1769 3189 1848 3269 prius
1868 3186 1892 3246 id

322 3276 441 3357 sibique
455 3277 594 3357 apprime
608 3278 720 3351 charis,
736 3279 870 3358 utquod
889 3279 981 3340 alicui
1005 3280 1091 3341 debi-
1141 3283 1204 3350 est,
1243 3279 1328 3358 quod
1373 3285 1418 3340 est
1465 3279 1643 3341 conditione
1697 3298 1772 3355 sua,
1817 3295 1893 3359 quan

322 3373 391 3429 tum
405 3376 453 3430 est
461 3369 533 3448 jure
548 3370 720 3449 sanguinis,
731 3376 763 3432 et
773 3370 911 3447 familiae,
927 3373 1010 3452 qnod
1024 3391 1094 3453 pro-
1142 3369 1226 3447 quod
1239 3374 1287 3430 est
1309 3369 1435 3431 alterius
1461 3372 1713 3432 remuneratione
1727 3391 1736 3448 ;
1763 3379 1802 3448 et,
1828 3368 1892 3450 quod

323 3462 428 3541 prium
442 3462 539 3540 ipsius
553 3469 610 3539 ost,
625 3464 746 3542 ipsique
769 3464 831 3524 atio
854 3465 993 3539 nomine,
1009 3471 1093 3527 areta
1141 3477 1333 3540 consequens
1345 3468 1402 3538 est,
1415 3462 1602 3522 immortalis
1623 3481 1688 3523 non
1713 3469 1761 3523 est
1772 3479 1892 3523 remane

324 3552 518 3628 devincbrm3
534 3553 566 3614 id
580 3553 608 3613 ei
622 3555 778 3633 praeclarae
801 3557 973 3636 cuiuspiam
998 3556 1094 3618 actio·
1125 3552 1273 3633 ,ratione
1296 3554 1322 3613 si
1345 3558 1391 3613 est
1408 3554 1585 3614 conditione
1602 3575 1609 3614 ε
1626 3555 1710 3633 quod
1734 3555 1816 3615 enim
1833 3552 1892 3614 nibil

324 3644 389 3712 nis,
425 3644 532 3723 reique
559 3644 703 3722 gerenda
728 3647 891 3725 preamium
918 3649 1092 3710 constituat.
1143 3643 1303 3723 quidpiam
1314 3645 1405 3705 alicui
1418 3645 1546 3718 conlert,
1560 3663 1654 3726 supra
1668 3645 1712 3719 id,
1735 3647 1816 3726 qnod
1832 3660 1893 3707 exse

327 3736 414 3804 Quod
430 3736 526 3797 etiam
545 3737 697 3814 maiorem
711 3737 951 3815 vimobtineret,
966 3741 992 3800 si
1012 3740 1096 3819 quod
1144 3736 1230 3815 prius
1255 3735 1400 3813 habebat,
1415 3738 1626 3798 remuneratio
1654 3754 1720 3798 non
1749 3744 1804 3799 ast
1832 3738 1893 3811 Quo

327 3829 495 3891 adversarii
519 3828 722 3906 contendunt,
748 3829 791 3890 ita
808 3830 935 3909 propria
960 3832 1097 3893 hominis
1145 3827 1230 3888 niam
1246 3829 1466 3904 remuneratio,
1478 3830 1654 3908 premium,
1671 3847 1800 3907 meroes,
1817 3834 1847 3890 ut
1863 3845 1893 3887 ex

327 3928 406 3984 esset
419 3921 649 3997 immortalitas,
664 3926 700 3980 ut
717 3922 769 3999 jus
790 3921 869 3982 istud
897 3922 984 3984 nullo
1008 3930 1097 4005 pacto
1144 3918 1215 3998 ipsa
1235 3919 1413 3998 hujusmodi
1438 3938 1545 3981 rerum
1574 3925 1689 3982 natura
1719 3922 1893 4002 perspicuum

233 4034 235 4041 ’
327 4014 437 4076 violari
445 4014 661 4093 possitaDeo.
681 4013 761 4079 Quia
770 4015 855 4074 enim
868 4015 934 4075 Deo
947 4015 1028 4084 licet,
1051 4035 1098 4077 so
1146 4015 1203 4087 est,
1216 4029 1289 4071 cum
1302 4013 1412 4072 merito
1425 4012 1646 4087 retribuantur,
1663 4014 1704 4087 ei;
1722 4013 1892 4093 quiheaac·

328 4106 494 4185 lutumque
508 4111 554 4166 est
567 4106 673 4185 ignem
687 4106 820 4167 condere
833 4106 1022 4182 sinecalore,
1039 4107 1099 4169 boe
1147 4102 1230 4182 cipit,
1240 4104 1275 4163 in
1288 4104 1390 4183 majus
1402 4104 1528 4184 aliquod
1551 4106 1646 4185 ipsius
1662 4105 1780 4166 bonum
1804 4104 1893 4166 cedant

329 4199 433 4279 ipsum
447 4198 531 4277 quod
545 4198 611 4274 igni
629 4198 764 4276 benigne
792 4203 926 4275 annuat,
954 4200 1100 4260 calorem-
1148 4200 1279 4273 oportet.
1303 4195 1401 4256 Video
1415 4214 1499 4269 sane,
1517 4214 1587 4275 quat
1605 4197 1657 4258 hic
1675 4214 1740 4258 esse
1754 4197 1840 4276 possit
1853 4193 1893 4253 ad·

330 4308 391 4370 que
405 4290 552 4350 concedat
564 4289 624 4369 ipsi
635 4288 785 4363 debitum,
797 4289 874 4369 tingi
888 4296 988 4370 potest
1008 4291 1100 4353 aliani
1148 4287 1356 4347 versariorum
1380 4289 1540 4367 responsio
1563 4309 1570 4348 ι
1594 4306 1653 4349 nee
1669 4288 1810 4368 iniquum
1831 4302 1891 4361 asse,

330 4382 424 4443 aDeo
437 4387 519 4442 reate
538 4381 610 4442 faeti
622 4383 789 4460 praemium
808 4399 872 4443 esse
894 4384 1098 4463 propositum.
1148 4397 1207 4439 nec
1220 4396 1347 4447 novum,
1377 4397 1460 4452 eum,
1484 4381 1539 4458 qui
1562 4381 1596 4440 in
1617 4398 1742 4441 samma
1755 4382 1891 4460 potetate,

333 4475 430 4536 Senos
449 4490 536 4549 vcro,
552 4474 577 4534 ai
598 4474 665 4534 sine
691 4475 792 4536 calore
817 4474 899 4554 ignis
923 4492 987 4536 csse
1009 4475 1101 4554 plane
1150 4471 1343 4549 imperioque
1368 4469 1424 4547 sit,
1445 4470 1546 4547 legem
1569 4471 1709 4551 aliquam
1727 4472 1812 4544 ferre,
1836 4467 1891 4540 cui,

332 4585 398 4628 non
412 4565 517 4645 possit.
537 4566 606 4625 Non
620 4566 753 4626 absimili
767 4567 897 4643 radone,
914 4567 939 4627 si
952 4566 1102 4629 debeatur
1150 4562 1205 4642 qui
1214 4581 1279 4623 non
1291 4562 1515 4642 obtemperent,
1531 4581 1583 4623 00³
1592 4570 1647 4624 tut
1660 4566 1767 4644 eapitis
1779 4564 1892 4631 damnet,

333 4658 461 4739 quidem
474 4657 690 4718 immortalitas
700 4658 832 4734 homini,
852 4677 916 4719 non
928 4659 972 4719 ita
983 4665 1100 4737 tamen,
1151 4661 1205 4714 aut
1238 4654 1329 4730 agris,
1362 4656 1556 4735 pecuniaque
1588 4655 1702 4716 multet
1731 4677 1739 4716 :
1766 4655 1893 4730 rebusque

335 4753 370 4809 nt
383 4745 520 4807 liberum
532 4762 597 4806 non
613 4744 707 4806 fuerit
721 4747 784 4807 Deo
798 4746 958 4809 hominem
971 4749 1103 4811 condere
1152 4747 1230 4816 aliis,
1246 4765 1324 4827 quas
1336 4747 1386 4807 vel
1401 4747 1596 4808 lratraditario
1606 4747 1690 4826 jure,
1705 4748 1755 4809 vel
1767 4748 1820 4808 alio
1831 4758 1893 4822 quo·

334 4838 509 4912 mortalem,
534 4836 634 4916 qualia
661 4854 746 4897 nunc
772 4839 925 4914 nascitur;
955 4841 1104 4919 potuisset
1153 4840 1236 4919 piam
1250 4839 1378 4899 nomine
1399 4839 1538 4917 legitime
1563 4839 1751 4919 possideant.
1775 4832 1894 4913 Quantis

334 4932 426 4999 Deus,
450 4928 591 5010 quamvis
605 4928 707 5009 reipsa
727 4929 788 4990 alia
800 4931 929 4991 omnino
954 4930 1047 4993 fuerit
1061 4933 1105 4994 di·
1153 4931 1238 4992 enim
1258 4930 1317 4991 ista
1330 4931 1436 4991 omnia
1452 4931 1669 4991 innocentibus
1682 4932 1761 5012 eripi
1771 4947 1826 4991 noo
1839 4941 1894 5005 pot·

334 5025 418 5084 vinee
431 5023 498 5100 ejus
522 5021 725 5103 providentie
745 5021 816 5098 lex;
832 5024 979 5102 potuisset
998 5030 1104 5085 tamen
1153 5024 1234 5098 sint3
1249 5039 1307 5083 nec
1316 5022 1360 5082 ias
1373 5023 1406 5083 id
1419 5022 1714 5101 Regimeeliberum
1725 5024 1776 5097 sit3
1788 5017 1895 5097 eripite·

335 5115 597 5176 immortalitatem
629 5132 701 5174 cum
726 5114 854 5176 homine
882 5115 926 5176 ita
953 5116 1105 5195 quodam·
1154 5105 1894 5194 menpossrrntindignis.rlcproptereapossuniitt

336 5206 430 5268 modo
457 5207 578 5286 pacisci.
593 5207 658 5266 Etsi
673 5211 792 5269 naturae
813 5212 875 5268 tuae
898 5206 1029 5268 debetur
1049 5209 1106 5269 im·
1153 5212 1279 5288 pactum
1292 5206 1636 5285 quodammodo,atque
1648 5205 1843 5267 conditionem
1854 5196 1894 5256 td·

337 5298 519 5374 mortalitas,
533 5298 607 5378 quia
619 5304 724 5360 tamen
747 5299 790 5360 ita
810 5299 950 5374 debetur,
967 5306 1002 5362 ut
1025 5305 1106 5380 post·
1154 5299 1236 5371 duci,
1252 5315 1314 5377 qua
1327 5299 1381 5376 qui
1402 5302 1609 5373 nonmaneat,
1622 5297 1661 5357 its
1672 5296 1759 5357 bonis
1771 5290 1893 5355 continuo

338 5410 435 5471 quam
447 5392 541 5453 etiam
560 5408 592 5451 es
614 5392 767 5471 conditus,
782 5391 939 5471 integrum
957 5393 1036 5453 mihi
1050 5394 1104 5469 sit,
1155 5391 1284 5452 excidat.
1301 5389 1364 5467 Ego
1378 5407 1452 5451 vero
1468 5389 1500 5450 id
1516 5407 1582 5450 non
1595 5408 1700 5468 negot
1716 5403 1809 5466 neque
1825 5379 1891 5441 mim

338 5489 370 5548 et
382 5484 474 5565 plane
486 5483 621 5546 iberum
632 5482 744 5562 tacere,
759 5501 799 5545 ne
808 5485 861 5559 sis,
876 5484 1005 5564 tibique,
1018 5485 1104 5546 nulla
1155 5484 1214 5545 hoo
1227 5482 1276 5543 nio
1284 5501 1292 5558 ;
1309 5481 1441 5562 quinon
1461 5482 1562 5561 potuit
1579 5482 1671 5543 oondi
1684 5477 1829 5551 mortalis;
1841 5484 1891 5531 ¹1⁰ss
