3936 6172
381 348 431 408 DE
451 347 613 409 orificio
634 347 706 408 SEX
728 347 889 425 DIERUM,
910 349 982 410 ΗΒ.
1006 350 1058 425 IV,
1080 347 1163 411 GAP.
1186 350 1238 410 xt.
1545 355 1609 415 1191

41 517 123 595 potest
140 511 217 574 rebe
242 511 336 589 mori,
360 516 415 573 aut
439 511 544 572 futrua
565 512 695 587 nescire,
723 512 787 573 sive
837 518 948 594 potest,
963 514 1023 575 nisi
1035 514 1151 575 taetitia
1164 521 1195 575 61
1214 514 1373 591 creabilis3
1399 515 1605 597 (quandoqui-

42 604 383 669 mortemacfuturorum
393 605 547 666 inscitiam
553 604 666 683 eligere
675 624 683 676 ;
693 605 789 666 verbo
838 607 910 667 dem
923 606 1148 687 omnipotentia
1161 607 1264 668 divina
1278 626 1314 668 ea
1323 607 1607 689 solarespieit,quae

41 706 116 760 tenus
126 697 289 759 detrahere
308 697 469 777 quidpiam
484 696 628 758 videmur
642 696 787 770 libertati,
840 705 913 759 sunt
926 705 1013 760 extra
1035 701 1137 760 Deum
1150 700 1259 778 posita,
1276 707 1308 760 61
1331 719 1369 761 ex
1394 700 1491 760 nihilo
1514 699 1605 781 factat

43 791 92 865 rel,
104 788 790 870 6111616666,666111161611611616666666-
839 789 886 850 sid
895 790 1050 869 objectum
1073 809 1138 853 esse
1152 797 1313 871 nequeunt
1326 792 1434 853 eadem
1452 792 1505 852 illa
1518 793 1609 854 liberi

43 882 192 944 6616661666
201 881 436 962 omnipotentiae
444 880 564 942 auferre
577 880 695 960 aliquid
708 880 792 941 vida
839 871 959 951 arbitrii
972 882 1082 956 divini,
1096 901 1198 962 neque
1217 883 1298 944 circa
1317 902 1355 944 ea
1375 902 1463 964 posse
1486 886 1609 963 operari

44 994 102 1036 mur
111 992 178 1036 cum
187 974 329 1048 dicimus,
340 975 420 1035 Deus
432 992 497 1034 non
515 978 616 1053 potest
624 973 704 1033 mori
716 1019 724 1047 ,
742 972 793 1033 vel
840 972 966 1035 libertas
978 974 1083 1036 divina
1097 975 1222 1050 dicittu,
1237 993 1278 1035 nc
1292 975 1376 1035 idern
1390 975 1520 1036 omnino
1537 995 1609 1038 con·

44 1067 152 1128 mentiri
162 1084 171 1141 ;
182 1084 292 1126 revera
303 1071 409 1127 tamen
422 1064 501 1125 nihil
520 1065 681 1144 utrobique
693 1063 792 1125 demi·
841 1083 974 1144 sequens
987 1067 1027 1126 sit
1040 1066 1222 1142 absurdum,
1238 1068 1285 1127 uti
1301 1073 1367 1127 tam
1378 1066 1475 1129 bbere
1487 1068 1564 1129 velit
1577 1088 1610 1131 se

45 1157 264 1237 mus,quoniam
279 1175 429 1236 negamus
441 1176 478 1217 ea
490 1160 702 1236 tantumque
721 1160 795 1215 sunt
841 1157 945 1218 rivere
955 1159 1046 1234 Deus,
1058 1176 1093 1218 ac
1106 1163 1189 1219 certo
1201 1158 1307 1218 futura
1318 1177 1419 1234 nosse,
1438 1178 1533 1239 quam
1545 1179 1611 1222 esse

46 1248 703 1329 extrautriusquefacultatisohjectum.Nam
716 1247 795 1307 sicut
842 1248 941 1309 voluit
968 1249 1112 1328 Angelos,
1142 1255 1196 1310 aut
1220 1250 1373 1326 homines,
1402 1270 1438 1312 66
1460 1252 1610 1331 quidquid

46 1360 115 1402 mors
125 1341 193 1418 Dei,
207 1346 239 1402 at
253 1341 451 1402 mendacium
465 1342 524 1402 Dei
542 1341 624 1401 intra
638 1339 794 1418 objectum
844 1340 1068 1420 omnipotentia
1078 1342 1609 1422 suaprocreavit.HocenimpositO,

47 1433 259 1512 omnipotentia
274 1435 402 1494 minime
416 1432 740 1512 comprehenduntur3
753 1431 796 1490 ita
843 1431 924 1492 redit
936 1432 1004 1509 illa,
1019 1450 1115 1512 quam
1137 1433 1278 1512 superius
1295 1433 1465 1518 attigimus,
1479 1434 1613 1496 formula

47 1543 131 1604 neque
144 1525 183 1585 ad
188 1525 503 1603 libertatisobjectum
513 1524 658 1599 attinent,
667 1541 703 1584 eo
712 1522 796 1602 quod
844 1522 994 1584 libertatis
1007 1532 1038 1586 et
1051 1524 1206 1604 expressio
1220 1545 1228 1585 ε
1245 1525 1304 1586 «Si
1317 1525 1395 1602 vult,
1410 1526 1486 1586 vivit
1499 1545 1612 1607 perpe-

49 1616 229 1696 impossibilie
249 1625 334 1694 sunt,
352 1636 388 1678 ac
406 1623 569 1697 propterea
587 1614 676 1689 nihil,
696 1620 797 1675 61666
847 1620 900 1676 166
920 1617 1021 1692 11666,
1036 1617 1137 1677 61666
1160 1615 1236 1693 vult,
1253 1617 1395 1678 moritur.
1408 1638 1424 1676 u
1438 1619 1530 1691 Item,
1549 1640 1565 1678 c
1580 1620 1614 1680 Si

49 1709 203 1770 66166661.
846 1707 923 1775 vult,
939 1707 1046 1769 futura
1058 1707 1200 1789 praescit,
1222 1709 1249 1768 si
1260 1727 1327 1769 non
1339 1709 1417 1786 vult,
1431 1709 1536 1783 futura
1548 1729 1614 1773 non

79 1802 112 1860 ln
123 1818 260 1877 summa,
275 1800 331 1880 qui
343 1798 508 1879 Augustini
525 1799 629 1860 locum
642 1798 799 1859 11166166-
847 1799 943 1860 norit.
961 1821 977 1857 r>

50 1892 145 1971 plicare
156 1892 273 1968 uolent,
287 1910 351 1972 prce
365 1891 463 1952 oculis
474 1890 610 1954 habeant
622 1891 698 1966 boc,
714 1889 799 1968 (prod
888 1892 926 1951 X.
949 1891 1022 1953 Mali
1041 1909 1116 1972 ergo
1139 1891 1372 1954 ratiocinatores
1397 1898 1482 1970 sunt,
1502 1893 1558 1973 qui
1577 1911 1616 1956 ex

50 1984 127 2063 paulo
148 1983 288 2064 supemus
300 1980 538 2057 animadverti¹,
553 2001 614 2062 qua
638 1981 676 2043 de
694 1999 798 2055 causa,
849 1984 1013 2062 Augustini
1025 1984 1127 2045 verbis
1140 1983 1218 2060 istis,
1234 1983 1347 2063 quibus
1361 1988 1467 2063 negat,
1486 2007 1502 2043 6
1518 1986 1617 2047 vitam

51 2095 133 2155 quove
146 2094 236 2138 sensu
250 2076 463 2137 necessitatem
476 2075 563 2150 vita,
578 2094 615 2135 ac
634 2073 797 2154 proescien-
850 2075 915 2152 Dci,
931 2079 963 2136 61
974 2076 1200 2156 praescientiam
1214 2076 1269 2137 Dei
1282 2076 1340 2136 sub
1354 2076 1534 2138 necessitate
1542 2077 1618 2157 poni

51 2168 93 2230 tia
106 2168 256 2229 (11616616
279 2168 458 2247 exemplum
476 2166 671 2243 adhibuerit,
685 2169 722 2226 ut
735 2183 800 2225 nou
851 2166 998 2228 libertatis
1027 2167 1162 2243 inimica,
1183 2167 1210 2226 si
1234 2166 1374 2228 dieamus
1400 2186 1525 2230 necesse
1553 2187 1618 2230 esse

53 2277 159 2321 omnem
171 2260 382 2321 necessitatem
388 2259 524 2320 libertati
534 2258 722 2321 contrariam
736 2275 801 2318 esse
850 2260 950 2320 Deum
970 2277 1093 2339 semper
1115 2259 1231 2335 vivere,
1246 2265 1276 2319 et
1297 2264 1408 2320 cuncta
1428 2259 1583 2339 praescire,
1602 2283 1614 2318 ι

53 2355 237 2426 monstraret3
254 2369 355 2431 neque
378 2351 483 2411 statim
505 2369 540 2411 ac
562 2350 622 2411 dici
644 2349 800 2425 audimus,
851 2350 1050 2428 concludunt,
1068 2351 1164 2411 libore
1185 2351 1284 2412 Deum
1298 2350 1357 2411 ista
1373 2351 1467 2425 velle,
1484 2370 1521 2413 eo
1535 2352 1620 2432 quod

53 2461 158 2505 6666666
170 2448 225 2519 est,
235 2446 271 2503 ut
283 2444 343 2503 hoc
352 2444 402 2517 sit,
411 2459 603 2520 consequens
614 2441 800 2521 putandum,
850 2443 1028 2503 voluntaria
1046 2448 1120 2503 sunt
1142 2442 1211 2518 illa,
1234 2461 1299 2503 non
1320 2448 1446 2520 coacta,
1470 2462 1619 2505 naccum

54 2552 125 2596 exeo
137 2534 312 2595 libertatem
333 2535 445 2594 minui.
461 2534 539 2593 Nam
556 2536 685 2594 catenus
698 2550 802 2593 66666-
851 2534 992 2595 libertate
1005 2534 1197 2613 pugnantia,
1213 2551 1278 2594 non
1297 2534 1400 2594 minus
1413 2553 1508 2614 quam
1530 2536 1622 2615 pessi-

53 2625 156 2687 sitatam
189 2627 276 2687 illam
309 2626 535 2706 proprietatum
564 2625 740 2685 divinarum
770 2625 805 2682 in
852 2643 904 2686 mc
918 2630 1221 2704 argumentaremur,
1229 2625 1256 2684 si
1268 2624 1311 2685 ita
1323 2625 1512 2704 colligerent,
1523 2629 1622 2688 Deum

54 2719 172 2780 medium
194 2718 314 2793 studit,
336 2719 419 2797 quod
442 2718 523 2778 circa
543 2734 594 2777 eas
617 2715 805 2777 considerari
853 2716 1062 2797 omnipotenti
1087 2735 1143 2776 sua
1167 2716 1282 2776 uirtute
1307 2717 1427 2794 iacere,
1455 2738 1491 2780 ac
1517 2738 1622 2780 creare

54 2809 140 2871 libera
165 2810 335 2871 voluntatis
355 2810 436 2871 actio
460 2814 570 2888 potest,
595 2828 660 2869 non
684 2813 719 2867 61
743 2808 803 2868 illis
853 2810 946 2870 vitam
961 2826 1061 2884 suam,
1080 2811 1112 2868 et
1124 2808 1350 2888 praescientiam
1370 2827 1470 2885 suam,
1486 2830 1523 2870 co
1537 2811 1621 2889 quod

57 2903 289 2982 66666166661,
307 2901 360 2962 sed
378 2907 414 2961 ut
433 2906 567 2979 nequeat
581 2901 694 2980 potius,
711 2900 804 2959 adeo·
854 2899 1024 2962 necessaria
1037 2900 1104 2960 haec
1126 2918 1191 2960 esse
1215 2900 1287 2959 dicit
1303 2901 1505 2978 Augustinus,
1522 2920 1623 2980 neque

56 3012 103 3071 que
118 2995 158 3056 sic
178 2994 276 3055 libero
295 2995 350 3054 Dei
367 2993 495 3053 arbitrio
514 2993 754 3069 subtrahantur,
770 2996 806 3051 ut
853 2991 1027 3072 potentiam
1036 2990 1102 3068 ejus
1112 2992 1329 3065 minuere,aut
1342 3009 1459 3052 cumea
1469 3011 1621 3072 pugnare.

57 3084 106 3145 sint
115 3091 197 3147 extra
210 3086 293 3146 illius
308 3084 477 3163 objectum.
854 3086 1003 3163 Denique,
1019 3083 1066 3143 uti
1080 3100 1173 3162 supra
1184 3082 1395 3157 meminimus,
1405 3084 1556 3163 particula
1566 3084 1625 3146 ista

87 3177 131 3237 lX.
152 3178 272 3239 Etenim
298 3178 341 3237 sic
360 3175 553 3256 Augustinus
572 3176 605 3236 in
628 3175 696 3252 illo,
712 3192 806 3254 quem
853 3175 905 3250 si,
936 3175 969 3235 in
994 3173 1143 3234 libertatis
1171 3173 1351 3235 definitione
1378 3176 1623 3256 comprehensa,

56 3268 252 3349 descripsimus
264 3269 345 3344 loco,
359 3268 431 3328 vitm
443 3286 479 3328 ac
490 3269 691 3347 praescientiae
704 3285 809 3328 neees-
855 3284 950 3348 quam
963 3285 1002 3328 ex
1015 3265 1208 3345 Augustino¹
1228 3284 1328 3327 novus
1338 3267 1537 3346 dogmatistes
1551 3288 1623 3349 pro·

57 3360 158 3422 auum
171 3378 244 3421 cum
260 3359 318 3422 Dei
337 3360 489 3434 libertate,
504 3358 569 3435 rel,
584 3368 621 3418 ut
642 3360 716 3435 dixi,
733 3377 805 3420 cum
856 3361 960 3439 posuit
980 3358 1023 3419 ita
1033 3357 1057 3435 ⁸,
1073 3364 1108 3417 ut
1120 3359 1180 3419 boc
1202 3356 1292 3418 litere
1306 3357 1390 3432 velle,
1405 3367 1434 3419 et
1442 3358 1473 3419 ia
1477 3366 1627 3439 potestate

57 3452 255 3514 antistatae
276 3452 412 3524 confert,
437 3451 593 3530 quomodo
612 3469 683 3513 crim
705 3451 806 3511 omni-
856 3450 961 3512 babae
975 3450 1098 3510 dicatur
1111 3449 1282 3529 quispiam,
1303 3448 1381 3529 quod
1395 3450 1423 3511 si
1436 3450 1511 3524 6611,
1532 3451 1622 3532 facit,

58 3545 173 3618 potanda
183 3543 240 3605 Dei
255 3542 364 3604 eadem
378 3542 431 3603 illa
446 3542 615 3620 componit.
632 3542 752 3623 Quippe
766 3543 810 3603 ita
856 3542 884 3603 si
894 3561 951 3603 nou
974 3541 1051 3618 6611,
1067 3560 1127 3602 aaa
1145 3540 1244 3621 facit:
1261 3539 1388 3602 dubiam
1411 3560 1490 3619 rem,
1514 3562 1572 3604 nec
1594 3544 1629 3605 in

59 3650 108 3694 non
119 3635 236 3697 obstare
250 3634 387 3696 libertati
399 3634 511 3695 divinoe
525 3634 635 3694 asserit
645 3634 810 3695 necessita·
857 3633 1050 3710 utrumlibet,
1065 3633 1227 3694 definitam
1240 3633 1410 3712 significat,
1427 3635 1481 3696 sed
1498 3654 1628 3715 suspen·

58 3726 810 3806 16661166,666666666166616616166666666
858 3743 936 3801 sam,
962 3731 993 3787 et
1016 3724 1228 3786 indifferenter
1248 3726 1417 3788 habentem
1439 3745 1482 3803 se,
1506 3729 1551 3788 uti
1571 3747 1629 3808 pro

60 3819 332 3899 atomnipotentiae
354 3817 436 3878 illius
454 3817 594 3877 adversa.
610 3818 706 3878 Porro
717 3836 810 3898 repu·
859 3818 988 3880 arbitrio
1003 3817 1072 3879 fieri
1086 3823 1196 3897 possst,
1214 3823 1268 3878 aut
1287 3836 1352 3878 666
1364 3819 1441 3880 [ieri.
1468 3820 1532 3898 Age
1545 3820 1629 3881 enim

58 3912 166 3986 3666116
179 3912 246 3983 illa,
262 3910 516 3991 quainspeciem
532 3909 811 3970 obsisterevidctur
859 3911 912 3971 illa
946 3909 1095 3970 hbertatis
1128 3926 1240 3970 norma
1272 3914 1440 3988 repetatur,
1466 3929 1559 3989 quam
1592 3930 1630 3971 ex

60 4002 275 4082 omnipotentiae
296 4001 408 4063 divina
427 4001 552 4062 risendi
573 4006 604 4061 61
626 4006 711 4061 certo
729 4020 810 4081 6666-
863 4001 1034 4081 Augustino
1058 4000 1258 4078 dogmatistes
1276 4000 1316 4061 ad
1337 4001 1509 4062 satietatem
1532 4020 1649 4081 usque·

60 4094 156 4156 sciendi
168 4094 351 4168 necessitas,
367 4098 398 4154 et
412 4111 507 4172 quam
525 4097 664 4154 removet
688 4095 809 4172 Augus·
861 4094 987 4172 ingerit,
1003 4110 1075 4152 cum
1088 4091 1130 4151 sic
1146 4091 1229 4167 dicit,
1249 4112 1265 4148 6
1279 4090 1360 4151 Illud
1380 4110 1445 4153 esse
1458 4093 1594 4154 liberum
1606 4091 1629 4171 ⁸,

61 4185 137 4264 tinus,
151 4189 181 4248 in
196 4206 234 4249 eo
257 4185 413 4262 consistit,
429 4186 514 4265 quod
535 4185 579 4246 ita
592 4184 706 4245 dicitur
723 4204 730 4245 ε
748 4203 812 4245 666
862 4185 946 4265 quod
960 4185 1049 4245 estin
1062 4187 1214 4263 potestate
1222 4189 1344 4258 nostra,
1356 4183 1389 4244 id
1397 4190 1503 4246 autem
1516 4185 1632 4247 babere

61 4283 143 4353 potest
159 4298 227 4339 666
239 4279 357 4351 vivere,
377 4283 510 4337 autnon
529 4275 634 4337 futura
654 4294 814 4356 proenosse
862 4275 1628 4356 nosiupotcstate,quodcumvolumusiacimus.»

63 4366 135 4430 11666.
148 4372 229 4450 Ergo
245 4369 388 4431 similiter
400 4386 551 4448 apparens
564 4368 618 4429 illa
631 4386 704 4428 cum
716 4368 814 4429 bbere
863 4371 943 4429 item
955 4367 977 4444 ⁶,
1000 4390 1012 4424 6
1033 4369 1120 4429 Η666
1134 4366 1265 4427 dicimus
1285 4371 1481 4447 potestatam,
1498 4368 1553 4430 ubi
1577 4388 1633 4431 vo-

63 4457 267 4523 baroluntate
281 4460 448 4537 conflictio,
461 4461 677 4540 quamhahere
691 4460 815 4522 videtur
862 4459 974 4521 luntati
997 4459 1115 4537 adjacet
1136 4459 1264 4519 facultas
1285 4459 1428 4520 16616611.
1458 4461 1547 4521 Unde
1574 4461 1634 4522 hoa

64 4550 176 4631 vivendi,
198 4558 232 4615 61
255 4552 437 4634 praesciendi
448 4552 639 4627 necessitas,
664 4557 694 4613 61
719 4569 815 4631 quam
864 4553 994 4633 quisque
1007 4553 1041 4611 in
1056 4554 1205 4631 potestate
1217 4550 1333 4612 habere
1348 4549 1473 4629 dieitur,
1491 4554 1587 4632 quod,
1607 4552 1632 4613 si

63 4646 224 4723 propulsare
248 4645 360 4706 nititur
379 4645 463 4705 idem
487 4646 691 4723 Augustinus,
717 4645 751 4703 in
778 4662 814 4705 66
863 4644 941 4718 vult,
965 4644 1047 4717 facit,
1065 4643 1089 4703 si
1109 4662 1174 4703 non
1191 4642 1269 4719 vult,
1284 4662 1349 4705 non
1376 4644 1490 4705 lecito
1515 4644 1634 4706 Deinde

65 4733 179 4814 6116661,
202 4737 289 4817 quod
310 4736 354 4797 sic
368 4736 479 4797 dicitur
497 4755 504 4795 ε
520 4737 590 4797 Non
614 4740 715 4815 potest
736 4735 816 4796 rebe
865 4753 937 4797 cum
950 4736 1009 4797 bac
1028 4735 1095 4815 ipsa
1108 4734 1214 4813 regula
1229 4738 1438 4814 comparetur,
1452 4735 1537 4816 quod
1550 4737 1634 4798 idem

65 4827 130 4887 nori
141 4829 232 4902 Deus,
248 4833 304 4889 aut
314 4828 393 4889 velle
406 4828 512 4888 lutura
525 4827 655 4891 nescire.
866 4827 1068 4906 dogmatistes
1093 4825 1225 4906 probare
1244 4826 1354 4887 nititur
1368 4824 1400 4903 ⁶,
1421 4829 1635 4889 necessitatem

97 4918 312 4999 Quamobrem,
326 4920 374 4980 uti
385 4937 479 4981 nemo
494 4919 620 4981 credere
632 4918 732 4994 debet,
749 4937 816 4979 om·
864 4920 962 4995 illam,
979 4937 1042 4999 qua
1054 4921 1154 4979 Deum
1174 4917 1304 4978 dicimus
1323 4919 1493 4980 necessario
1517 4921 1632 4997 vivere,

65 5008 255 5087 utpotenttam
268 5012 348 5073 circa
366 5012 422 5073 Dei
435 5011 549 5089 vitam,
563 5012 690 5092 ejusque
702 5017 817 5072 certam
867 5016 1038 5089 cunctaque
1072 5009 1228 5089 praescire,
1263 5027 1329 5069 non
1362 5010 1428 5088 ejus
1459 5029 1634 5091 repugnare

65 5103 276 5175 nescientiam
297 5105 425 5179 versari,
453 5109 485 5163 61
506 5103 638 5183 operari,
670 5114 818 5182 tanquam
865 5101 1010 5179 libertati,
1026 5119 1084 5162 nec
1098 5101 1258 5180 impedire,
1272 5103 1443 5180 quominus
1463 5101 1559 5164 libere
1577 5103 1635 5164 ista

65 5189 220 5270 abjectam
244 5194 303 5257 sibi
327 5213 407 5272 rem,
436 5195 610 5274 cujusmodi
634 5194 721 5256 nulla
753 5212 819 5255 esse
866 5194 961 5269 velit3
976 5192 1086 5273 ecquid
1099 5192 1269 5253 aliudinde
1283 5209 1473 5272 consequens
1487 5194 1556 5270 erit,
1576 5192 1636 5254 nisi

88 5424 98 5466 1
112 5424 239 5483 hngnph.
252 5428 301 5472 5.-
312 5428 327 5471 ‘l
340 5426 390 5472 Lib.
400 5428 427 5472 16
439 5427 514 5482 §piru
525 5432 547 5473 61
555 5428 589 5473 tu.
602 5439 650 5484 cap.
663 5438 685 5471 ιι
696 5434 719 5471 61
733 5428 749 5470 V
760 5425 888 5475 1601611616
900 5427 948 5479 1161,
960 5437 1009 5483 cap.
1021 5437 1069 5469 6.-
1082 5425 1096 5469 8
1110 5424 1157 5470 uu.
1174 5424 1208 5477 tl,
1219 5435 1268 5479 cap.
1279 5433 1299 5466 rr
1318 5430 1342 5468 at
1356 5423 1426 5469 v.-i
1439 5423 1495 5470 ibid.
1517 5436 1567 5480 cap.
1580 5437 1638 5470 u.-

68 5485 140 5532 iltis.
148 5501 172 5533 cr
185 5492 244 5546 Aug.
256 5492 332 5536 111616
343 5491 402 5546 spir.
414 5492 437 5536 61
446 5490 480 5536 ut.
493 5501 541 5547 cap.
550 5491 638 5537 tra-t
651 5489 709 5535 ibid.
720 5501 768 5547 cap.
783 5501 815 5534 rr
