3932 6172
360 300 410 362 DE
428 300 592 364 OPlFlGlO
613 299 689 363 SEX
709 297 870 377 DIERUM,
892 299 965 362 LlB.
988 300 1043 381 Ill,
1066 300 1149 363 cAP.
1171 300 1225 362 xl.
1527 303 1587 364 ale

36 468 217 552 Porypbyrius
228 467 391 547 aliquis,ae
404 467 767 548 Jvdianus,quidneoesse
816 471 899 529 tores
911 467 1084 547 dogmatis,
1112 467 1167 546 qui
1194 465 1382 544 ubicumque
1408 464 1587 527 necessitatis

36 566 128 637 foma,
153 563 246 623 Deum
270 560 428 621 homiuem
450 559 527 629 fieri,
553 565 583 621 et
608 561 642 621 in
669 565 768 621 terras
816 577 933 621 nomeu
945 558 1159 639 increpuit,ibi
1174 577 1207 621 sa
1216 558 1369 619 invenisse
1381 562 1504 638 putant,
1520 577 1585 619 non

35 654 239 730 descenderent
249 651 768 713 totaerumnisaelaboribushuma·
817 652 901 730 quod
913 651 1134 731 pueriinfaha3
1147 670 1182 712 ae
1193 651 1271 711 nihil
1285 656 1397 730 prater
1405 651 1586 711 violentiam

36 743 764 825 uumapeoeatogeuuseximerenoumsolonutu,
818 748 849 804 et
862 743 1056 805 coactionem
1083 743 1126 803 ibi
1153 743 1323 817 somniant;
1348 761 1387 803 ax
1410 743 1464 803 illo
1479 742 1587 820 Gyrilli

35 836 251 919 etinemlieabili
262 837 400 916 potentia
413 836 519 904 lieeret
529 837 589 916 ipsi
600 836 766 897 bominum
817 834 885 895 loeo
898 834 1071 897 eonfeotum
1085 835 1144 896 sibi
1156 836 1329 913 negotium,
1345 834 1534 911 existimant,
1548 852 1585 894 eo

36 938 130 994 nentes
139 934 289 990 momento
302 928 343 989 ad
358 928 487 989 meliora
502 927 679 989 transferre.
695 929 768 990 Res·
818 927 902 1005 quod
914 934 1093 990 ὼιαταᾶίαστοι
1121 936 1223 1007 γνώμην
1240 971 1249 1004 ,
1271 926 1304 987 id
1319 931 1364 988 est
1377 945 1437 987 non
1456 934 1584 987 οοοατοοι

36 1024 127 1104 ponde
144 1019 282 1101 cyrillus,
297 1020 329 1081 id
343 1038 380 1082 ao
392 1019 507 1082 laetum
533 1038 598 1082 esse
625 1024 661 1080 ut
681 1019 766 1081 salva
819 1018 1268 1080 essedioitooimisententzam.
1296 1018 1390 1098 Atqui
1408 1018 1586 1080 meminisse

36 1111 325 1175 bominisualibertas
343 1118 440 1188 esset;
454 1131 513 1174 nee
531 1130 588 1192 pro
601 1116 763 1192 potestate,
818 1108 887 1171 illos
900 1111 1037 1190 oportuit
1062 1111 1211 1191 primum,
1228 1109 1382 1190 cyrillum
1405 1110 1522 1171 ibidem
1546 1110 1586 1171 de

36 1207 99 1287 quod
107 1205 203 1281 nollet,
218 1203 358 1283 ingratiis
366 1211 529 1284 cogeretur
537 1203 766 1284 faeerecyrilli
817 1200 916 1262 libero
930 1201 1023 1281 primi
1041 1202 1178 1263 bominis
1188 1202 1315 1263 arbitrio
1329 1202 1425 1282 loqui,
1442 1206 1479 1261 ut
1491 1200 1584 1280 paulo

36 1299 109 1361 rerba
122 1298 178 1358 suis
204 1297 373 1358 momentis
392 1297 583 1374 aestimanda,
598 1302 670 1357 sunt
682 1295 764 1374 ejus·
817 1299 888 1355 ante
902 1294 1176 1355 notavimus.Cum
1186 1293 1281 1371 igitur
1294 1293 1387 1355 aliam
1399 1294 1494 1355 inillo
1503 1298 1586 1354 statu

36 1390 118 1453 nodi:
140 1410 154 1447 s
176 1389 294 1465 Omnis,
312 1388 423 1468 inquit,
442 1407 513 1468 qun
536 1389 570 1449 in
597 1387 681 1449 eoslis
706 1393 764 1463 est,
816 1384 1101 1447 voluntatisliborse
1110 1385 1584 1462 eonditionemtuisseoeuseant,

36 1481 169 1557 ndoualis,
180 1480 415 1560 intelligensque
427 1486 567 1542 meatum
580 1479 714 1541 liberum
727 1479 766 1540 ad
817 1494 911 1556 quam
924 1477 958 1537 iu
979 1476 1047 1555 ejus
1073 1477 1218 1556 deinceps
1244 1478 1421 1557 posteritate
1434 1477 1539 1555 fuerit,
1555 1483 1586 1539 ot

37 1575 67 1649 id,
77 1573 272 1653 quodcumque
282 1573 411 1633 undem
424 1572 562 1651 elegerit,
577 1570 764 1648 iaciendum,
815 1568 895 1629 bano
909 1573 1035 1648 peceato
1049 1568 1130 1628 illius
1151 1568 1369 1648 profligatam,
1398 1575 1429 1630 et
1441 1569 1586 1629 amissam

37 1664 293 1745 bubetimpulsum,
323 1663 405 1725 etab
418 1663 505 1725 omni
517 1664 650 1724 solutam
664 1680 766 1725 neees-
815 1659 926 1735 velint;
951 1660 1071 1722 nullam
1085 1678 1124 1721 ex
1151 1660 1335 1722 auctoritate
1358 1661 1585 1740 istaprobatio-

36 1756 101 1816 aute
118 1752 348 1834 propensionem
372 1752 409 1814 in
434 1752 568 1831 singula.
596 1752 663 1813 Hoe
680 1751 765 1812 enim
815 1768 889 1812 nem
898 1751 1046 1813 oonfioere
1061 1756 1211 1831 possunt,
1239 1751 1317 1830 quin
1330 1758 1439 1832 suapte
1466 1752 1584 1815 ooufes-

36 1846 177 1919 medanae
187 1844 245 1905 alio
258 1843 331 1904 fieri
339 1848 470 1924 poterat,
478 1850 553 1905 utet
565 1844 642 1904 boni
654 1843 765 1904 merito
815 1842 901 1904 sione
913 1847 1090 1904 teneantur.
1115 1842 1245 1920 Deinde,
1261 1843 1410 1923 quoniam
1425 1863 1533 1907 revera
1545 1845 1585 1906 de

35 1937 264 2016 putaueram
278 1935 418 2015 praemiis
428 1934 634 2013 afficerentur,
648 1934 763 1997 etmali
814 1934 950 1995 naturali
963 1934 1031 2014 ipsa
1042 1934 1188 1996 facultate
1204 1934 1295 1995 liheri
1315 1935 1436 1997 arbitrii
1450 1937 1586 2016 disputat

32 2029 127 2107 justam
147 2027 396 2108 vituperationem
425 2032 687 2107 consequerentur
702 2036 760 2088 ’ἢν
816 2026 971 2106 (tyrillus,
997 2026 1171 2105 eiqusmodi
1198 2026 1293 2087 etiam
1318 2027 1477 2089 inAdami
1490 2029 1586 2107 stirpe

35 2120 135 2182 Haode
149 2119 331 2200 Angelorum
352 2119 450 2180 libero
478 2119 606 2181 arbitrio
628 2119 710 2181 diota
723 2120 764 2182 si-
815 2124 955 2198 superest
961 2137 970 2193 ;
994 2119 1233 2198 respondemus,
1250 2137 1288 2180 ex
1301 2119 1431 2181 totailla
1445 2120 1585 2181 oratione

35 2211 161 2291 gnidunt,
171 2211 266 2293 qualis
279 2212 426 2272 universe
438 2216 551 2272 natura
559 2211 598 2272 sit
608 2212 702 2289 illius,
715 2211 765 2272 ni-
816 2209 1013 2290 perspiouum
1027 2228 1103 2287 esse,
1128 2210 1279 2290 cyrillum
1292 2229 1358 2271 nou
1371 2211 1466 2272 aliam
1478 2213 1584 2274 liberes

35 2304 124 2364 mirum
134 2309 389 2385 quapotestatem
402 2302 496 2364 babet
516 2302 551 2364 in
575 2303 676 2383 seipsa
693 2321 765 2365 sua-
815 2301 982 2363 voluntatis
995 2302 1152 2379 indolem,
1167 2303 1451 2382 proprietatemque
1470 2304 1584 2365 deseri·

37 2398 249 2473 mmaefionum,
265 2401 306 2456 ut
332 2412 529 2475 quocumque
555 2394 711 2473 voluerit,
735 2400 767 2457 et
814 2392 899 2464 bere,
913 2412 1009 2472 οιιοοι
1022 2412 1121 2473 quaa
1133 2392 1222 2454 nobis
1233 2395 1393 2456 eommuni
1406 2414 1445 2456 ex
1458 2400 1582 2457 senten-

36 2486 140 2567 adquod
150 2487 290 2549 maluerit
314 2505 331 2548 a
345 2486 467 2548 duobus
486 2485 670 2567 comparatis
682 2486 763 2547 invi-
814 2485 857 2547 tia
869 2485 1065 2566 proponitur.
1078 2486 1166 2560 Quod
1172 2485 1266 2547 verba
1275 2485 1328 2546 illa
1338 2487 1419 2548 clare
1432 2488 1583 2562 indicant,

36 2596 93 2653 un,
104 2585 130 2640 et
138 2580 279 2660 oppositis
291 2578 438 2640 inclinari
450 2578 546 2658 possit
558 2577 624 2639 sine
637 2578 763 2641 ullane·
814 2595 886 2638 oum
899 2576 958 2656 ait,
976 2577 1141 2639 «habenas
1154 2577 1257 2657 ipsum
1270 2595 1400 2640 suarum
1412 2584 1519 2641 tenere
1533 2598 1586 2641 vo·

36 2670 148 2731 sesima
159 2672 253 2744 Quam
261 2669 491 2746 necessitatem,
506 2668 572 2729 vim
588 2669 654 2731 sine
667 2670 764 2732 dubio
814 2668 997 2746 lentatum,
1025 2675 1056 2730 et
1087 2688 1107 2729 a
1134 2668 1235 2748 seipso
1252 2669 1385 2731 ine-itatis
1411 2671 1585 2732 nutibusin

35 2760 192 2841 utdligitad
204 2760 764 2837 unumdeterminantem,nonsolum
814 2759 907 2821 ambo
920 2759 1006 2837 terri,
1025 2758 1146 2820 bonum
1159 2764 1190 2821 et
1202 2760 1332 2821 malum.
1353 2782 1369 2820 o
1396 2763 1479 2828 Quid
1500 2762 1584 2824 enim

36 2858 179 2928 uternam,
202 2854 252 2915 eui
271 2852 415 2914 absolute
442 2857 546 2933 potest
558 2853 703 2914 voluntas
716 2872 765 2915 re·
814 2845 967 2913 aliud'ista
981 2853 1116 2913 clamant
1130 2898 1139 2929 ,
1155 2861 1268 2931 prester
1281 2871 1474 2933 suspensam,
1489 2859 1520 2915 et
1531 2855 1582 2915 iu·

36 2944 191 3019 insenos
203 2951 238 3006 ut
251 2949 448 3023 exequatur,
471 2944 556 3023 quod
566 2943 649 3021 vult,
664 2944 717 3006 sad
728 2952 764 3007 ut
814 2943 1008 3006 differentem
1021 2943 1191 3005 voluntatis
1203 2944 1244 3005 ad
1263 2950 1432 3023 utrumque
1444 2950 1582 3025 potesta-

36 3034 95 3112 selit,
107 3035 166 3113 ibae
177 3037 258 3098 enim
270 3035 390 3097 auferri
402 3035 431 3097 ei
443 3054 508 3096 non
521 3032 631 3117 potest)
652 3054 764 3098 verum
813 3035 899 3098 tem?
915 3036 966 3111 Ut,
983 3035 1037 3116 qui
1050 3035 1272 3115 quadrigarum
1285 3037 1352 3097 lora
1362 3042 1457 3113 tenet,
1473 3037 1583 3118 auriga

36 3127 305 3203 sfimmteriorem,
333 3132 365 3190 et
390 3128 575 3204 naturalem,
591 3129 764 3209 eujusmodi
814 3134 925 3208 potest,
942 3145 1172 3207 quemeumque
1198 3127 1281 3189 volet
1304 3129 1472 3209 inpartem
1485 3148 1583 3210 equos

35 3215 300 3283 bestiubrutorum
327 3220 537 3282 animantium
558 3221 711 3301 appetitu3
727 3226 764 3282 ut
815 3221 990 3295 deonnaet
1003 3220 1087 3281 unde
1114 3220 1196 3281 volet
1222 3220 1390 3294 abducere3
1419 3221 1579 3284 sichomo

35 3311 761 3394 numesiusrespondeat,eteontrariasittpponet,
814 3309 949 3371 libertati
961 3327 1025 3369 suae
1038 3308 1162 3369 relictus
1177 3354 1185 3383 ,
1213 3327 1271 3389 pro
1287 3327 1323 3370 eo
1336 3328 1372 3370 ae
1384 3310 1510 3372 libitum
1524 3317 1581 3387 est,

35 3400 193 3466 idotbbero
206 3411 237 3466 et
257 3404 451 3466 indifferenti
464 3403 571 3481 nutui,
587 3404 762 3466 inclinatio·
814 3402 848 3462 in
861 3401 942 3463 hano
955 3401 1004 3461 vel
1017 3400 1104 3461 illam
1114 3406 1235 3481 partem
1248 3402 1431 3463 voluntariis
1448 3403 1584 3465 motibus

36 3491 102 3570 nique
116 3497 294 3570 voluntatis,
322 3514 417 3575 quam
444 3494 563 3555 fontem
582 3500 614 3555 et
625 3495 763 3557 radicem
814 3494 927 3573 agitur,
944 3493 1031 3554 nulla
1044 3511 1146 3572 neque
1160 3493 1339 3556 necessitate
1352 3513 1454 3574 nequa
1467 3495 1583 3558 violen-

37 3588 176 3649 sementi
187 3588 303 3662 omnis,
318 3606 354 3648 ae
363 3587 413 3648 vel
421 3587 520 3647 laudis
531 3593 563 3648 et
575 3587 764 3667 preemii,vel
814 3586 857 3646 tia
881 3586 962 3662 alio,
991 3597 1086 3664 quam
1107 3585 1229 3666 placet,
1244 3585 1407 3665 impulsus.
1424 3589 1467 3648 De
1478 3608 1539 3668 qua
1550 3591 1583 3651 vi

36 3675 761 3761 dupemtuuisetpoenae,jureOyrillusaffirmat,
813 3677 978 3758 relegenda
993 3677 1046 3737 illa
1068 3682 1141 3738 sunt
1167 3696 1237 3757 quae
1260 3677 1403 3757 pluribus
1416 3686 1508 3743 antea
1520 3681 1582 3743 dis·

36 3764 138 3849 illioque
149 3773 346 3834 eonsentiunt
372 3773 524 3833 etPatres
550 3770 764 3852 saturninos
813 3770 1000 3850 putavimus.

36 3876 101 3938 supra
108 3865 342 3942 paeensuimus.
853 3863 908 3922 VI.
925 3861 1063 3923 Subinde
1076 3878 1151 3922 vero
1170 3861 1305 3941 cyrillus
1318 3863 1402 3925 idem
1417 3907 1426 3937 ,
1441 3864 1517 3943 quid
1528 3864 1582 3925 in·

60 3951 89 4011 Υ.
100 3954 192 4017 Postea
204 3957 242 4018 de
255 3954 396 4017 hominis
406 3954 565 4017 voluntate
578 3954 679 4017 libera
691 3973 762 4036 per-
813 3954 968 4016 eommodi
981 3953 1123 4015 futurum
1136 3953 1190 4031 sit,
1206 3954 1232 4013 si
1246 3956 1325 4016 Deus
1347 3956 1443 4016 talem
1461 3955 1583 4016 bomini

35 4040 204 4125 stupuere
216 4049 375 4128 Gyrillus:
392 4068 404 4105 ι
421 4047 462 4108 Ut
474 4047 569 4126 igitur
578 4052 610 4108 et
623 4065 679 4108 nos
689 4049 761 4128 ipsi,
812 4046 1006 4108 voluntatem
1018 4046 1173 4126 eriperet,
1204 4050 1235 4106 et
1259 4046 1298 4107 ad
1316 4046 1434 4108 bonum
1447 4052 1583 4109 tantum·

35 4129 160 4213 iltquitad
172 4140 305 4219 quodvis
331 4140 451 4200 honum
471 4142 582 4219 sponte
606 4138 759 4215 feramur,
812 4140 906 4200 modo
919 4138 1169 4218 persequendum
1182 4156 1252 4199 eam
1265 4138 1446 4218 inflecteret,
1470 4140 1513 4200 ita
1521 4140 1583 4201 dis·

35 4218 367 4312 libeumimiproposito
377 4232 474 4292 vitam
498 4231 532 4291 in
553 4236 636 4292 terra
649 4231 761 4311 degere
812 4231 903 4295 serit:
935 4253 951 4290 o
977 4232 1096 4310 Igitur,
1125 4231 1151 4290 si
1164 4230 1373 4310 inexplicabili
1386 4232 1580 4311 quadam,.et

36 4314 96 4413 uobis
106 4322 174 4397 Deus
187 4323 349 4386 consessit.
360 4326 462 4402 Atque
471 4324 514 4383 ita
525 4322 678 4403 principio
690 4342 762 4384 eon·
812 4322 917 4385 diviua
928 4323 1055 4400 virtute,
1070 4327 1101 4384 et
1115 4322 1248 4402 elfieaoia
1274 4342 1369 4401 usus,
1385 4325 1581 4405 uniuscujus-

36 4408 157 4492 νοτίοιο
183 4416 270 4478 euim
298 4415 495 4476 voluntatum
521 4433 649 4476 suarum
676 4434 714 4477 ex
728 4434 761 4477 se
811 4420 1020 4495 quementem
1033 4415 1073 4476 ad
1086 4414 1165 4476 bene
1191 4416 1348 4493 agendum
1360 4418 1580 4496 transtulisset,

37 4507 305 4579 thusashabenas
325 4512 420 4584 tenet,
434 4514 465 4569 et
478 4512 588 4587 suopte
598 4513 678 4568 nutu
689 4508 765 4569 inei·
813 4513 844 4569 et
855 4508 1045 4587 impervium
1058 4507 1116 4586 ipsi
1142 4506 1261 4568 malum
1281 4508 1375 4569 etiam
1387 4528 1453 4570 nou
1465 4510 1583 4572 volenti

36 4590 333 4677 l{litltrtqtensiouibus
345 4599 380 4660 in
393 4606 561 4679 unumque
579 4598 763 4677 lertur,bo·
812 4599 946 4675 fecissen
977 4617 1043 4660 non
1066 4599 1133 4677 jam
1147 4603 1212 4659 tota
1235 4598 1288 4660 illa
1310 4618 1364 4663 res.
1372 4601 1491 4664 fruetus
1504 4607 1583 4664 esset

36 4687 233 4769 nubissenam,
248 4697 282 4753 et
295 4689 448 4753 maome
473 4690 680 4753 »calviniani
693 4689 763 4753 fau·
812 4691 921 4769 animi,
934 4709 993 4752 nee
1005 4690 1130 4752 laudem
1143 4691 1242 4752 ullam
1262 4693 1446 4773 mereretur,
1462 4695 1516 4756 sod
1529 4712 1584 4756 ne·

58 4898 160 4958 Genu.
173 4905 233 4963 Vlll
254 4910 332 4962 cont.
347 4903 398 4961 Jot
426 4904 500 4959 Πᾶσα
518 4903 623 4977 μὲνγὰρ
638 4903 654 4973 ἡ
669 4902 693 4959 ἓν
709 4907 763 4969 τοῖς
811 4910 878 4960 noio
899 4911 950 4959 τῶν
974 4904 1071 4978 ἀγαθῶν
1086 4903 1191 4961 ἐθελοντὶ
1204 4906 1392 4981 ὃιαοτεῐχιομτν,
1408 4909 1580 4986 ἂκαταὸιάοιῳ

33 4972 211 5058 ί’ἦνθννῖςλογοιὶὺ
229 4988 273 5042 nal
287 4988 360 5061 νοερὰ
373 4987 464 5055 κτίσις,
487 4988 627 5060 αὖθαῑρετον
651 4986 703 5061 ἔχει
717 4987 762 5056 τὴν
811 4991 898 5062 γνώμῃ
913 4989 1021 5042 διαὸιοῦν
1033 4986 1073 5043 ert
1090 4991 1135 5060 γῆς
1146 4987 1217 5061 ἰφῆιιε
1231 4990 1295 5052 θεός·
1310 4991 1350 5044 καὶ
1370 4992 1435 5046 οὕτω
1444 4994 1544 5065 γέγονεν
1554 4994 1581 5049 ἐν

32 5052 110 5136 &lag
126 5069 151 5120 ds
170 5069 253 5125 iloero
274 5076 325 5125 τῶν
344 5072 471 5144 πρακτέων
493 5071 582 5144 ὁρμὴν,
603 5069 643 5124 καὶ
657 5070 763 5143 ἀνάγκης
811 5070 908 5144 ἀρχαῖς.
925 5071 1031 5139 ἀνῆπται
1044 5070 1092 5144 γὰρ
1115 5070 1187 5134 αὐτὸς
1207 5069 1251 5134 τὰς
1268 5078 1318 5126 τῶν
1332 5071 1420 5128 ἑαυτοῦ
1436 5076 1581 5148 θιλημάτων

31 5134 122 5217 Wpet
134 5151 175 5221 rip
189 5151 226 5226 ἐφ’
241 5154 339 5227 ξιιάοτῳ
355 5153 444 5226 ῥοπὴν.
458 5150 488 5223 ἦν
507 5154 555 5226 γὰρ
566 5154 642 5222 οὕτω,
656 5154 697 5208 καὶ
715 5153 763 5227 οὐχ
810 5153 887 5221 ἡνίας,
901 5154 942 5207 nal
963 5153 1161 5216 αοῦτοιιελεύοτοις
1183 5151 1221 5208 ἐπ’
1234 5155 1308 5226 ἄμφω
1327 5155 1425 5228 φέρεται
1439 5157 1533 5229 ῥοπαῖς,
1546 5159 1581 5222 εἴς

31 5219 102 5296 ΗΜ,
110 5230 216 5308 ἐρημίας
228 5238 285 5310 μὲν,
302 5238 342 5292 καὶ
359 5243 437 5311 γερῶν
453 5236 574 5300 ἀξιοῦσθαι
587 5238 643 5301 τοὺς
657 5237 762 5309 ἀγαθοὺς
810 5257 839 5309 γε
850 5238 880 5291 τὸ
890 5237 979 5309 ἀγαθὸν
993 5238 1065 5310 φημὶ,
1075 5239 1116 5291 καὶ
1127 5237 1157 5292 τὸ
1176 5236 1209 5309 μὴ
1224 5238 1302 5300 οὕτως
1314 5238 1383 5312 ἔχον.
1398 5240 1467 5299 Vide
1478 5241 1580 5299 nmilia

29 5301 312 5391 teneraetenerae
325 5328 375 5376 τοι
390 5321 489 5392 ,anae
503 5321 688 5394 semenque
700 5322 763 5375 τεο.
810 5318 858 5377 uo.
874 5320 910 5377 ιν
926 5326 1032 5378 notra
1044 5317 1104 5376 rat.

54 5392 137 5456 libid.
154 5400 212 5457 Ὶνα
236 5404 320 5460 τοίνυν
340 5403 383 5459 καὶ
404 5404 475 5477 ἡμεῖς
495 5403 567 5460 αὐτοὶ
591 5403 652 5478 πρὸς
673 5406 721 5459 πᾶν
735 5403 761 5469 ὁ,
