3948 6172
450 432 500 496 DE
519 430 684 495 oetrtcto
706 431 779 494 SEX
803 430 962 509 DIERUM,
978 433 1052 497 LlB.
1069 434 1107 512 V,
1123 435 1207 498 CAP.
1224 435 1278 498 IX.
1598 436 1657 497 lilii

82 600 195 682 quidem
208 617 243 660 ex
258 599 410 675 libertate,
426 604 574 661 neutrum
595 605 701 659 autem
714 604 837 679 oportet
886 603 998 680 sponte
1018 601 1166 682 subjecit3
1192 605 1245 665 sed
1268 603 1405 666 debitam
1434 601 1656 677 obedientiam,

81 692 304 755 excecessitate.
323 692 415 754 Aliud
429 692 532 771 itaque
553 696 599 752 cst
611 691 725 751 habere
737 690 834 752 libcr-
885 710 980 771 quam
1000 712 1056 755 suo
1079 697 1230 775 superiori
1240 696 1388 770 exhibuit,
1409 695 1448 754 ab
1462 691 1658 754 inferioribus

80 789 176 857 tatem
191 784 318 844 etuliud
333 784 506 845 esthabere
524 783 835 863 potestatemtiher-
885 786 1011 865 accepit.
1039 786 1133 861 Nihil,
1162 789 1243 867 quod
1272 789 1305 848 in
1336 787 1463 849 homine
1488 790 1565 861 erat,
1591 786 1658 863 ejus

80 877 144 939 tatis
153 883 207 950 est,
221 876 305 955 quod
318 876 358 936 ad
372 875 489 955 aliquid
505 873 676 936 volendum
690 875 756 953 cogi
771 892 836 935 non
885 876 1016 956 imperio
1043 879 1281 940 contradicebat.
1313 879 1425 940 Omnia
1450 877 1655 957 gubernabat,

81 973 177 1050 potest.
199 967 335 1028 Privatio
357 972 463 1028 autem
486 968 660 1046 potestatis,
686 965 770 1046 quod
797 966 836 1027 ad
885 971 990 1032 omnia
1015 969 1207 1050 disponebat,
1223 972 1368 1032 omnibns
1381 968 1564 1049 imperabat.
1574 969 1658 1029 Nihil

81 1060 184 1139 aliquid
206 1058 280 1119 boni
303 1058 478 1119 faciendum
505 1058 660 1119 sufficiens
686 1076 750 1118 non
778 1065 832 1118 est.
884 1062 1069 1123 movebatur
1101 1068 1208 1123 eontra
1242 1064 1309 1142 ejus
1342 1063 1548 1133 voluntatem,
1577 1060 1657 1121 nihil

82 1155 251 1216 Potestrtem
263 1152 368 1230 itaque
374 1150 571 1231 promerendi
579 1150 733 1230 peccando
747 1151 837 1209 amit·
884 1160 997 1234 praeter
1008 1154 1075 1232 ejus
1088 1155 1289 1215 voluntatem.
1306 1155 1413 1216 Omnis
1429 1159 1532 1214 motus
1545 1171 1655 1231 corpo·

80 1252 135 1307 tere
160 1244 276 1325 potuit3
304 1243 480 1304 libertatem
504 1236 579 1303 vero
611 1241 730 1302 arbitrii
757 1243 836 1301 sicut
884 1264 966 1320 rens,
982 1246 1215 1322 omnissensns,
1241 1247 1343 1306 omnis
1364 1246 1530 1326 appetitus,
1553 1244 1657 1305 omnis

81 1353 226 1417 nunquam
238 1334 734 1413 nonhnhuit,sicnunq¹tflmn0n
744 1332 836 1393 hahe-
884 1339 1035 1415 affectus,
1064 1339 1165 1399 omnis
1192 1339 1344 1417 cogitatus
1371 1338 1410 1398 ad
1438 1337 1506 1414 ejus
1541 1341 1654 1396 nutum

82 1429 135 1503 bit;
149 1428 218 1508 quia
231 1444 396 1506 nunquam
421 1424 467 1508 (ut
482 1427 624 1506 superius
635 1426 702 1503 jam
717 1424 834 1486 dictum
884 1431 1078 1507 movebatur,
1091 1429 1294 1509 dirigebatur,
1318 1429 1543 1501 refrenabatur,
1559 1428 1655 1507 repri-

81 1520 126 1601 et)
147 1519 364 1599 qualicumque
382 1524 519 1598 peccato,
533 1518 584 1579 vel
607 1534 699 1596 poena
722 1516 833 1589 amitti,
883 1522 1037 1583 mebatur.
1061 1543 1078 1580 a
1108 1522 1202 1583 Addit
1212 1521 1394 1597 bestiarum,
1416 1521 1589 1595 volucrum,
1618 1538 1654 1579 cc

80 1614 120 1675 vel
134 1613 231 1674 minui
250 1613 406 1692 poterit.»
434 1612 504 1677 Quo
523 1610 558 1670 in
577 1609 646 1671 loco
659 1608 834 1669 libertatem
883 1615 1026 1694 piscium,
1040 1613 1233 1693 reliquorum
1252 1616 1387 1694 denique
1404 1614 1547 1675 omnium
1563 1612 1652 1672 obse·

80 1704 184 1766 arbitrii
197 1723 215 1766 a
229 1709 382 1784 potestate
402 1702 534 1764 faciendi
548 1702 690 1777 secernit,
707 1707 738 1762 et
750 1701 835 1761 illius
883 1708 968 1786 quia.
994 1708 1066 1767 Haec
1092 1712 1225 1784 astorgo
1251 1711 1385 1786 potestas
1401 1705 1607 1774 illaiaciendi,
1621 1704 1653 1764 id

80 1799 200 1858 nativam
212 1797 436 1876 proprietatem
449 1795 483 1855 in
496 1812 535 1856 eo
544 1795 644 1875 ponit,
666 1794 749 1873 quod
763 1792 833 1853 tttc
883 1804 929 1860 est
940 1798 1121 1878 exequendi,
1138 1800 1221 1877 quod
1234 1808 1427 1880 τειεσιουργνεῖν
1439 1797 1537 1859 Greci
1549 1795 1651 1856 nomi-

80 1909 134 1949 ncn
146 1888 226 1949 tutet
246 1887 328 1963 bono,
342 1887 392 1947 vel
405 1885 485 1947 molo
500 1885 672 1961 consentire,
689 1885 752 1945 sive
762 1903 833 1945 con·
883 1895 970 1951 nant,

79 1985 179 2053 matre,
194 1980 244 2040 vel
268 1998 326 2040 non
350 1977 524 2047 consentire,
550 1977 641 2058 plane
663 1995 700 2037 ex
715 1976 836 2037 concilii
927 1984 961 2043 V.
977 1982 1130 2057 Alterum,
1147 1981 1229 2060 quod
1241 1982 1324 2060 apud
1338 1982 1534 2042 Richardum
1548 1981 1653 2041 obser-

79 2072 234 2133 Ttffltsslissi
257 2071 407 2145 f⁰rml¹l³3
433 2071 477 2130 iifl
491 2075 528 2130 Ui
548 2069 635 2130 nullst
654 2069 835 2130 necessitate
882 2076 948 2136 vari
973 2074 1075 2147 debet,
1105 2078 1168 2148 est’,
1199 2072 1275 2133 velle
1302 2074 1344 2134 sic
1372 2074 1411 2133 ab
1439 2091 1475 2133 eo
1499 2072 1653 2134 voluntati

80 2170 200 2244 ωςιιιιι,
214 2164 279 2225 hoc
293 2166 341 2225 est
355 2162 394 2222 ad
407 2170 507 2222 unum
518 2161 741 2240 adstringatur,
752 2166 784 2222 ct
796 2178 834 2221 ex
882 2164 999 2240 liberae,
1014 2169 1164 2242 ta'nquum
1179 2163 1339 2241 proprium
1349 2162 1485 2236 attribui,
1498 2166 1535 2222 ut
1547 2168 1652 2222 tamen

80 2254 831 2337 amplitudineillapotestatisinarctumrcdigatur.
882 2257 916 2316 in
929 2256 1048 2316 bonum
1067 2272 1132 2315 non
1145 2254 1211 2314 sine
1225 2254 1379 2332 amatorio
1393 2255 1501 2333 gratie
1522 2253 1649 2315 nitatur.

113 2351 158 2410 tv.
177 2350 246 2410 Duo
260 2353 335 2409 sunt
356 2352 462 2408 autern
475 2347 509 2406 in
523 2346 576 2406 illa
593 2345 744 2406 Richardi
763 2364 833 2406 sen·
883 2349 1014 2422 Verum,
1027 2346 1177 2426 quoniam
1188 2346 1440 2424 dato,positoque
1452 2345 1649 2418 hocanxilio,

81 2442 159 2501 tentia
168 2459 230 2521 prae
239 2440 339 2502 oculis
346 2438 501 2500 habenda.
516 2438 657 2498 Alterum
667 2443 833 2517 cst,potes·
882 2460 938 2522 per
951 2458 1027 2515 sese,
1042 2438 1074 2498 id
1087 2442 1132 2497 est
1145 2435 1239 2496 nullis
1253 2437 1389 2497 externis
1397 2437 1541 2515 indigens
1555 2437 1652 2497 admi-

79 2538 351 2612 tatem,quamcum
359 2530 501 2592 libertate
511 2530 679 2610 componit,
694 2547 758 2589 non
769 2547 834 2591 esse
882 2533 1003 2600 niculis,
1019 2529 1087 2591 vult
1100 2534 1130 2589 et
1149 2530 1301 2589 consentit
1315 2550 1323 2603 3
1345 2528 1458 2589 idcirco
1479 2529 1651 2589 consentire

81 2623 181 2686 colendi
208 2631 412 2706 potestatem,
445 2627 480 2683 ut
506 2639 607 2682 novus
636 2621 835 2700 dogmatistes
881 2625 931 2685 vel
945 2642 1009 2684 non
1030 2620 1213 2693 consentire,
1235 2620 1320 2681 velut
1340 2621 1496 2700 peculiare
1515 2619 1652 2682 libertati

81 2716 259 2797 interpretari
269 2715 404 2792 videtur,
420 2713 473 2775 sed
487 2711 630 2793 faciendi.
646 2713 725 2772 Nam
740 2720 834 2793 poter-
882 2715 1043 2787 tribuitur,
1057 2731 1121 2774 non
1142 2719 1247 2773 autem
1261 2711 1369 2792 socero,
1395 2714 1426 2773 id
1441 2719 1487 2774 est
1495 2712 1649 2794 perficere,

81 2814 117 2867 toa
136 2807 250 2869 uolendi
274 2812 321 2868 est
346 2807 412 2886 ipsa
432 2804 562 2880 libertas,
577 2822 668 2883 aqua
680 2804 836 2865 diversam
884 2808 967 2888 quod
993 2806 1079 2867 nulla
1101 2805 1132 2864 vi
1157 2804 1260 2881 insita,
1290 2810 1321 2865 et
1346 2804 1480 2864 naturali
1503 2809 1651 2883 potestate

81 2900 219 2961 mnstituit
237 2905 408 2981 potestatem
432 2894 565 2978 faciendi
575 2917 587 2963 ,·
616 2896 732 2976 quippe
755 2896 834 2958 velle
883 2902 974 2980 plene
995 2897 1203 2976 consequitur,
1220 2896 1273 2956 sed
1294 2894 1358 2955 sola
1372 2895 1428 2955 Dei
1450 2895 1601 2973 largitate,
1615 2913 1651 2955 ae

82 2998 119 3052 est
143 2991 325 3055 consentire.
361 2990 462 3068 Igitur
493 2994 620 3070 potestas
644 2987 762 3050 volendi
794 2998 835 3051 est
883 2990 1088 3073 providentia,
1104 3006 1175 3068 quac
1190 2987 1294 3062 efficit,
1310 2986 1652 3065 utomcrircooperectar

79 3091 187 3164 potestas
211 3079 423 3145 coruentientlt'.
454 3081 493 3142 At
516 3080 690 3141 libertatem
709 3099 745 3142 eo
768 3081 834 3161 ipso
883 3079 1053 3152 ananam,
1066 3077 1651 3159 ctutcumlopidibasreqionumpaetcm

82 3176 237 3238 bichardus
258 3173 376 3249 delinit,
393 3193 409 3230 a
429 3173 513 3252 quod
529 3177 629 3252 potest
651 3174 833 3247 consentire,
884 3184 968 3236 tuam
981 3171 1051 3250 siti,
1066 3179 1092 3232 et
1111 3171 1208 3232 testie
1228 3180 1317 3232 terme
1332 3168 1473 3250 pacifica
1500 3169 1559 3229 tritt
1580 3170 1648 3231 tibi.

82 3267 122 3328 vel
132 3287 190 3329 non
198 3264 376 3329 consentire
384 3263 691 3345 aspiratiouidivinae.
707 3286 723 3321 a
736 3265 836 3337 Quare
884 3267 930 3329 Et
953 3266 1038 3343 set'as,
1065 3262 1144 3345 quod
1164 3281 1268 3343 pacem
1294 3260 1399 3323 habeut
1429 3260 1652 3322 tubernaculum

78 3367 187 3435 potestas
211 3355 344 3441 faciendi
367 3366 413 3417 est
439 3360 573 3435 potestas
599 3356 782 3435 exequendi,
806 3361 837 3418 et
886 3366 981 3422 taoni.
996 3358 1075 3418 Huic
1101 3356 1214 3434 postati
1239 3360 1309 3434 post
1323 3354 1434 3414 Adami
1447 3352 1569 3432 lapsum
1584 3371 1651 3413 suc-

82 3451 255 3529 perficiendi,
273 3449 357 3528 quod
381 3448 541 3509 voluntate
564 3446 746 3508 decreveris.
769 3450 837 3509 Etc-
885 3452 974 3514 cessit
993 3453 1027 3511 in
1050 3447 1179 3529 posteris
1201 3445 1352 3507 ermessitos
1379 3445 1442 3520 illa,
1468 3462 1523 3505 seu
1543 3445 1598 3521 cis,
1623 3455 1655 3506 et

82 3543 147 3618 uim,
160 3544 242 3624 quod
258 3537 507 3618 aitdpcstolus¹.
527 3537 732 3620 Vellecdjccet
746 3540 836 3620 mitt}
885 3543 1024 3617 counio,
1057 3556 1151 3620 qnam
1184 3537 1319 3599 libertati
1352 3537 1460 3597 Patres
1497 3554 1653 3616 opponere

79 3634 311 3715 perficereautem
327 3631 441 3707 bouum
456 3650 513 3692 con
526 3631 655 3691 r'coccio.
672 3630 737 3692 Non
746 3634 835 3710 enim,
886 3636 1001 3709 solent;
1019 3651 1084 3695 non
1108 3630 1193 3712 quod
1218 3630 1378 3710 propriam
1395 3629 1461 3706 ejus
1484 3629 1653 3704 actionem,

82 3725 148 3804 quod
171 3728 235 3788 volo
262 3724 380 3799 dmum,
396 3722 448 3784 lt⁰0
472 3722 560 3804 satio,
586 3723 647 3793 ted,
673 3723 751 3803 quod
771 3723 838 3785 colo
887 3723 1264 3801 hocestcoasemum,sive
1278 3721 1445 3782 vetitionem
1459 3720 1654 3796 auferat,sed

82 3818 188 3893 madon,
204 3819 262 3879 loc
274 3836 341 3898 apo.
360 3818 404 3876 Ac
418 3832 553 3894 persaepe
568 3823 733 3876 conantem
748 3826 839 3894 gran-
887 3822 971 3901 quod
984 3820 1067 3881 illius
1089 3816 1220 3896 imperio
1233 3815 1365 3889 resistat,
1380 3818 1411 3873 et
1425 3813 1651 3883 executionem,

84 3909 125 3969 dia
137 3912 209 3972 eires
221 3907 374 3990 deficiunt,
396 3906 555 3986 amicique.
570 3905 837 3986 Adeocupiditati-
888 3913 1143 3988 effectionemquc
1166 3907 1243 3986 ejus,
1263 3905 1346 3984 quod
1367 3904 1562 3983 propositum
1576 3909 1652 3979 erat,

84 3999 142 4077 lus,
155 4009 185 4064 et
203 3999 417 4080 voluptatibus
439 3998 525 4058 fracti
547 3997 758 4078 debilitatique
770 4000 837 4060 lan-
886 4004 1046 4084 impediat.
1061 4002 1104 4061 De
1118 4016 1180 4078 qua
1192 4016 1226 4057 re
1240 3996 1311 4056 alibi
1320 3995 1432 4055 dicam.

84 4100 229 4172 manunt,
244 4092 327 4154 vele
342 4089 498 4151 contrario
512 4094 610 4163 metu,
630 4094 661 4150 et
674 4091 838 4171 asperitate
929 4097 983 4157 VI.
998 4096 1041 4155 De
1055 4091 1200 4170 Magistro
1216 4087 1448 4149 Sententiarum
1461 4086 1544 4146 idem
1553 4090 1609 4158 est,
1619 4103 1655 4146 ac
1726 4122 1781 4167 taem

85 4202 174 4248 rerum
188 4183 445 4268 perferendarum
469 4182 660 4262 aproposito
681 4183 837 4246 deliciunt.
890 4188 928 4248 de
956 4183 1111 4267 prioribus
1133 4183 1231 4241 tribus
1259 4179 1436 4257 J'udicium,
1471 4177 1657 4258 quibuscum
1691 4174 1817 4273 ’225¹'qu

86 4276 193 4340 locedii
199 4275 429 4349 membrorum,
443 4274 840 4354 etinternorumsensuum,
891 4280 1000 4340 eodem
1014 4277 1066 4337 ille
1080 4273 1192 4335 saeculo
1205 4271 1327 4347 lloruit;
1336 4290 1372 4333 ac
1384 4271 1486 4331 verbis
1499 4270 1657 4332 interdum
1731 4294 1789 4327 ram.

86 4375 166 4449 atque
190 4370 294 4432 carnis
321 4365 444 4428 assidua
462 4382 535 4426 cum
556 4371 662 4427 mente
688 4367 840 4444 luctatio;
890 4372 1002 4432 iisdem
1021 4368 1130 4441 utitur,
1160 4365 1332 4445 pracsertim
1355 4363 1505 4441 lingonis,
1529 4368 1565 4423 ut
1583 4364 1660 4425 alias

86 4468 143 4523 mm
166 4480 288 4535 eorum,
303 4477 374 4539 quoe
396 4463 482 4519 extra
506 4475 563 4517 nos
582 4459 682 4537 posita
708 4466 791 4532 sunt,
814 4466 844 4522 et
893 4462 1133 4526 observavimus.
1155 4458 1258 4525 Quare
1271 4456 1423 4535 quidquid
1436 4456 1470 4516 in
1487 4456 1661 4536 superiores

87 4555 245 4616 caessaris
269 4558 340 4613 sunt
354 4548 542 4611 adminicula
554 4547 630 4610 boni
652 4550 843 4629 perficiendi,
895 4556 962 4616 illos
988 4554 1174 4615 dictumest
1197 4548 1340 4621 cnobia;
1369 4548 1428 4608 hoc
1455 4547 1489 4608 in
1513 4549 1661 4627 Magistro

88 4662 224 4723 morosa,
267 4642 459 4721 difficilisque
505 4643 657 4702 uastatio.
707 4645 846 4717 Quorum
893 4648 996 4709 valere
1009 4646 1119 4719 debct3
1144 4641 1278 4702 maxime
1299 4645 1403 4701 autem
1426 4640 1561 4719 qnodde
1580 4658 1664 4699 coac·

89 4740 219 4799 mnium
238 4733 466 4818 plenabomini
479 4739 613 4812 potestas
624 4732 683 4796 luit
695 4743 768 4797 ante
779 4755 847 4817 pec
894 4740 997 4814 tione,
1026 4755 1061 4799 ac
1083 4733 1232 4796 violentia
1257 4732 1449 4811 disputatum
1476 4736 1539 4807 est,
1568 4749 1664 4812 quam

90 4835 192 4904 catum,
206 4831 352 4891 hocvero
364 4825 509 4897 somam,
526 4843 652 4904 prorsus
665 4832 711 4887 est
730 4835 844 4908 erepta.
897 4832 993 4892 solam
1017 4828 1152 4890 libertati
1178 4844 1243 4886 esse
1266 4825 1454 4886 contrariam
1475 4824 1536 4886 dici
1559 4824 1598 4885 ab
1613 4824 1665 4885 illo

91 4920 266 5001 Huiusmodi
291 4923 471 5000 potestatem
500 4918 630 4997 intelligi
658 4919 691 4980 in
719 4918 851 5000 fouendi
897 4922 1065 4986 adversarii
1075 4916 1250 4999 jactitant⁸.

89 5021 230 5093 potestate,
262 5009 434 5073 Richardus
458 5008 524 5088 ipse
544 5009 665 5087 docet’,
695 5012 748 5091 qui
770 5012 850 5074 hanc
940 5015 1034 5095 Atqui
1047 5012 1126 5074 nihil
1138 5011 1198 5072 boc
1212 5014 1358 5071 essetum
1370 5008 1463 5090 paulo
1476 5013 1548 5069 ante
1561 5010 1621 5071 hoc
1635 5010 1669 5071 in

92 5109 266 5184 potestatem
279 5102 414 5165 declarat
425 5102 468 5162 sic
480 5100 515 5161 in
529 5103 729 5182 sequentibus
745 5125 780 5164 :c
794 5106 852 5167 Hic
901 5107 1010 5188 capite,
1024 5110 1092 5166 tum
1106 5105 1140 5164 in
1152 5101 1406 5164 antecedentibus
1425 5105 1502 5180 puto
1522 5118 1587 5161 esse
1599 5102 1671 5162 satis

92 5198 191 5257 omnia
213 5196 272 5257 sibi
298 5193 437 5272 subjecta
470 5198 542 5253 ante
567 5196 852 5274 prevaricationem
902 5204 1061 5261 ostensum
1076 5219 1084 5272 3
1100 5214 1157 5258 nec
1170 5204 1217 5256 est
1228 5212 1353 5256 necesse
1366 5194 1404 5253 de
1418 5193 1587 5269 coactione,
1600 5210 1670 5271 quac

93 5283 214 5362 habuit;
230 5286 403 5348 eromuino
416 5285 450 5345 in
463 5284 675 5364 sibisubJ'ectis
690 5288 767 5349 nihil
782 5308 854 5351 oon-
902 5292 965 5353 illic
996 5290 1134 5370 exposita
1168 5292 1259 5362 sunt,
1297 5286 1347 5346 hic
1382 5287 1486 5346 denuo
1520 5289 1670 5365 repetere.

92 5380 275 5441 tradictionis
300 5377 442 5455 invenit,
469 5378 620 5457 quamdiu
645 5398 677 5441 se
703 5382 854 5462 superiori
902 5383 1039 5463 Magistri
1053 5382 1179 5462 quidem
1194 5378 1439 5440 consentientem
1459 5394 1629 5452 cumvera,
1642 5383 1673 5437 et

120 5579 130 5621 t
144 5580 202 5624 non.
215 5577 257 5628 ni.
268 5577 352 5623 ta.-t
366 5576 441 5623 naci.
453 5576 462 5621 1
474 5576 501 5623 de
516 5579 582 5625 Statu
588 5579 648 5626 butt
656 5581 714 5627 tom.
725 5594 745 5628 c.
756 5595 792 5627 nv
801 5590 822 5627 et
835 5584 921 5630 ιιι-8
934 5586 994 5629 ηοω,
1007 5594 1056 5634 vrit,
1067 5581 1153 5626 ιιι-ι
1165 5580 1210 5627 tot.
1220 5590 1241 5629 v,
1250 5578 1315 5625 tie-
1326 5577 1340 5621 5
1352 5577 1415 5622 itm·
1426 5577 1464 5624 lli·
1477 5576 1518 5621 lib·
1530 5575 1569 5631 Vl,
1580 5587 1600 5622 ο.
1613 5589 1645 5621 1¹-
