4004 6168
351 327 411 395 ΒΜ
904 331 1098 395 ettenotx
1117 331 1169 395 to
1190 332 1337 396 emanet
1359 333 1384 393 ll

351 490 408 571 qui
418 508 458 559 es
470 492 551 557 veris
559 494 656 557 enimi
671 494 774 569 malis,
790 501 978 577 peucemque
993 498 1061 578 ipso
1073 504 1120 561 tot
1171 496 1225 559 illo
1237 498 1337 560 facere
1350 495 1447 577 pessit
1457 495 1552 571 bcne;
1566 516 1582 555 ι
1599 495 1643 559 sto
1654 497 1750 559 etiam
1764 496 1923 578 permittet

351 581 433 647 bona
446 586 631 662 exprimere,
647 592 740 666 atque
765 589 932 650 extundere
950 591 1068 670 potuit,
1083 597 1120 652 ut
1171 591 1282 669 potuit,
1307 589 1454 651 eumdem
1482 588 1598 655 mutari
1620 588 1746 669 frigore,
1770 597 1802 651 ct
1825 590 1923 665 abac,

352 675 462 743 matins
485 675 599 755 fuerit,
616 696 688 741 eum
705 680 773 740 ode
795 680 883 743 melis
903 679 986 742 bona
1007 681 1117 760 fecere,
1168 682 1282 743 tentari
1296 680 1406 742 morbo
1420 680 1523 760 aliquo
1540 700 1548 743 ε
1564 681 1722 759 cumipd,
1735 680 1927 761 quiomuipo

351 785 444 846 quum
459 768 542 837 mele
554 769 641 833 nulla
657 788 723 831 essa
740 771 956 850 permittere.»
974 774 1120 852 Longum
1169 777 1238 835 tens
1251 778 1308 846 est,
1324 772 1616 851 eteapieutissimus,
1626 772 1721 841 erbis
1731 772 1827 834 etiam
1835 773 1925 847 malis,

350 876 424 925 vero
439 865 519 923 esset
539 861 688 925 utilitates
706 880 825 939 omnes,
849 869 881 925 et
894 866 1119 928 commodare·
1169 882 1336 943 quaerere,
1352 870 1385 926 et
1397 863 1522 943 proprie
1535 864 1618 927 male
1640 882 1706 926 nen
1720 870 1807 937 suut,
1822 863 1929 925 bonum

350 967 486 1027 cenmre,
501 951 745 1031 quibushomini
754 955 848 1017 ctiam
859 955 1017 1018 innocenti
1025 958 1121 1019 satius
1169 955 1295 1035 aliquod
1308 955 1481 1032 extrahere,
1499 972 1558 1023 neo
1575 956 1681 1019 minus
1691 955 1797 1033 maile,
1812 973 1869 1018 nec
1880 956 1930 1017 mi·

349 1040 430 1110 foret
441 1042 557 1122 aliquid
571 1043 663 1124 objici
677 1047 853 1123 adversum,
864 1066 935 1109 cum
950 1067 1012 1129 quo
1025 1050 1121 1111 mole·
1169 1065 1230 1109 nus
1242 1047 1528 1108 conveniensforet.

349 1136 408 1206 ste.
423 1138 455 1199 et
476 1134 554 1200 dure
576 1136 721 1214 quaedem
744 1137 901 1205 interdum
918 1140 977 1219 ipsi
991 1140 1119 1202 luctatio
1210 1138 1303 1200 Ratio
1323 1139 1390 1200 boec
1412 1137 1506 1198 aliam
1534 1137 1619 1199 ducit
1639 1135 1699 1218 ipsi
1711 1138 1803 1201 velde
1816 1140 1931 1219 conjun-

350 1229 438 1301 ant
455 1242 550 1305 quam
562 1226 656 1291 rebus
669 1229 824 1308 prosperis
836 1247 958 1310 semper
972 1230 1030 1305 uti,
1042 1232 1120 1293 atad
1169 1236 1261 1291 ctam.
1278 1229 1449 1309 Indignum
1465 1229 1520 1291 Dei
1533 1247 1592 1299 nec
1604 1229 1765 1309 equitate,
1783 1249 1844 1293 nec
1858 1231 1930 1292 boni

349 1316 543 1385 voluntatem
554 1318 732 1383 liuentibus.
751 1320 802 1383 Sic
816 1321 902 1383 enim
914 1323 949 1383 in
961 1325 1118 1386 omnivira
1168 1327 1231 1382 tate
1239 1321 1308 1397 luit,
1319 1321 1686 1382 homineminnocentem
1697 1322 1929 1384 obnoxiumme

350 1412 453 1475 tutan
464 1426 578 1485 genere
591 1428 623 1473 sc
637 1417 771 1480 exercet,
787 1412 822 1475 in
843 1432 942 1493 eoque
955 1415 1120 1478 christiana
1169 1413 1453 1488 sollicitationibus,
1468 1431 1505 1475 ec
1525 1413 1749 1477 tenmtionibus
1773 1416 1926 1489 demonia

350 1499 520 1577 tunnas,
540 1500 699 1580 munuc,
714 1502 800 1579 tides,
818 1522 897 1583 spes,
915 1506 1047 1567 charitas
1067 1508 1119 1569 in·
1170 1523 1228 1567 nac
1242 1504 1339 1582 igitur
1351 1505 1517 1583 indiguum
1528 1503 1647 1579 inisset,
1664 1506 1812 1569 eumdem
1825 1506 1929 1585 subice

350 1591 500 1667 tenditur,
515 1596 608 1671 utque
627 1594 771 1673 augescit.
795 1595 849 1659 His
867 1602 973 1659 autem
987 1599 1116 1677 accedit,
1170 1602 1239 1661 tum
1254 1614 1318 1659 esse
1339 1595 1467 1675 morbis,
1485 1602 1516 1659 et
1537 1597 1707 1659 doloribus.
1728 1598 1846 1678 Ecquid
1867 1598 1929 1667 mali

349 1682 419 1763 ipsi,
434 1702 497 1762 quo
511 1684 652 1763 pluriltue
670 1685 720 1748 hic
734 1685 893 1763 molestiis,
909 1690 1121 1769 clangoribus
1171 1695 1227 1765 est,
1243 1688 1357 1763 dicent,
1374 1689 1408 1751 in
1422 1688 1667 1751 tentationibus?
1678 1690 1801 1753 bomini
1813 1691 1927 1753 unaue

349 1774 1118 1862 implicatussit;ccmqjorem‚cnmulatiaremque,
1170 1798 1236 1845 non
1255 1785 1356 1849 nocet.
1373 1779 1433 1841 nisi
1458 1781 1524 1860 ipsc
1546 1780 1631 1843 velit.
1650 1783 1692 1844 tt
1712 1781 1831 1855 turbat,
1843 1784 1926 1863 augit,

350 1866 400 1931 rel
413 1867 497 1947 apud
521 1870 725 1948 supererat
749 1870 811 1935 alio
834 1871 868 1933 in
890 1872 957 1934 loco
980 1880 1121 1952 paratam
1172 1871 1338 1947 extrudet,
1363 1871 1456 1934 etiem
1484 1872 1510 1933 si
1533 1873 1698 1935 nonrelit.
1714 1875 1804 1936 certa
1823 1875 1928 1936 bomin

349 1958 415 2025 iera
426 1961 611 2025 mercedem.
625 1961 714 2035 Quod
727 1980 827 2027 unum
841 1962 973 2041 bonum,
990 1965 1044 2044 qui
1062 1967 1120 2029 sibi
1172 1963 1277 2043 probo
1303 1963 1403 2027 multo
1430 1964 1567 2042 gravius,
1595 1965 1715 2040 dumus,
1741 1967 1874 2029 odiosius
1891 1972 1929 2029 est

350 2059 546 2131 proponeret,
569 2052 627 2115 etsi
640 2053 666 2117 is
678 2053 804 2131 quidem
824 2054 869 2119 nil
883 2074 976 2135 poena
989 2058 1118 2136 dignum
1172 2054 1378 2134 oppugnatio
1399 2055 1555 2125 Damone,
1567 2075 1662 2136 quam
1670 2057 1928 2137 pedibus,eutsto-

349 2141 703 2218 admisisset,nonvidec
716 2147 1118 2226 tameneiquiddolendum
1171 2145 1929 2225 machotaborarcrhtncccimritaitttnctrnccm

349 2233 439 2311 meet,
453 2239 508 2299 eut
520 2234 779 2314 expostulandum
793 2256 865 2299 cum
876 2240 941 2301 Deo
952 2241 991 2301 de
1000 2240 1117 2319 dolore,
1171 2238 1225 2306 tia,
1241 2256 1311 2317 qttae
1325 2238 1389 2301 vita
1402 2237 1468 2321 ipsa
1479 2238 1602 2302 bomini
1615 2241 1928 2319 poboressedebctin

350 2328 389 2389 de
400 2333 590 2407 manentem,
606 2328 645 2390 de
658 2327 825 2393 clamorum
835 2330 975 2409 interitu,
989 2332 1028 2394 da
1037 2350 1119 2395 mar·
1172 2328 1338 2392 discrimen
1352 2329 1527 2393 adducitur.
1542 2331 1583 2392 to
1595 2332 1680 2393 enim
1692 2332 1726 2393 id
1738 2333 1856 2395 bomini
1873 2350 1928 2394 non

349 2418 402 2495 bo,
416 2420 454 2481 de
468 2419 636 2493 debititate.
652 2420 690 2483 de
704 2422 851 2498 cecitate,
863 2427 932 2485 tum
941 2424 968 2484 si
984 2425 1121 2503 queunt
1171 2420 1352 2493 debebatur,
1367 2421 1489 2485 nrrllarn
1502 2439 1568 2485 esse
1584 2424 1785 2504 extraipsum
1797 2424 1927 2506 permoti

349 2512 511 2585 sliicaens,
527 2511 700 2590 inquibus,
716 2513 1120 2593 nmciequonrodomomen
1170 2511 1359 2589 illecebram,
1384 2531 1455 2592 quse
1476 2512 1565 2581 illum
1592 2514 1759 2594 aliquando
1785 2516 1926 2591 inritare,

349 2602 485 2682 positum
498 2607 545 2667 est
558 2602 750 2680 munibus,
764 2611 795 2668 et
807 2604 893 2667 mali.
1170 2610 1263 2683 atque
1277 2603 1445 2666 allectaret.
1463 2605 1549 2669 Idem
1562 2623 1690 2685 pmreus
1706 2608 1829 2669 anobis
1837 2614 1927 2669 mter·

390 2695 476 2757 Iusto
490 2699 881 2775 preterea,atqueurge0:
898 2697 970 2759 licet
983 2699 1121 2761 Deonon
1170 2714 1241 2759 rum
1259 2701 1305 2757 eet
1329 2696 1368 2756 de
1381 2696 1442 2759 elio
1463 2696 1621 2759 malornm
1644 2716 1927 2777 generandarum

349 2786 498 2868 impedire
509 2791 679 2865 peccatum,
694 2788 779 2866 quod
793 2790 951 2868 suiipsius
970 2791 1118 2870 cognitio,
1170 2805 1235 2848 esse
1259 2787 1421 2851 bominem
1435 2793 1549 2849 natura
1571 2806 1639 2865 ιιια,
1653 2807 1750 2868 wem
1763 2791 1868 2852 nullm
1879 2809 1927 2851 uu·

349 2880 433 2959 quod
446 2878 644 2959 penitentie,
665 2879 750 2958 quod
769 2880 854 2943 aliud
872 2882 1031 2960 quidpiam
1045 2902 1119 2944 con·
1169 2897 1265 2958 quam
1287 2879 1418 2958 attingat
1435 2878 1536 2956 dolor,
1558 2885 1615 2943 eut
1633 2882 1773 2956 morbus,
1793 2883 1844 2944 cni
1861 2883 1926 2943 nibil
1997 2950 1998 2953 Ἴ

349 2977 508 3051 sequatur,
523 2976 577 3033 eut
594 2971 716 3035 bomini
735 2972 880 3049 mutere,
893 2979 949 3034 aut
969 2975 1118 3038 honoriti·
1169 2971 1296 3045 durum,
1311 2989 1347 3033 ae
1372 2970 1461 3033 triste
1483 2971 1614 3035 accidet
1642 2972 1683 3033 lt
1708 2975 1926 3050 tenmtimusi
1997 2966 1998 2985 ¹

349 3081 422 3127 cunr
436 3065 499 3129 Deo
516 3082 524 3125 t
538 3062 565 3125 si
578 3061 662 3125 bona
676 3062 770 3142 igitur
783 3064 833 3127 illu
851 3064 918 3143 ipsa
939 3066 1058 3145 eedem!
1068 3068 1120 3128 ad-
1169 3063 1288 3125 matum
1310 3062 1437 3141 aliquod
1450 3062 1500 3138 sit,
1516 3080 1666 3142 magnum
1685 3068 1793 3127 temen
1806 3067 1925 3127 mutiret

346 3153 456 3234 juncte
469 3173 534 3216 esse
558 3154 661 3215 videat
689 3154 826 3234 cuipiam
843 3156 982 3235 corporis
995 3157 1116 3233 morbo,
1170 3153 1306 3217 bominis
1316 3153 1436 3215 bonum
1452 3174 1460 3214 ι
1477 3154 1510 3216 in
1523 3172 1621 3235 eaque
1635 3173 1733 3235 seges,
1748 3165 1782 3219 et
1798 3158 1926 3219 maerin

349 3253 404 3312 aut
414 3246 551 3321 vuluerit
575 3245 634 3306 ista
651 3264 715 3308 non
734 3247 883 3326 impedire
908 3248 1119 3329 multomagis
1170 3249 1217 3305 est
1228 3244 1330 3324 ample
1344 3245 1464 3324 gloria.
1478 3245 1584 3324 Neque
1594 3246 1725 3325 insidiis,
1736 3254 1832 3328 atquc
1844 3267 1925 3330 appu

349 3340 448 3401 liceat.
463 3339 504 3401 et
516 3336 612 3415 enim,
621 3355 685 3399 esee
697 3348 857 3417 peceatum
868 3357 941 3401 rum
955 3342 1116 3420 permittit,
1171 3337 1607 3414 gnanouibusuanenisidec
1616 3342 1922 3420 eetexprtsitusldaur,

349 3431 511 3493 hominem
522 3430 666 3493 berumte
679 3429 787 3508 libera,
804 3449 867 3509 que
890 3433 1039 3510 preditus
1060 3439 1116 3507 est,
1171 3433 1207 3495 ut
1224 3429 1399 3493 vinceretur
1415 3448 1423 3491 ι
1438 3429 1503 3506 aad,
1517 3436 1552 3492 ut
1566 3430 1706 3494 uacaret
1722 3452 1729 3494 ε
1745 3439 1840 3514 atque
1851 3451 1884 3495 ex
1894 3450 1923 3494 so

350 3524 397 3583 uti
409 3521 493 3583 sinit.
511 3521 640 3584 Perinde
660 3521 747 3599 quasi
771 3541 835 3584 non
856 3541 944 3602 reque
963 3523 1068 3601 facilc,
1083 3544 1120 3587 ec
1171 3520 1425 3599 certemine,ejus
1438 3525 1469 3583 at
1479 3520 1565 3589 fides,
1573 3527 1603 3582 et
1613 3524 1788 3586 constantia
1799 3526 1921 3587 eniteret

350 3617 531 3693 promptum
555 3612 615 3690 ipsi
640 3611 739 3684 foret,
768 3614 919 3693 impedire
943 3622 1117 3694 peccatum,
1171 3612 1235 3690 ligo
1249 3630 1322 3674 vero
1337 3612 1369 3673 id
1389 3613 1493 3691 ipsum
1516 3611 1667 3677 confirmo
1685 3614 1725 3675 de
1747 3624 1922 3697 paupertate

350 3705 445 3769 etiam
457 3703 607 3771 incolumi
619 3702 771 3765 libertate.
784 3705 849 3782 Aga
865 3723 954 3769 vero:
970 3709 1120 3785 quoniam
1170 3702 1209 3764 de
1223 3704 1367 3778 orbitate,
1383 3703 1422 3765 de
1444 3703 1571 3780 morbis,
1586 3704 1626 3766 de
1639 3705 1836 3785 eumenus,
1847 3726 1880 3769 sc
1892 3708 1924 3767 tle

350 3794 716 3876 pausaraacnbcrtatc,
728 3795 1121 3874 quapollet,homiucmad
1170 3796 1256 3859 omui
1272 3795 1428 3859 melorum
1441 3795 1544 3872 turba,
1562 3814 1645 3876 quta,
1660 3804 1790 3878 prepter
1801 3802 1924 3880 imorum

351 3888 510 3951 arbitrium
523 3905 617 3951 suum
638 3886 684 3949 uti
702 3886 859 3967 permisit3
885 3887 912 3948 si
925 3891 1121 3953 tantumdem
1169 3886 1351 3963 utilitatem,
1365 3888 1420 3966 qui
1438 3895 1521 3951 reate
1543 3886 1581 3948 de
1601 3889 1695 3951 rebus
1713 3891 1853 3967 aesbmct,
1871 3910 1924 3952 nou
1995 3890 1996 3895 ’

351 3981 425 4042 boui
441 3979 592 4041 conficere
600 3982 730 4058 poterat,
746 3983 783 4039 nt
795 3996 868 4041 rere
881 3984 1012 4059 poterat,
1022 3982 1121 4043 borni·
1169 3983 1235 4043 tarn
1248 3996 1350 4057 poenae
1364 3977 1507 4058 deputet,
1522 3995 1618 4056 quarn
1637 3978 1850 4045 tenendum
1865 4000 1925 4062 prc-

351 4073 400 4134 nis
413 4072 552 4134 cruciatu
574 4070 689 4149 aliquo,
711 4075 803 4149 etque
824 4071 954 4146 morb03
974 4072 1119 4134 dubitan-
1169 4069 1247 4131 fecto
1260 4069 1293 4133 id
1305 4069 1400 4135 etiem
1415 4068 1592 4133 tentationis
1613 4089 1714 4150 penus
1741 4072 1923 4153 estaliquod,

351 4165 428 4225 dum
439 4167 572 4240 nonest,
589 4161 666 4241 quin
680 4160 742 4222 illis
755 4161 801 4225 les
814 4163 936 4225 essetid
949 4164 1052 4242 ipsum
1064 4165 1119 4227 tri·
1170 4160 1224 4223 sed
1237 4161 1323 4225 omni
1344 4161 1436 4240 plene
1456 4160 1594 4236 malitia,
1610 4167 1641 4223 et
1662 4163 1772 4227 fraude
1794 4180 1923 4239 umnam,

351 4256 431 4334 geri,
447 4261 479 4316 et
499 4254 593 4316 calori
616 4253 793 4332 permittere
805 4273 812 4315 ι
826 4259 987 4317 uterentur
1009 4257 1122 4321 sedicet
1169 4251 1335 4317 borretum
1347 4296 1355 4325 ,
1369 4252 1533 4317 laudebile.
1549 4253 1638 4327 Quod
1651 4255 1680 4317 si
1692 4255 1924 4323 marmanum

353 4346 556 4423 viribussuis,
584 4362 707 4423 eaeque,
724 4351 759 4407 ut
773 4363 878 4422 emus,
894 4351 925 4407 ct
944 4364 1122 4410 rerumne·
1170 4348 1272 4421 est,·e
1295 4345 1450 4413 Daemone,
1476 4344 1525 4407 cui
1544 4345 1738 4429 propositum
1760 4355 1808 4413 ert
1827 4363 1923 4411 verum
1994 4348 1995 4371 ³

352 4445 424 4500 tura
449 4438 552 4511 buret,
569 4436 603 4497 in
629 4436 790 4499 bominem
814 4436 881 4499 sina
899 4437 1120 4517 impedimento
1169 4434 1305 4501 hominis
1315 4436 1446 4509 malum,
1462 4437 1924 4519 attenteri,soilicitariqaeddcrn

353 4529 550 4610 explicarent.
566 4528 644 4589 Nam
656 4526 804 4607 profecto,
819 4528 846 4588 si
859 4527 1120 4608 bemo,quaniam
1169 4526 1275 4608 ipsius,
1300 4528 1393 4591 etiem
1412 4527 1597 4605 innocentis,
1619 4529 1790 4597 amnone
1808 4531 1858 4611 qui
1879 4530 1923 4600 n't.

353 4624 383 4686 ai
394 4622 518 4683 libertas
531 4619 678 4681 attributa
691 4625 737 4680 cst
750 4626 901 4689 enatura,
918 4620 1006 4683 iscst
1016 4623 1120 4686 condi·
1169 4619 1312 4682 eamdem
1330 4619 1456 4699 probari
1468 4639 1488 4681 a
1499 4619 1587 4681 beo?
1607 4638 1626 4685 a
1642 4639 1706 4700 qno
1733 4640 1803 4703 qun
1821 4628 1874 4697 cst,
1884 4625 1925 4683 ut

352 4718 437 4778 “⁰1¹⁰
450 4731 517 4789 δῦθι
532 4712 566 4775 ln
579 4711 794 4790 quemeaderc
810 4712 901 4790 culpa
921 4713 1031 4790 possit3
1048 4732 1121 4776 cnm
1169 4712 1277 4774 eadem
1290 4711 1430 4787 honesta,
1447 4718 1595 4777 ctsancte
1608 4714 1739 4777 nautio
1754 4732 1766 4777 r
1783 4715 1924 4779 mou
1993 4778 1994 4801 ἦ

351 4803 1116 4884 eisansusanaturadatiparitersint,isestetiem,
1170 4801 1329 4865 rotaretur
1341 4802 1488 4867 malorum
1503 4810 1556 4866 est.
1578 4803 1618 4869 tr
1639 4803 1674 4867 in
1687 4805 1748 4867 hec
1768 4802 1924 4869 neuun
1993 4806 1994 4829 ¹

350 4903 384 4964 ln
399 4918 493 4982 quem
508 4897 617 4959 cedere
630 4894 727 4975 possit
745 4899 776 4956 et
789 4894 887 4957 dolor.
912 4895 1118 4968 Quemadmo·
1169 4899 1216 4957 est
1228 4894 1338 4974 aliquis
1349 4911 1457 4957 sensus
1470 4894 1595 4957 doloris.
1619 4895 1700 4969 Quid
1715 4896 1807 4961 turni
1826 4898 1862 4959 lu
1879 4894 1925 4957 ills

350 4996 426 5056 dum
439 4991 537 5069 igitur
550 4992 642 5060 Deus,
655 4986 796 5065 quumvis
809 4986 836 5047 is
847 4986 943 5047 bomo
957 4994 1048 5066 esset,
1064 4989 1120 5069 qni
1170 4991 1225 5060 cst,
1237 4988 1322 5065 quod
1336 4986 1534 5050 innocentem
1547 4988 1648 5049 acrius
1667 4993 1799 5067 punget,
1817 4987 1926 5068 ipsique

350 5086 389 5147 ed
401 5088 560 5164 peccatum
573 5079 657 5152 illici,
672 5083 703 5138 et
715 5077 831 5138 intincti
843 5096 906 5138 non
918 5078 1041 5140 difficile
1051 5099 1120 5160 poe-
1168 5078 1266 5156 magis
1280 5078 1449 5157 displiceat,
1464 5085 1557 5158 atque
1570 5079 1643 5143 odio
1657 5079 1714 5154 sit,
1732 5080 1846 5143 scilice
1857 5077 1924 5141 ind·

350 5181 418 5251 retr
434 5176 497 5237 iuro
511 5170 653 5252 quamvis
666 5174 749 5229 certo
759 5168 932 5242 sciret,l0rc
945 5179 982 5231 ut
995 5170 1118 5232 inbono
1168 5168 1239 5242 diae,
1258 5171 1424 5248 captiones,
1446 5170 1615 5249 prestigia,
1630 5171 1875 5245 incitamentum,
1887 5168 1925 5233 tc·
1992 5194 1993 5217 ι

350 5286 416 5330 ιιοιι
441 5264 637 5345 persisteret,
666 5259 692 5319 ei
715 5263 886 5321 tentaretur
910 5279 930 5320 e
954 5261 1116 5337 daemonor
1168 5261 1528 5340 nociuiumquepecreti.
1545 5262 1615 5325 lton
1628 5263 1774 5342 equidem
1785 5261 1923 5338 inultm

350 5357 463 5422 mntem
475 5359 581 5417 umen
594 5350 693 5423 illum,
701 5352 1115 5431 rectoquearertipcrmisit3
1167 5352 1193 5412 ei
1206 5352 1323 5415 sevitie
1335 5353 1480 5429 nonfuit,
1493 5358 1528 5417 ut
1536 5359 1619 5417 certa
1629 5353 1924 5430 conuithonicm

355 5449 464 5530 «quia
476 5464 576 5525 nsque
587 5442 664 5503 adeo
672 5447 717 5503 est
726 5441 933 5521 omnipotens,
943 5449 977 5503 ut
990 5444 1028 5506 de
1036 5442 1117 5506 malo
1168 5444 1302 5506 daemoni
1326 5444 1473 5523 objicere,
1499 5445 1647 5508 eumdem
1669 5445 1803 5531 objicere
1824 5441 1922 5513 duni,
