4004 6168
666 403 787 466 ursan
806 404 924 484 unus,
945 406 1029 471 car.
1051 408 1106 471 ιιι.
1150 406 1153 413 ·
1617 416 1676 476 cra

99 588 159 633 sese
167 587 268 649 neque
274 568 387 631 divinae
393 570 592 650 opis,hocest
603 571 722 650 gratia,
732 574 764 632 et
773 571 857 650 adju·
906 579 1001 649 taxat,
1010 594 1045 637 ac
1055 577 1140 638 velut
1154 574 1289 653 cansam,
1302 598 1357 641 rur
1370 580 1443 642 huic
1456 582 1569 661 potins,
1582 602 1676 662 quam

99 661 165 724 torii
187 661 281 738 illius,
309 680 372 741 quo
398 663 486 724 velut
509 663 665 725 imbecilla
683 662 854 736 fulciretur,
905 665 950 726 illi
964 669 1097 745 gratiam
1111 671 1388 750 Deusimpertirct.

101 755 251 831 indiguam
258 755 449 816 voluntatem
458 760 579 836 poterat
589 755 764 828 defendere,
774 756 800 815 si
813 755 857 815 di·
917 788 919 793 ,
949 759 1015 827 vll,
1032 762 1162 841 Prosper
1182 763 1216 823 in
1238 763 1368 842 epistola
1389 762 1530 825 delibero
1550 764 1676 826 arbitrio

101 853 176 910 seret
189 846 320 926 gratim
333 846 420 908 illam
437 849 477 908 ad
495 865 604 909 omnes
623 854 708 910 actus
721 865 858 909 necessa·
907 850 949 911 nd
962 850 1132 931 Ruspinam,
1148 853 1328 933 Pelagianos
1336 874 1455 916 errores
1466 855 1631 934 explicans,
1648 862 1679 918 et

100 940 183 1016 nam,
208 957 272 1001 esso
298 945 496 1019 poematorum
528 942 751 1013 remissionem,
788 958 858 1019 quas
907 959 981 1003 eum
994 945 1173 1022 prasertim,
1189 966 1252 1025 quo
1266 949 1397 1023 gratiam
1413 947 1481 1008 dari
1495 966 1533 1017 ex
1546 949 1675 1026 meritis,

101 1032 260 1095 identidem
273 1032 425 1093 memoria
437 1033 567 1112 repetita
579 1051 636 1093 uos
649 1032 784 1111 adjuret.
801 1034 860 1092 tta-
908 1053 943 1095 ac
966 1036 1137 1097 secundum
1160 1055 1196 1099 ea
1217 1038 1373 1115 dicebant,
1390 1040 1432 1099 ita
1455 1058 1522 1100 rem
1541 1048 1674 1113 enarrat,

101 1142 155 1204 que
178 1140 299 1186 necesse
323 1128 369 1186 est
391 1124 527 1202 credere,
562 1125 720 1203 Pelagium
746 1124 804 1185 hac
825 1122 859 1183 in
909 1131 945 1188 ut
963 1127 1078 1208 duplex
1092 1129 1189 1190 veluti
1204 1131 1300 1205 gratia
1313 1131 1352 1191 ab
1367 1130 1429 1192 illis
1442 1132 1678 1193 coustitutaiue-

101 1221 179 1296 parte
188 1220 322 1277 mumsse
335 1216 530 1293 sententiam,
547 1222 590 1293 et,
608 1217 692 1295 quod
704 1216 742 1276 de
756 1232 860 1295 peeca-
908 1219 972 1281 rit:
987 1237 1061 1294 una,
1081 1239 1151 1301 qnae
1166 1223 1354 1283 extrinsecus
1367 1222 1470 1284 oblata
1493 1224 1601 1299 menti,
1619 1244 1677 1285 vo-

58 1382 60 1387 ,
101 1313 195 1369 tcrnm
207 1307 397 1385 remissione,
428 1326 465 1371 ac
490 1308 584 1371 venia
607 1306 773 1386 abqrando
786 1324 859 1387 pro·
908 1313 1060 1373 luntatem
1093 1314 1220 1375 illiciat:
1257 1315 1353 1376 altera
1385 1315 1575 1395 justificatio,
1606 1335 1676 1395 quae

101 1399 300 1469 nuntiaverat,
314 1417 385 1462 eam
398 1401 529 1462 minime
548 1400 654 1480 gratis,
670 1400 723 1460 sed
742 1417 782 1460 ex
794 1416 861 1460 me-
907 1405 1021 1485 prioris
1033 1405 1201 1466 voluntatis
1214 1405 1332 1467 viribus
1355 1408 1495 1469 admissae
1511 1408 1678 1489 praemium

101 1493 154 1554 rito
166 1491 271 1567 tribui,
290 1502 397 1573 postea
409 1498 600 1568 retractasse,
623 1498 658 1553 ut
666 1492 762 1570 gratis
774 1490 860 1551 illam
908 1497 958 1557 sit.
973 1497 1075 1557 Verba
1090 1499 1241 1578 Prosperi.
1262 1520 1277 1557 a
1293 1499 1490 1561 Intellectum
1515 1506 1561 1561 est
1580 1500 1676 1578 enim,

102 1586 359 1666 mueediputaret.
374 1587 439 1647 Hoc
451 1603 536 1663 vero,
551 1603 613 1665 quo
628 1602 719 1645 sensu
733 1583 861 1644 demum
909 1576 1170 1669 saluberrimeque
1184 1598 1390 1670 perspectum,
1405 1592 1464 1653 hoc
1490 1598 1612 1653 tantum
1626 1610 1679 1653 eos

101 1677 298 1757 usurpaverit,
313 1697 378 1740 non
391 1679 466 1739 satis
486 1694 635 1758 apparere
648 1676 728 1737 mihi
742 1675 818 1736 dixi.
909 1682 948 1743 de
966 1682 1065 1760 gratia
1078 1682 1229 1760 confiteri,
1253 1685 1335 1763 quod
1352 1685 1495 1764 quaedam
1508 1684 1606 1761 libero
1631 1704 1679 1747 ar·

136 1771 183 1832 tll.
204 1771 253 1833 An
267 1788 341 1833 cum
363 1771 495 1850 gratiam
520 1770 617 1843 illam,
642 1786 712 1849 quse
736 1768 860 1849 propria
908 1772 1002 1834 bitrio
1015 1774 1054 1834 sit
1066 1775 1223 1854 magistra,
1243 1793 1336 1855 seque
1359 1796 1415 1857 per
1438 1777 1677 1854 cohortationes,

103 1861 194 1942 gratia
201 1862 326 1940 dicitur,
341 1863 376 1923 iu
389 1862 455 1924 sula
469 1862 582 1924 mentis
596 1861 809 1937 illustratione,
825 1878 861 1922 ac
909 1883 966 1945 per
986 1865 1098 1944 legem,
1119 1885 1176 1946 per
1200 1866 1383 1944 doctrinam,
1410 1887 1466 1949 per
1493 1873 1677 1946 creaturam,

102 1955 292 2026 revelatione,
315 1955 487 2035 etobJ'ectis
505 1954 659 2034 perillam
677 1951 857 2021 terroribus,
908 1975 965 2038 per
976 1959 1279 2037 contemplationem,
1295 1978 1351 2039 per
1377 1959 1538 2035 miracula,
1562 1978 1680 2039 perque

103 2047 147 2108 rel
158 2046 464 2128 propositispraemiis
474 2052 599 2127 putaret
611 2045 789 2120 consistere,
803 2063 862 2106 nec
908 2055 1043 2111 terrores
1073 2051 1264 2111 extrinsecus
1290 2051 1408 2129 judicio
1433 2053 1501 2131 ejus
1527 2052 1679 2128 ostendat,

103 2145 239 2219 preterea
259 2141 429 2221 quicquam
442 2158 507 2201 esse
526 2139 674 2207 crederet,
691 2156 753 2218 quo
777 2139 862 2199 Deus
910 2160 973 2221 quo
990 2142 1204 2222 unusquisque
1230 2143 1403 2204 secrmdum
1423 2143 1592 2204 voluntatis
1617 2162 1680 2206 suae

104 2234 284 2297 rolunhtem
301 2238 441 2294 nostram
453 2232 492 2293 ad
507 2232 662 2311 agendum
676 2230 860 2312 impelleret,
911 2240 1043 2312 motum,
1073 2236 1099 2295 si
1123 2236 1292 2314 quaesierit,
1323 2235 1474 2311 inveniat,
1500 2236 1525 2294 si
1546 2235 1680 2315 petierit,

104 2332 265 2407 pematores
274 2326 371 2405 gratis
384 2323 572 2386 existimavit
584 2343 620 2385 aa
638 2329 752 2403 praeter
765 2322 861 2383 meri·
911 2327 1049 2405 accipiat,
1065 2325 1091 2386 si
1104 2327 1282 2406 pulsaverit,
1297 2326 1442 2387 introeat.
1466 2325 1547 2392 Quia
1569 2327 1683 2386 scilicet

104 2426 164 2480 tum
176 2417 345 2480 illuminari
358 2435 377 2478 a
390 2419 465 2493 Deo,
480 2422 512 2478 et
523 2416 561 2476 iis
582 2414 733 2495 praesidiis
746 2415 786 2475 ad
797 2432 863 2494 poe-
912 2418 1018 2498 gratiae
1041 2419 1138 2499 ipsius
1159 2419 1279 2479 vocatio
1299 2419 1358 2478 hoo
1373 2419 1510 2496 primum
1532 2419 1613 2477 circa
1626 2437 1684 2479 nos

104 2511 254 2573 mhntmm
267 2508 403 2571 adducit
420 2511 470 2570 An
496 2508 556 2570 tale
583 2508 733 2569 meritum
759 2506 862 2567 exclu·
913 2516 996 2588 agat,
1021 2514 1057 2569 ut
1078 2516 1192 2570 nostres
1209 2509 1362 2571 facultatis
1384 2509 1549 2569 arbitrium
1576 2510 1684 2570 admo-

106 2603 148 2679 sit,
161 2603 259 2664 cuier
279 2602 401 2682 justitia
423 2601 582 2677 tribuitur,
606 2600 691 2679 quod
717 2598 862 2674 debetur;
913 2607 1005 2677 neat;
1022 2619 1080 2662 nec
1104 2601 1239 2662 ahudsit
1253 2602 1363 2680 gratia,
1393 2619 1489 2680 quam
1512 2600 1573 2677 lex,
1589 2620 1685 2680 quam

107 2688 866 2773 quemadmodumjustisaeternasalusrependitur?
915 2693 1080 2773 Propheta,
1091 2711 1187 2772 quam
1200 2693 1317 2767 doctor,
1339 2694 1390 2753 cui
1413 2694 1492 2754 oiroa
1506 2710 1614 2754 omnes
1627 2694 1684 2754 ho-

108 2787 147 2848 Ex
160 2805 218 2867 quo
238 2788 394 2849 affirmare
416 2785 528 2865 potuit,
544 2802 600 2864 per
620 2784 733 2863 legem,
750 2789 781 2843 et
793 2782 865 2843 doc·
913 2785 1015 2846 mines
1027 2804 1083 2865 per
1105 2786 1292 2869 universum
1302 2786 1457 2846 mundum
1464 2803 1640 2861 commuue,
1656 2792 1687 2845 et

109 2880 210 2941 binam
234 2880 427 2942 extrinsecus
449 2876 585 2938 oblatam
607 2874 712 2958 (qnam
737 2874 868 2953 gratiam
916 2878 1058 2954 generale
1071 2878 1110 2939 sit
1121 2878 1268 2939 studium.
1283 2877 1358 2958 (lloc
1371 2878 1509 2956 primum
1518 2879 1625 2956 gratiae
1636 2895 1687 2956 ge·

109 2973 226 3033 omuino
241 2971 422 3051 gratuitam,
437 2975 468 3030 et
491 2968 695 3030 necessariam
708 2965 867 3045 essajudi-
916 2988 976 3031 nus
999 2974 1056 3031 est.
1080 2969 1226 3049 Sequitur
1251 2968 1426 3050 posterius)
1449 2970 1491 3030 Ut
1511 2969 1686 3047 quirolue·

109 3060 190 3140 cavit]
206 3060 368 3122 admoneri
381 3063 566 3141 peccatores,
586 3074 700 3136 eosque
711 3055 801 3116 liberi
814 3073 868 3115 tr·
916 3063 990 3136 rint,
1007 3062 1143 3138 credant,
1159 3067 1190 3123 et
1210 3062 1265 3141 qui
1283 3061 1481 3138 crediderint,
1493 3061 1685 3139 justificatio-

110 3150 184 3213 bihii
196 3154 314 3215 viribus
336 3152 376 3213 ad
403 3150 618 3231 poenitentiam
640 3149 867 3223 excitarescsa3
917 3171 992 3216 nem
1015 3155 1128 3215 merito
1152 3153 1237 3228 fidei,
1254 3158 1285 3214 et
1298 3153 1390 3214 bonae
1410 3152 1580 3213 voluntatis
1608 3153 1688 3214 acci·

110 3244 233 3308 sedeam
247 3243 464 3324 poenitentiam
488 3242 616 3321 <lignem
637 3258 703 3302 110ss
728 3256 805 3312 0⁸⁵2,
820 3238 870 3299 ⁰1¹5
916 3247 1021 3327 piant;
1039 3246 1203 3325 atquehoc
1225 3245 1318 3307 modo
1332 3244 1431 3324 gratia
1444 3263 1509 3305 non
1523 3244 1562 3305 sit
1576 3246 1686 3321 gratia,

111 3337 182 3399 Dens
210 3343 337 3419 peccata
369 3333 544 3398 condonet?
564 3333 646 3395 Sane
679 3331 870 3410 Augustinus
918 3338 1025 3417 quiasi
1038 3337 1157 3398 meritis
1167 3337 1320 3413 redditur,
1333 3342 1364 3397 et
1374 3355 1438 3397 non
1452 3337 1519 3416 ipsa
1533 3341 1579 3397 est
1591 3335 1689 3396 bono

111 3429 227 3509 epistola
241 3446 279 3493 cv
302 3429 341 3490 de
364 3427 424 3489 hac
449 3427 518 3507 ipsu
543 3430 740 3506 peccatorum
765 3424 871 3485 remis·
917 3428 1382 3508 rumcreatrix,irustragratia
1400 3428 1621 3490 nominatur.»
1640 3430 1687 3488 En

111 3522 188 3584 done
199 3523 371 3602 disputans,
387 3537 483 3600 quam
504 3519 648 3597 Pelagius
661 3518 727 3578 sine
753 3516 871 3577 meritis
918 3520 1051 3582 alterum
1063 3522 1171 3599 gratiae
1190 3539 1299 3599 genus,
1316 3521 1398 3600 quod
1418 3520 1687 3599 injustificatione,

112 3613 170 3675 dari
181 3615 315 3689 volebat,
340 3614 553 3675 demonstrare
573 3610 687 3687 studet,
702 3626 772 3670 eam
785 3626 869 3669 non·
919 3619 950 3674 at
962 3617 1157 3693 peccatorum
1171 3612 1351 3673 remissione
1365 3612 1487 3673 statuit.

111 3706 195 3768 nullis
210 3725 248 3770 ex
270 3705 391 3768 meritis
417 3705 523 3765 aDeo
542 3701 693 3777 conferri3
722 3700 871 3780 quoniam
959 3705 1099 3767 VIILUt
1107 3705 1203 3785 igitur
1215 3705 1253 3767 de
1261 3705 1536 3785 Pelagiidogmate,
1551 3711 1582 3766 et
1590 3723 1691 3785 qnaes-
1728 3747 1852 3793 ,mmm

112 3795 179 3861 lidos
190 3799 277 3861 illam
291 3799 449 3877 impetrat,
475 3794 562 3874 crrjus
589 3794 698 3873 utique
718 3791 869 3853 nonnulle
919 3798 1005 3859 tione
1018 3802 1090 3857 ante
1103 3798 1202 3876 posita
1224 3798 1325 3859 dicam
1348 3798 1423 3876 quid
1445 3795 1605 3875 probabile
1626 3815 1690 3857 esse
1730 3801 1849 3865 propones

112 3897 177 3952 arnt
199 3892 321 3954 merita.
343 3890 446 3956 Quam
467 3887 561 3949 fidem
588 3905 653 3947 non
670 3884 710 3946 ab
732 3884 872 3945 hnmano
920 3889 1062 3963 sentiam,
1078 3889 1193 3968 duplex
1210 3888 1286 3949 illud
1299 3888 1405 3966 gratiae
1424 3906 1523 3966 genus
1550 3889 1690 3949 unimad-
1725 3863 1854 3953 qpfflppn

114 3982 240 4059 arbitrio,
256 3983 311 4045 sed
330 3999 370 4044 ex
395 3980 492 4061 gratia
515 3978 666 4060 proficisci
697 3978 796 4038 docet.
826 3977 874 4036 Ex
920 3980 1108 4043 vertendum
1132 3985 1192 4055 est;
1208 3997 1344 4058 quorum
1369 3997 1469 4039 unum
1492 3981 1688 4058 gratuitum:

114 4075 217 4154 quibus
242 4074 384 4143 efficium,
413 4072 562 4152 quoniam
595 4069 753 4148 Pelagiani
778 4068 873 4129 fidem
922 4073 1054 4134 alterum
1069 4089 1107 4132 er
1126 4071 1236 4132 merito
1262 4072 1370 4132 datum
1394 4071 1589 4149 intelligitur.
1612 4073 1690 4134 Nam

114 4165 249 4230 humanis
267 4166 391 4233 viribus
418 4162 623 4239 ascribebant,
638 4166 671 4223 et
683 4161 750 4239 ejus
764 4159 874 4221 merito
922 4165 1008 4245 prius
1019 4164 1106 4236 illud,
1123 4164 1207 4242 quod
1225 4167 1327 4224 totum
1340 4164 1476 4224 exterius
1489 4169 1545 4236 cst,
1562 4166 1628 4226 sine
1642 4164 1692 4225 nl·

114 4260 309 4322 nihilominus
321 4261 518 4340 peccatorum
532 4256 664 4335 gratiam
683 4252 751 4313 fieri
775 4267 873 4326 nega·
923 4256 962 4316 lis
988 4255 1100 4316 nostris
1131 4256 1250 4316 meritis
1277 4254 1428 4316 offertur:
1454 4257 1517 4316 Lex
1539 4257 1635 4335 enim,
1664 4263 1695 4318 et

116 4350 192 4421 hant,
208 4370 260 4415 eos
273 4352 313 4413 de
325 4350 381 4412 teli
393 4347 506 4410 meritc
519 4347 722 4421 locutosesse,
738 4343 789 4405 oui
801 4349 874 4404 tan-
925 4346 1138 4425 Evangelium,
1154 4352 1186 4407 et
1205 4347 1434 4427 Prophetarum
1446 4366 1546 4423 voces,
1563 4355 1594 4409 et
1611 4349 1693 4427 ejus-

116 4458 204 4519 quam
214 4440 371 4520 condigna
383 4455 502 4499 merces
515 4435 655 4497 remissio
669 4433 722 4494 ille
735 4448 876 4494 comesse
925 4438 1084 4501 dnmmodi
1106 4439 1177 4515 alia,
1190 4440 1284 4518 gratis
1303 4440 1469 4519 unicuique
1488 4446 1640 4518 constant,
1665 4448 1696 4504 et

117 4532 162 4594 sit.
177 4534 352 4608 Quinetiam
366 4529 582 4605 Massilienses,
596 4532 633 4588 ut
649 4527 685 4587 in
697 4524 878 4607 epieteleed
926 4531 961 4592 in
982 4548 1148 4592 commune
1172 4538 1401 4611 proponuntur.
1429 4533 1469 4592 Et
1494 4535 1636 4612 quamvis
1650 4535 1696 4595 uti

119 4624 310 4706 depretiatam
325 4622 430 4685 scribit
451 4620 600 4695 hilarina,
624 4636 690 4680 non
714 4616 876 4697 putabant,
928 4622 1058 4702 singulis
1071 4622 1252 4695 offerantur,
1267 4635 1360 4703 atque
1376 4629 1423 4700 ut,
1438 4626 1571 4705 exempli
1585 4629 1696 4705 gratia,

120 4714 216 4793 tidem,
231 4716 281 4778 rel
295 4713 441 4777 credendi
449 4712 652 4783 voluntatem,
667 4711 701 4770 in
715 4713 802 4789 perte
823 4725 878 4768 eu·
929 4714 1093 4793 Propheta.
1119 4715 1170 4775 vel
1191 4715 1368 4794 Apostolus,
1393 4717 1444 4778 vel
1462 4718 1594 4796 quilibet
1620 4719 1699 4780 alius

121 4808 241 4870 rationis
253 4808 351 4888 ipsius
373 4806 476 4885 aliqua
494 4805 628 4878 causeri;
644 4807 685 4877 et,
701 4819 773 4870 cum
795 4800 881 4860 illam
930 4806 1134 4884 Evangelicus
1146 4824 1248 4886 praeco
1261 4807 1294 4867 in
1306 4807 1375 4869 illos
1385 4809 1512 4884 incidat,
1529 4814 1561 4870 et
1574 4810 1611 4869 iis
1624 4811 1701 4871 divi-

121 4901 306 4962 naturalibus
330 4898 422 4959 liberi
445 4895 566 4958 arbitrii
594 4893 715 4971 yiribus
746 4894 884 4973 imputa·
930 4914 1007 4958 num
1021 4898 1154 4959 verbnm
1167 4899 1323 4979 praedicet,
1350 4901 1468 4961 meritis
1482 4919 1591 4961 eorum
1604 4902 1702 4964 tribui

122 4998 197 5067 rent,
220 4993 319 5054 nihilo
333 4999 439 5053 tamen
452 4988 549 5051 secius
563 4985 741 5049 asserebant
752 4985 884 5064 gratiam
931 5004 1020 5070 posse
1039 4991 1195 5070 Pelagiani
1212 5009 1277 5051 non
1300 4991 1486 5058 dubitarent.
1513 4992 1607 5071 idque
1630 4996 1703 5056 Cor·

124 5082 184 5146 sine
196 5086 266 5147 ullis
279 5083 399 5147 meritis
407 5080 549 5143 conferri.
566 5079 654 5140 Unde
668 5082 797 5151 constat,
812 5075 883 5136 nul·
933 5080 1007 5141 nehi
1020 5082 1209 5142 centurionis
1221 5083 1363 5163 exemplo
1377 5084 1573 5162 probarent¹;
1590 5087 1704 5147 nihilo·

124 5176 185 5238 lum
198 5195 250 5239 eos
261 5177 296 5238 in
308 5177 367 5237 ista
377 5174 438 5235 fide
456 5172 603 5234 meritum
615 5170 741 5251 proprie
754 5169 882 5243 dictum,
934 5173 1038 5233 minus
1051 5183 1120 5234 tum
1133 5174 1183 5235 lex
1193 5175 1259 5255 ipsa
1269 5193 1378 5255 perse,
1392 5180 1423 5257 et
1436 5177 1620 5256 Evangelica
1634 5181 1704 5240 doc·

125 5271 370 5349 etadaequatum,
387 5263 560 5345 cujusmodi
581 5262 646 5324 sola
669 5266 742 5322 sunt
755 5277 886 5341 operum
933 5265 1111 5327 trinanullo
1124 5267 1351 5328 nostramerito
1372 5267 1518 5329 divinitus
1542 5276 1587 5329 est
1608 5273 1700 5348 edita,

126 5362 247 5439 merita,
276 5360 454 5433 collocasse3
484 5356 537 5418 sed
562 5352 777 5434 imperfectum
805 5352 887 5414 dun·
935 5361 1005 5417 tum
1018 5359 1103 5437 quod
1115 5360 1155 5420 ad
1168 5376 1260 5420 usum
1274 5359 1433 5438 cujusque,
1450 5378 1486 5421 ac
1504 5363 1704 5423 commodum

153 5562 163 5606 t
174 5563 223 5607 Act.
233 5573 255 5615 a.
