3932 6172
385 332 436 392 lili
454 331 623 396 asmicto
643 331 719 396 SEX
739 332 899 412 DIERUM,
926 334 1001 400 LIB.
1020 334 1074 416 III,
1096 334 1179 402 CAP.
1203 339 1287 400 VIII.
1570 334 1625 399 331

60 493 170 559 sonim
182 495 249 557 vlm
260 496 483 579 illioojusmodr
494 501 816 581 intelligeresedeola·
863 501 989 585 quidem
1010 508 1149 585 potamia
1161 501 1291 587 queunt.
1307 505 1392 583 Ideo,
1407 510 1443 565 ut
1457 516 1538 584 saepe
1550 502 1626 581 dixi,

59 593 109 657 rat,
121 606 188 667 qoae
200 588 432 654 indifferentem
458 594 626 656 voluntatis
639 595 814 657 libertatem
863 614 921 657 neo
942 598 1015 658 satis
1036 598 1107 674 dial,
1131 599 1320 678 eogitarique
1337 601 1449 678 potest,
1465 610 1628 676 nunquam

59 680 183 759 impedit.
204 682 412 763 «Deditergo
426 686 519 759 Deus,
542 687 655 766 iuquit,
679 687 811 765 bonum,
862 694 917 749 aut
942 704 1069 770 perraro
1096 691 1135 752 de
1161 691 1213 753 illa
1240 693 1345 752 Patres
1367 691 1559 770 loquuntur:
1574 689 1628 749 sed

59 771 310 851 quemadmodum
331 782 363 838 et
385 779 550 858 Apostolus
573 779 754 842 testifieatur
779 770 837 841 in'
862 798 930 842 eam
944 782 1200 862 pbilosophorum
1212 783 1324 845 soboles
1342 782 1400 844 eibi
1417 781 1542 863 proprie
1555 781 1628 841 vln-

59 864 154 925 eadern
180 864 320 944 epistola.
341 869 381 930 lit
412 870 467 950 qui
491 876 658 951 operantur
686 873 813 953 quidem
861 873 976 935 dieunt.
1004 874 1192 955 Relegantnr
1217 876 1281 949 illa,
1311 892 1380 955 qun
1415 874 1453 934 de
1487 873 1626 949 oonsibo,

59 955 135 1029 illud,
147 955 280 1035 gloriam
298 966 331 1021 et
352 961 504 1024 honorem
523 964 709 1044 percipiant;
729 983 811 1045 quo·
861 965 1020 1035 electione,
1035 985 1071 1027 aa
1084 967 1262 1041 voluntatis,
1276 971 1307 1029 et
1318 966 1437 1027 arbitrii
1446 963 1535 1025 liberi
1543 964 1629 1025 fune·

58 1048 131 1108 uiam
143 1051 262 1128 operati
275 1058 350 1113 sunt
363 1052 493 1131 bouum,
515 1074 587 1117 eam
610 1062 734 1136 possent
746 1075 812 1119 non
860 1056 998 1119 tionibus
1009 1076 1103 1139 supra
1116 1060 1298 1135 docuimus3
1314 1059 1541 1120 animaduertes
1554 1072 1627 1136 pro-

59 1141 165 1219 sperari
182 1141 271 1203 illud.
297 1143 338 1205 Hi
355 1152 472 1224 autern,
491 1149 545 1228 qui
563 1148 641 1210 illud
661 1160 727 1211 non
740 1168 812 1230 ope·
859 1149 950 1226 teoto,
965 1157 1119 1230 quantum
1139 1151 1173 1212 in
1190 1152 1244 1213 illo
1258 1150 1369 1213 irenaei
1389 1150 1458 1210 loeo
1480 1149 1626 1209 adversa-

58 1238 163 1307 rentur,
174 1234 329 1312 judicium
345 1238 465 1316 jastium
487 1239 636 1320 recipient
654 1241 719 1315 liei,
734 1260 811 1321 quo·
859 1243 942 1303 rium
958 1244 1037 1304 ratio
1049 1243 1178 1324 fugerit3
1194 1245 1293 1305 multo
1306 1260 1381 1304 raro
1394 1241 1504 1321 magis,
1524 1240 1550 1301 si
1567 1240 1628 1302 alia

58 1324 128 1385 nam
138 1344 203 1386 non
223 1335 298 1389 suut
317 1333 436 1410 operati
456 1332 586 1408 bouum,
608 1351 680 1395 oum
693 1334 812 1414 possint
860 1336 969 1396 lreuaei
986 1335 1052 1396 loeo
1075 1353 1147 1397 eum
1163 1337 1223 1397 hoe
1246 1336 1313 1415 ipso
1331 1334 1483 1408 conferas,
1504 1350 1575 1412 quaa
1593 1333 1627 1394 ln

59 1418 163 1495 operari
184 1419 304 1483 illud.»
332 1424 492 1486 Manifesta
514 1426 563 1487 his
584 1425 619 1487 in
640 1426 742 1488 verbis
765 1433 811 1488 est
860 1426 970 1506 quinto
984 1427 1064 1488 libro
1078 1426 1112 1490 de
1126 1427 1198 1503 Deo,
1213 1430 1313 1508 eapite
1328 1426 1542 1505 ruselegimus,
1555 1442 1627 1486 oum

57 1508 130 1569 liberi
143 1511 264 1573 arbitrii
276 1518 457 1594 potestasad
470 1518 623 1580 utrumvis
631 1519 809 1599 eligendum
859 1521 898 1582 de
914 1520 1013 1581 libera
1027 1521 1080 1582 llei
1089 1522 1250 1582 voluntate
1261 1519 1543 1582 verbalaeeremus.
1553 1519 1628 1579 Haeo

58 1601 101 1675 ita,
122 1608 165 1676 ut,
186 1620 262 1666 eum
280 1606 315 1666 in
340 1627 439 1669 iunium
460 1615 569 1690 sponte
590 1613 808 1691 propenderet,
859 1613 943 1675 enim
970 1615 1195 1689 demonstrant,
1226 1614 1314 1674 bberi
1337 1612 1456 1673 arbitrii
1482 1615 1627 1672 naturam

58 1696 185 1773 posatsi
196 1698 300 1775 vellet,
313 1716 351 1761 eo
361 1702 533 1782 repudiato,
543 1704 675 1765 alterum
687 1722 806 1786 eapere.
860 1722 932 1769 eum
945 1706 1085 1766 absoluta
1093 1706 1274 1766 necessitate
1285 1704 1442 1766 ooueiliari
1453 1721 1517 1764 non
1526 1720 1625 1783 posse,

59 1788 121 1860 Qua
131 1795 176 1850 ast
186 1789 251 1861 illa,
260 1810 357 1870 quarn
368 1794 592 1858 adveraalaotio
601 1797 810 1859 calumniatur
859 1798 936 1858 adeo
950 1798 1087 1878 quidem,
1108 1804 1143 1859 ut
1156 1797 1451 1858 NicolausGallasius
1466 1798 1627 1857 (teneren-

58 1897 214 1959 parperam,
242 1883 411 1947 voluntatis
447 1885 656 1967 indefferentio.
693 1890 750 1950 Cui
778 1896 810 1951 et
858 1889 898 1951 eis
920 1890 1078 1965 alumnus,
1100 1891 1138 1950 ad
1157 1889 1273 1950 librum
1293 1889 1401 1949 lrenaei
1423 1905 1454 1948 rv
1472 1893 1627 1967 eaputque

58 1972 202 2052 Smpnra
234 1975 424 2057 suffragatur
453 1979 492 2040 ils
515 1980 635 2057 verbis,
664 1982 704 2042 ad
736 2001 807 2061 quae
858 1998 942 2043 xxix.
975 1983 1131 2043 Irenaeum
1165 1981 1205 2041 ob
1238 1980 1271 2041 id
1304 1980 1511 2059 reprehendat
1542 1979 1627 2058 quod

60 2065 182 2127 ireneus
199 2066 335 2131 alludere
357 2069 479 2132 videtur
495 2091 502 2132 ε
519 2071 580 2147 Qut
599 2074 697 2154 potuit
715 2080 807 2135 aune
858 2073 993 2134 liberum
1010 2073 1174 2134 arbitrium
1195 2074 1228 2132 in
1246 2077 1546 2152 utramquepartem
1557 2073 1628 2150 post

56 2156 140 2239 Μ’,
154 2167 245 2220 “mn
258 2168 301 2221 eat
323 2167 541 2243 transgressum·
560 2163 659 2244 [acon
677 2165 769 2240 mota,
781 2175 808 2228 et
859 2167 971 2227 Adami
989 2170 1148 2245 peecatum
1165 2163 1286 2224 homini
1307 2163 1502 2240 eoncessarit,
1521 2179 1629 2242 quem·

57 2268 106 2311 rna
114 2250 211 2330 satist
223 2253 300 2314 Haeo
312 2255 399 2315 enim
406 2255 548 2333 liberam,
566 2259 644 2320 etad
657 2259 809 2321 nulluma
860 2259 1030 2319 admodum
1043 2263 1074 2318 et
1085 2257 1250 2333 Scultetus,
1265 2262 1297 2316 et
1306 2256 1532 2317 Centuriatores
1540 2255 1626 2334 blag-

57 2342 161 2405 duobus
178 2345 352 2424 optandum
373 2347 544 2421 definitam,
561 2367 598 2410 aa
622 2351 809 2413 determina·
859 2351 1078 2430 deburgenses.

56 2439 109 2494 tam
120 2435 301 2497 electionem
310 2438 360 2499 uel
371 2439 503 2519 eligendi
516 2445 700 2520 potestatem
714 2442 808 2523 signi-
898 2443 982 2504 VIII.
997 2444 1037 2504 tlt
1050 2447 1155 2503 autem
1168 2457 1322 2502 novorum
1340 2438 1490 2500 libertatis
1504 2457 1626 2501 everso·

56 2524 134 2588 limat
151 2528 325 2606 eujusmodi
347 2530 529 2593 electionem
549 2533 684 2595 lreuoeru
700 2537 810 2598 eodem
858 2551 931 2595 rum
942 2533 1141 2609 eulampium,
1158 2537 1188 2592 et
1200 2536 1234 2592 in
1247 2534 1366 2592 umere
1389 2531 1519 2592 eitaudis
1541 2537 1626 2594 reta·

56 2620 149 2698 eapite,
158 2621 325 2683 statimilli
338 2622 405 2684 loeo
425 2624 583 2686 subdidit:
602 2628 671 2686 ulit
684 2633 810 2707 propter
859 2626 945 2686 ribus
962 2626 1166 2702 temeritatem
1187 2623 1244 2684 sub
1258 2622 1400 2684 omnium
1422 2622 1529 2683 oeulos
1550 2623 1627 2685 deli·

56 2710 113 2783 boo,
122 2711 233 2792 iuquit,
243 2714 407 2819 pensilium
416 2717 670 2795 quidembonum
679 2719 732 2783 dat
745 2737 810 2781 om·
860 2734 1052 2798 gam,uuum
1063 2716 1202 2797 ejusdem
1212 2714 1433 2777 lreuaailoeum
1446 2715 1575 2776 afferam
1589 2735 1627 2778 ex

56 2803 141 2865 uibus.
161 2807 274 2867 Posuit
293 2813 400 2869 autern
423 2808 458 2869 iu
475 2808 603 2871 homine
625 2815 809 2889 potestatem
859 2811 958 2891 eapite
971 2827 1039 2871 aaut
1052 2809 1123 2870 libri
1140 2809 1225 2869 illius
1238 2808 1353 2886 quarti,
1368 2807 1403 2867 in
1422 2825 1483 2887 quo
1507 2809 1627 2870 usitatae

56 2894 224 2959 electionis.»
233 2899 604 2980 Duobieponitlrenaeus.
615 2918 685 2982 qum
693 2902 809 2965 theolo-
859 2902 904 2963 illi
918 2902 1126 2981 quorumdam
1140 2900 1273 2981 querelas
1294 2897 1448 2974 andabeit,
1466 2898 1520 2977 qui
1532 2900 1627 2961 satius

55 2988 175 3064 gisuoris
189 2990 350 3053 silentium
363 2993 683 3072 indicunteomiiium,
694 3000 726 3056 et
734 2995 806 3057 elee-
859 2994 952 3055 fuisse
965 2994 1117 3068 dicebant,
1126 2992 1281 3072 Angelum
1294 2990 1515 3070 hominemque
1528 2991 1626 3052 ereari

56 3078 237 3144 numum
257 3089 426 3164 utrumque
444 3103 640 3165 suspensum,
657 3091 688 3148 et
705 3088 808 3149 neutri
859 3087 988 3148 talama
1007 3088 1082 3160 Deo,
1098 3092 1134 3148 ut
1152 3101 1280 3165 peeoine
1296 3082 1384 3142 nullo
1404 3082 1498 3142 modo
1511 3089 1624 3161 posset.

54 3174 129 3251 pase
140 3175 590 3256 addietumarbitriijudiaium‚
602 3180 809 3240 aovoluntatis
863 3199 880 3237 u
894 3179 955 3240 Sed
969 3178 1142 3257 oportebat,
1157 3177 1269 3255 inquit,
1288 3191 1360 3236 eum
1377 3191 1479 3254 neque
1492 3175 1627 3253 Angelos

54 3266 189 3329 attendit:
212 3269 337 3343 «Deus,
359 3269 471 3348 iuquit,
492 3271 658 3332 eonsilium
680 3271 733 3332 dat
749 3272 807 3333 ho·
857 3272 934 3333 tales
957 3270 1074 3348 lauisse,
1102 3274 1138 3329 ut
1160 3271 1286 3348 possent
1312 3266 1495 3346 transgredi,
1525 3285 1626 3347 neque

54 3356 132 3432 miui3
148 3359 247 3422 bomo
260 3362 343 3440 quod
358 3362 426 3423 vult
440 3362 647 3442 eligit.»lleaa
660 3381 697 3424 eo
712 3365 806 3444 perti-
857 3363 1010 3438 homines,
1039 3362 1093 3442 qui
1125 3361 1231 3422 statim
1247 3358 1362 3438 ingrati
1393 3358 1560 3421 existerent
1592 3360 1627 3421 iu

55 3455 126 3525 aeut,
146 3457 181 3512 ut
209 3453 334 3532 probet,
363 3453 553 3515 «hominem
576 3454 691 3516 habere
717 3472 807 3517 suam
857 3455 1112 3535 eum3quoniam
1121 3451 1330 3525 rationabiles,
1343 3451 1624 3520 etexamiuatores.

54 3545 222 3617 polanum
235 3545 442 3607 adolendum
453 3548 606 3608 sententia
617 3546 659 3628 (id
674 3553 721 3609 est
733 3567 807 3610 eon-
856 3552 888 3609 et
896 3546 1090 3627 judieiahiles
1102 3545 1175 3607 faeti
1191 3549 1275 3621 arant,
1295 3548 1326 3604 at
1343 3561 1409 3605 uon
1423 3544 1626 3622 quemadmo-

55 3631 117 3713 ulio)
132 3635 184 3696 Ilei
197 3636 376 3699 voluntarie
391 3643 422 3699 et
435 3656 499 3699 non
509 3644 662 3700 ooaatum.
677 3662 693 3699 a
707 3641 807 3714 Quare
857 3638 933 3701 dum
942 3626 1175 3715 irrationabillu,
1192 3637 1255 3697 sive
1274 3635 1466 3711 inanimalia,
1483 3654 1554 3715 quae
1569 3653 1625 3698 sua

55 3725 105 3785 rim
124 3728 211 3789 illam
236 3736 268 3790 at
284 3730 475 3792 ooeetionem
494 3731 640 3807 intelligit
658 3734 805 3811 Irenaeus,
858 3733 1017 3793 voluntate
1030 3730 1107 3791 nibil
1121 3727 1505 3809 possuntagare,sedeum
1519 3745 1626 3789 neees·

55 3818 438 3894 qaubberameleetionem
448 3825 808 3887 etusumaonsiliidivini
858 3825 960 3899 sitate,
976 3830 1007 3884 et
1028 3824 1060 3884 vi
1080 3823 1119 3883 ad
1137 3821 1450 3894 bonumtrahuutur3
1466 3820 1500 3880 in
1512 3819 1625 3898 quibus

55 3903 168 3970 buum
181 3911 374 3991 interpellat.
389 3913 455 3973 Hoe
476 3917 580 3974 autem
603 3912 640 3973 fit
651 3915 701 3976 vel
715 3915 807 3976 abso·
858 3934 940 3978 unus
954 3934 1071 3991 sensus,
1085 3920 1208 3975 aturrus
1221 3928 1289 3973 mos
1307 3910 1496 3986 inflexibilia,
1514 3916 1545 3971 et
1558 3910 1624 3971 sine

54 3993 115 4071 late,
129 4001 271 4063 adbibita
278 4004 460 4065 neorssitate
473 4003 689 4085 simplicique
698 4014 807 4087 sponte
853 4009 982 4088 judicio,
998 4009 1052 4088 qui
1065 4006 1143 4068 nihil
1157 4005 1243 4066 aliud
1257 4020 1321 4064 esse
1341 4007 1480 4083 possunt,
1494 4008 1623 4082 praeter-

54 4089 178 4154 voluntas
190 4095 313 4174 appetit
326 4114 437 4168 unum,
458 4097 511 4158 aad
533 4099 716 4173 assemano,
731 4100 807 4161 dum
857 4119 951 4182 mam
965 4101 1049 4180 quod
1061 4099 1132 4160 faeti
1144 4103 1226 4159 suut.
1244 4117 1260 4155 a
1282 4096 1361 4157 Huie
1374 4095 1500 4156 illorum
1512 4112 1622 4175 expos·

54 4180 169 4246 alterum
185 4204 257 4247 nou
278 4192 388 4267 potest.
410 4189 482 4249 Ideo
504 4206 606 4268 neque
630 4190 805 4268 eonsilium,
857 4193 1012 4267 tulationi,
1029 4208 1100 4272 quae
1112 4187 1548 4266 naturalineoesaitate,quam
1559 4188 1624 4248 vim

54 4278 260 4354 umeuecuo
283 4278 327 4340 ibi
348 4286 395 4341 est
416 4280 490 4352 ulla,
514 4286 551 4342 ut
573 4298 667 4361 supra
686 4285 807 4363 copiose
856 4286 1025 4366 appellant,
1039 4282 1121 4344 trabi
1135 4282 1277 4343 homines
1297 4281 1336 4341 ad
1354 4280 1483 4347 bonum,
1512 4279 1624 4342 melius

55 4363 276 4448 dbputarimus.
292 4371 347 4432 Vel
357 4373 585 4451 quadamtenus
606 4373 640 4434 id
648 4375 761 4454 agitur,
776 4377 807 4437 vl
856 4378 950 4439 luisse
963 4376 1049 4451 dioit,
1065 4375 1109 4436 sio
1123 4372 1259 4436 irenaeus
1271 4372 1437 4453 respondet
1453 4391 1461 4433 ι
1479 4372 1623 4434 «Sioua-

55 4463 254 4525 ttooaetioue
286 4463 475 4525 exuinseeus
501 4465 637 4540 admota,
673 4486 808 4547 quaeum
856 4476 921 4532 tem
944 4487 1002 4531 nee
1024 4485 1117 4530 suave
1138 4471 1217 4528 esset
1237 4467 1294 4542 eia,
1316 4463 1401 4544 quod
1422 4470 1469 4526 est
1490 4465 1622 4543 bonum,

57 4548 161 4616 libutus
172 4555 305 4635 quidem
319 4561 435 4629 manet,
451 4562 483 4618 et
495 4557 602 4619 eleetlo
615 4558 714 4621 libera
732 4562 806 4622 sim·
857 4579 959 4644 neque
972 4562 1104 4640 pretiosa
1117 4558 1354 4621 communicatio
1368 4558 1433 4634 Dei,
1445 4575 1547 4638 nequo
1560 4576 1623 4619 rna·

55 4641 166 4723 pbtlter,
185 4648 243 4710 sed
266 4658 331 4710 ms
344 4675 381 4722 τι,
401 4649 461 4710 boo
475 4656 521 4711 est
542 4649 647 4732 otique
666 4671 703 4714 ex
721 4663 808 4734 porte
857 4672 994 4735 gnopere
1014 4652 1224 4734 appetendum
1243 4650 1375 4727 bonum,
1390 4650 1474 4731 quod
1486 4650 1553 4712 siue
1567 4668 1623 4711 suo

58 4750 106 4795 mu
117 4737 235 4816 libera3
251 4740 326 4820 quia
337 4741 369 4802 id
384 4741 540 4822 ampleeti,
558 4762 594 4805 aa
609 4744 689 4807 velle
706 4745 809 4826 ingra-
857 4748 983 4828 proprio
996 4753 1097 4819 motu,
1112 4749 1144 4806 et
1157 4761 1243 4818 euru,
1259 4743 1400 4805 etstudio
1420 4741 1622 4822 provenisset,

58 4827 230 4910 liieogitur,
261 4833 346 4912 quod
371 4834 487 4913 alioqui
515 4835 620 4898 nollet.
646 4836 687 4898 At
716 4839 809 4901 tertia
857 4841 911 4902 sed
933 4840 1027 4915 ultro,
1056 4842 1087 4898 et
1108 4837 1205 4898 otiose
1220 4836 1369 4912 ‚iusitum
1393 4836 1437 4895 lte
1463 4840 1500 4896 nt
1523 4840 1624 4899 esseut

57 4916 98 4981 llla
112 4924 166 4992 vis,
191 4942 291 5005 quam
318 4926 417 4987 solam
440 4926 576 4989 llberml
602 4929 707 5009 opinio
728 4949 810 4993 nova
856 4933 974 4994 nulllus
987 4930 1138 4992 momenti
1160 4929 1251 5005 boni3
1268 4946 1305 4990 eo
1318 4926 1402 5007 quod
1422 4932 1535 4988 natura
1556 4945 1623 4988 ma-

55 5017 228 5079 aautrariam
241 5016 425 5089 battualia
444 5019 563 5101 uspiam
583 5028 640 5083 est.
656 5023 809 5085 Estenim
858 5026 914 5106 gis,
948 5040 1043 5104 quam
1077 5021 1236 5082 voluntem
1269 5020 1346 5081 tales
1375 5018 1558 5095 exstiterint,
1594 5024 1625 5079 et

55 5107 168 5169 omuino
186 5109 278 5187 nihil,
294 5115 445 5189 uuquam
461 5112 660 5193 tragelaphus
683 5114 806 5195 aliquis,
858 5118 1038 5179 ultroneum
1049 5114 1201 5176 haberent
1213 5115 1343 5186 honum,
1361 5111 1413 5172 sed
1436 5129 1502 5172 nou
1519 5128 1625 5172 noun·

54 5204 100 5257 eat
117 5199 284 5276 oblmoera3
308 5203 385 5282 quia
405 5209 524 5265 oonamt
542 5222 578 5265 ex
600 5207 810 5285 pugnantibus
858 5211 934 5272 dum
949 5208 1267 5283 electionemolirgo,
1279 5203 1458 5265 sivoluntas
1471 5203 1512 5263 ad
1523 5218 1623 5262 uuum

54 5285 174 5352 iurieem
196 5291 305 5369 rebus,
332 5312 402 5373 qum
429 5296 510 5358 auiae
532 5296 684 5360 simulne
704 5298 809 5362 dimna
858 5299 1117 5364 determinatione
1135 5297 1271 5377 quadum
1290 5299 1420 5357 muru.
1444 5291 1623 5355 uoueoeaai·

75 5484 267 5542 imbuam.
