4004 6168
607 309 658 371 nn
676 307 837 370 omnam
857 305 932 369 ιιι
951 285 1110 371 DIERUM.
1171 276 1174 282 ’
1596 310 1656 374 seo
1707 286 1715 297 '

80 491 136 553 rap.
152 471 206 533 ult.
222 489 254 533 n.
272 472 446 533 beasset
456 470 650 553 lib.Vl,oap.
664 490 765 549 xxi,n.
780 474 830 545 6¹1,
884 471 918 532 in
945 471 1041 534 altero
1061 473 1148 553 quod
1168 478 1223 550 est,
1239 492 1323 552 vere,
1338 481 1370 537 et
1391 475 1516 556 proprie
1538 477 1657 537 malum

80 563 226 643 quibusin
243 563 327 635 loeis,
344 563 383 625 ab
404 563 455 639 iis,
470 563 524 644 qui
544 571 661 644 negant
678 564 754 626 Adae
768 564 833 626 eul-
885 581 951 625 esse
963 584 971 624 ι
985 565 1109 645 eulpam
1120 566 1206 626 enim
1219 583 1341 647 semper
1354 566 1502 646 aliquam,
1518 572 1549 628 et
1561 570 1659 648 turpi-

80 673 143 735 pam
163 655 202 715 ad
216 655 284 734 ejus
304 662 442 736 posteros
458 657 635 736 pertinere;
651 657 835 718 alterutrum
885 656 1027 717 tudinem
1035 656 1140 718 babet.
1150 658 1302 731 Quaevaro
1309 659 1436 719 elteriru
1446 659 1655 738 generissunt,

80 747 297 808 oonoedendum
321 754 443 827 putant,
457 754 511 809 aut
536 750 635 809 Deum
660 766 725 810 esse
741 748 836 828 injus
885 765 923 809 ea
941 747 995 808 riu
1014 748 1047 808 in
1070 749 1160 809 malis
1184 750 1329 828 ponenda
1348 767 1415 811 esse
1431 769 1438 809 ι
1454 751 1569 830 quippe
1587 769 1657 829 que

81 843 160 913 tum3
175 846 227 901 aut
239 858 309 901 eam
318 846 439 901 natiue
447 840 550 914 bonae,
562 846 593 901 et
605 841 695 902 malae
704 841 838 920 permix-
886 840 961 900 uitio
972 845 1094 914 vacant,
1111 845 1141 901 et
1155 841 1236 902 siout
1245 860 1264 902 a
1273 841 1425 921 culparis
1437 842 1529 902 etiam
1543 842 1659 903 absunt

82 931 183 991 tionem
204 949 269 994 esse
290 932 416 1011 batam,
446 950 542 1013 quam
568 933 737 994 eommonti
762 939 838 994 sunt
885 931 1444 1013 avituperatione,aoreprebensione
1456 934 1656 1014 sapientium.

83 1022 237 1084 llaniebaei.
887 1023 983 1083 Primi
996 1024 1123 1102 quidem
1140 1025 1264 1103 generis
1277 1026 1359 1087 mala
1382 1043 1504 1105 semper
1521 1043 1561 1087 ex
1576 1027 1660 1087 mala

887 1133 981 1176 eausa
996 1134 1004 1175 ι
1020 1134 1094 1177 nam
1107 1115 1197 1197 eulpa
1210 1115 1326 1178 bonam
1338 1117 1531 1179 voluntatem
1543 1117 1659 1179 habere

405 1207 435 1286 ξ.
457 1209 497 1269 V.
887 1224 952 1267 uon
964 1214 1076 1287 potest.
1096 1207 1325 1285 Horum'vero,
1347 1228 1419 1289 quoe
1441 1209 1493 1269 vix
1515 1210 1549 1269 in
1570 1209 1659 1270 malis

888 1315 952 1359 esse
964 1299 1109 1375 diximus,
1125 1317 1207 1380 saepe
1216 1306 1289 1362 sunt
1303 1318 1402 1362 oausae
1414 1301 1597 1375 laudabiles,
1607 1321 1658 1363 ea-

116 1389 301 1451 Sentantiam
320 1398 459 1453 nostram
491 1390 570 1461 ratio
596 1408 721 1472 quoque
741 1392 838 1472 probe
887 1391 1020 1471 demque
1031 1391 1159 1453 honeste
1170 1393 1252 1470 eligi,
1268 1398 1361 1472 atque
1371 1394 1484 1473 expeti,
1498 1395 1659 1472 Deumque

82 1481 238 1543 confirmat.
253 1484 292 1542 Et
304 1483 406 1563 primo
420 1482 547 1563 quidem
560 1483 601 1544 ad
609 1482 729 1563 reliqna
742 1485 836 1559 mala,
886 1481 990 1562 ipsum
1011 1489 1169 1546 auctorem
1193 1485 1306 1546 habere
1326 1491 1454 1565 queunt.
1479 1486 1536 1546 llio
1553 1491 1659 1548 autem

83 1591 140 1652 qna
152 1574 293 1636 infestam
311 1574 429 1636 babent
446 1576 612 1636 hominum
630 1577 737 1653 vitam,
759 1577 837 1638 vali·
888 1580 996 1636 eontra
1005 1577 1166 1637 mestatim
1177 1577 1519 1655 insurguntadversarii
1535 1578 1660 1639 :ethaeo

83 1665 147 1726 dum
167 1671 210 1727 est
227 1674 462 1745 augumentum.
486 1667 519 1728 Si
538 1668 624 1728 enim
645 1668 755 1745 Adam,
771 1669 837 1732 aine
888 1684 1012 1746 quoqne
1026 1667 1119 1743 mala,
1136 1668 1247 1728 amala
1260 1687 1353 1729 eausa
1365 1669 1503 1749 prolecta
1517 1688 1581 1730 esse
1596 1670 1659 1730 ola·

84 1757 276 1835 ulbsaeritiae,
295 1764 350 1820 aut
362 1759 522 1839 injustitia
536 1765 626 1836 nota,
642 1778 660 1820 a
674 1762 737 1821 Deo
747 1762 838 1823 condi
888 1755 1001 1819 mitent
1030 1778 1038 1819 ι
1067 1759 1207 1821 miserias
1239 1761 1407 1837 nimirum,
1443 1780 1660 1841 aerumnasque

84 1849 166 1927 poterit
179 1851 270 1911 morti
285 1850 452 1928 obnoxius,
468 1870 539 1931 quaa
563 1853 706 1913 omnium
719 1854 840 1914 terribi-
888 1868 997 1911 omnes
1009 1851 1101 1911 terris
1123 1852 1259 1912 invectas
1280 1852 1375 1932 primi
1397 1853 1533 1913 hominis
1555 1854 1657 1934 eulpa.

84 1940 148 2003 lium
163 1942 311 2004 ultimum
329 1949 395 2020 est;
416 1961 472 2005 aar
486 1961 551 2004 non
571 1945 664 2005 etiam
683 1944 839 2023 subjectus
888 1942 982 2015 Quasi
999 1960 1072 2003 vero
1088 1942 1121 2004 id
1134 1961 1271 2023 negem:
1294 1949 1358 2019 aut,
1375 1943 1402 2004 si
1426 1963 1491 2005 non
1504 1950 1661 2024 peccasset

84 2034 297 2111 remundis,
313 2052 384 2113 quae
399 2052 471 2096 oum
494 2035 593 2096 multo
617 2035 733 2096 leuiora
752 2043 836 2115 sunt,
887 2035 999 2111 Adam,
1013 2034 1074 2095 tale
1083 2034 1200 2114 aliquid
1211 2053 1270 2095 nos
1285 2053 1429 2114 passuros
1438 2036 1531 2097 fuisse
1545 2037 1656 2100 dicam.

84 2129 139 2185 tum
156 2126 274 2205 gravim
305 2126 384 2186 nihil
406 2125 534 2200 babent,
553 2146 589 2188 aa
602 2127 728 2205 tristius,
743 2147 838 2208 quam
888 2124 960 2186 Haec
973 2125 1089 2202 omnia,
1104 2126 1214 2203 fateor,
1238 2127 1328 2188 terris
1354 2127 1460 2188 intulit
1475 2128 1566 2208 eulpa
1582 2148 1589 2189 :
1606 2130 1659 2191 sed

84 2218 152 2293 qnod
172 2218 286 2280 indicia
305 2218 418 2279 futurae
441 2219 550 2280 mortis
572 2219 725 2298 quaedam,
745 2226 838 2300 atque
887 2216 1201 2295 distinguendum,aa
1210 2219 1438 2298 sejungendum
1447 2219 1516 2280 diuo
1525 2220 1659 2300 id,quod

84 2308 146 2369 adeo
157 2309 250 2386 initia,
267 2315 303 2371 et
312 2326 411 2371 causas
425 2309 517 2370 sunt?
529 2309 682 2371 Praeterea
693 2310 746 2370 illa
758 2312 836 2392 ipsa,
887 2310 998 2389 reipsa
1006 2310 1074 2382 fuit,
1089 2310 1187 2387 abeo,
1202 2311 1286 2391 quod
1300 2330 1365 2372 esse
1381 2312 1532 2372 duntaxat
1544 2313 1655 2390 potnit.
1758 2320 1765 2327 “

85 2400 178 2477 qubus
196 2402 361 2463 hominem
383 2401 576 2463 ostendimus
595 2406 708 2463 natura
724 2409 838 2463 morta-
889 2401 1037 2481 Supplieii
1059 2401 1118 2462 ista
1145 2401 1272 2481 quidem
1294 2420 1421 2475 nomen,
1446 2408 1478 2462 et
1504 2402 1658 2464 rationem

84 2489 143 2565 lem,
165 2493 291 2574 reliquis
318 2492 409 2553 malis
425 2493 599 2572 subjeetum
620 2494 835 2572 comprobant,
888 2491 1005 2553 habent
1020 2511 1027 2552 ι
1040 2511 1148 2572 eaque,
1164 2492 1261 2553 veluti
1274 2493 1383 2553 laxatis
1402 2492 1542 2569 habenis,
1553 2494 1588 2554 in
1603 2512 1661 2555 nos

85 2583 187 2660 quibus,
202 2592 269 2665 post
283 2602 381 2662 grave
392 2585 573 2655 admissum,
590 2584 758 2647 oonlliotari
772 2605 836 2647 ooa-
887 2582 1024 2660 immisit,
1039 2589 1070 2645 et
1089 2584 1178 2664 quasi
1190 2584 1329 2645 inaltavit
1338 2584 1657 2664 divinaipsajustitia,

84 2673 127 2751 pit
141 2676 215 2750 Quas
224 2676 325 2753 enim,
340 2676 424 2737 intra
435 2676 597 2738 hominem
607 2677 717 2737 mortis
730 2695 837 2738 causas
887 2676 1039 2737 saelorum
1061 2676 1177 2752 ultrix,
1201 2695 1236 2738 aa
1262 2677 1388 2738 vindex.
1413 2678 1523 2751 Quaero
1540 2683 1657 2747 autem,

84 2782 135 2826 ese
156 2768 300 2845 dinmus,
326 2767 445 2829 eadem
469 2772 501 2828 et
524 2766 676 2847 plurimos
703 2767 837 2830 afferunt
886 2766 1013 2829 immitti
1027 2774 1058 2829 et
1067 2774 1211 2848 poterant
1220 2770 1314 2830 etiam
1328 2770 1361 2830 in
1377 2769 1660 2830 innoeentes‘lNon

85 2857 198 2936 morbos,
212 2867 310 2939 atque
331 2860 433 2939 ipsam
457 2859 490 2919 ιιι
514 2859 623 2939 primis
647 2865 837 2921 senectutem
886 2865 1041 2938 poterant,
1054 2860 1173 2939 inquis;
1186 2879 1261 2922 nam
1275 2862 1328 2933 ita,
1337 2862 1435 2921 Deum
1449 2860 1541 2936 inter,
1555 2861 1657 2922 homi·

85 2949 211 3028 allidunt,
225 2970 301 3032 quae
315 2955 362 3011 tot
387 2950 481 3011 babet
500 2950 712 3027 incommoda,
728 2957 764 3012 ut
777 2954 835 3013 du·
887 2968 1003 3030 nesque
1013 2958 1216 3026 convenerat3
1232 2970 1295 3028 eos,
1305 2952 1456 3031 quamdiu
1469 2953 1503 3012 in
1517 2952 1572 3012 Dei
1586 2952 1657 3014 obe-

85 3036 156 3102 bium
168 3060 228 3103 asse
242 3061 312 3104 non
324 3041 430 3121 possit,
446 3041 522 3120 quin
530 3042 626 3102 homo
636 3042 783 3105 innocens
792 3045 835 3104 ita
886 3043 1002 3103 dientia
1011 3042 1220 3122 persisterent,
1226 3043 1345 3103 tamdiu
1354 3043 1509 3103 malorum
1516 3043 1547 3104 id
1556 3062 1656 3122 genus

84 3134 159 3192 eundi
180 3139 281 3214 queat,
303 3141 339 3192 ut
363 3134 398 3192 in
425 3134 559 3209 miseria,
581 3140 673 3212 atque
695 3152 836 3196 arumna
886 3139 1027 3214 expertes
1053 3134 1129 3194 fore.
1150 3134 1229 3207 Quid
1249 3134 1275 3194 si
1298 3135 1341 3195 ita
1358 3152 1423 3194 non
1442 3135 1659 3197 convenisset?

84 3222 227 3303 aliquando
246 3227 302 3302 sit,
317 3223 398 3285 siita
412 3225 504 3285 condi
518 3230 627 3302 potest,
643 3231 679 3286 ut
690 3244 837 3289 eonsene-
886 3225 1123 3286 tamenimmitti
1134 3243 1198 3285 non
1208 3226 1658 3304 poterant:erudelitatisenim

84 3321 149 3391 scae
163 3336 229 3379 oum
241 3318 360 3393 miser,
376 3322 468 3395 atque
488 3334 683 3379 aerumnosus
696 3318 755 3379 boc
769 3320 835 3400 ipso
886 3322 979 3397 atque
992 3316 1149 3394 injustitia
1167 3317 1293 3393 fuisset,
1310 3317 1480 3395 exagitare,
1495 3323 1587 3396 atque
1607 3337 1658 3379 ex·

84 3406 202 3487 aliquod
215 3428 246 3471 se
259 3410 406 3470 luiturum
413 3409 526 3488 ¹cogitet
535 3408 702 3488 aliqnando
714 3428 840 3475 senem..
885 3410 1023 3470 cruciare
1037 3408 1281 3485 hominem,sine
1293 3408 1358 3469 ulla
1366 3427 1469 3470 eausa.
1486 3411 1580 3487 Ergo,
1591 3411 1617 3470 si
1625 3410 1658 3471 id

84 3498 229 3581 Quidque
245 3507 322 3563 sunt
339 3506 427 3562 extra
450 3500 637 3562 hominem?
663 3501 773 3563 Deberi
795 3521 835 3565 ne
886 3518 950 3560 non
963 3500 1030 3560 sine
1051 3518 1142 3560 eausa
1155 3500 1253 3574 fieret,
1270 3500 1386 3562 liceret.
1408 3499 1459 3577 lt,
1481 3519 1551 3579 quae
1565 3519 1659 3563 eausa

85 3589 181 3670 diqoid
203 3595 259 3673 ipsi
285 3599 391 3673 putas,
407 3593 495 3671 eujus
518 3611 577 3673 ope
597 3611 662 3653 non
682 3592 714 3653 id
733 3594 835 3655 solum
885 3610 950 3654 esse
970 3598 1070 3672 potest
1092 3590 1257 3672 torquendi
1285 3592 1508 3654 innocentem?
1535 3594 1658 3655 Bonum

84 3685 229 3764 propulset,
248 3685 337 3765 quod
357 3684 383 3745 si
399 3684 490 3763 juxta
511 3684 561 3759 ait,
585 3684 691 3760 fodiat,
709 3684 833 3761 laceret,
885 3681 981 3763 ipsius
1001 3683 1126 3763 aliquod
1146 3683 1257 3763 majus,
1271 3702 1307 3744 ae
1334 3682 1547 3764 praestabilius,
1563 3703 1658 3763 quarn

85 3773 225 3839 bbrfioiat
235 3797 244 3853 3
254 3778 313 3839 aed
326 3776 358 3837 id
372 3776 467 3837 etiam
476 3777 560 3855 quod
570 3776 836 3856 sensumaliquem
884 3774 938 3835 illa
952 3775 1017 3855 ipsa
1034 3772 1149 3836 doloris
1167 3775 1270 3835 omnis
1285 3776 1399 3835 amotio
1414 3819 1422 3850 ,
1438 3792 1533 3853 qnam
1551 3775 1658 3836 deberi

85 3865 179 3929 doloris
191 3887 335 3949 asperum
350 3867 441 3941 oleat,
457 3868 541 3945 quod
559 3867 656 3928 eoum
676 3868 834 3947 pervellat,
884 3868 930 3928 vis
953 3867 1122 3928 innocenti.
1140 3866 1220 3940 Quid
1240 3867 1340 3939 enim,
1361 3883 1426 3926 non
1451 3865 1573 3926 licuerit
1593 3867 1656 3927 Deo

86 3960 152 4035 quod
163 3961 267 4024 leviter
289 3959 429 4040 pungat?
447 3958 581 4032 Quodsi
604 3959 726 4019 homini
747 3959 837 4020 inno·
885 3958 975 4019 malis
987 3958 1157 4036 hisee‚quae
1171 3956 1246 4017 vitio
1260 3956 1500 4035 rarent,primos
1512 3956 1657 4016 homines

85 4052 241 4125 uenti,nihil
249 4052 316 4114 tale
328 4050 716 4131 debetur,numquidigni,
732 4051 837 4131 sipro-
888 4051 1049 4128 subjicere,
1078 4067 1115 4109 ea
1134 4048 1243 4109 saltem
1263 4048 1394 4122 ratione,
1417 4065 1480 4125 qua
1502 4046 1657 4108 nidorum

86 4142 141 4218 pius
159 4146 196 4206 ad
220 4145 314 4207 illum
334 4143 467 4220 accedat,
487 4143 514 4203 si
533 4147 683 4217 attrectet,
705 4143 739 4202 ιιι
763 4161 836 4203 eum
887 4159 986 4220 genus
999 4140 1094 4214 alind,
1106 4140 1140 4199 in
1163 4138 1277 4218 quibus
1289 4145 1336 4200 est
1362 4138 1464 4217 eulpa,
1479 4137 1568 4198 liouit
1589 4157 1656 4200 non

85 4232 235 4312 bominem,
251 4238 300 4297 vis
320 4235 406 4297 nulla
420 4253 485 4297 esse
500 4234 611 4296 debet?
630 4234 724 4313 Atqui
746 4234 837 4296 nobis
885 4232 1059 4312 impedire?
1074 4231 1162 4305 Quod
1176 4233 1256 4292 Deus
1269 4249 1334 4291 non
1343 4229 1528 4310 impedierit,
1538 4234 1574 4290 ut
1583 4250 1657 4293 sane

87 4329 166 4390 butus
193 4329 261 4392 ideo
294 4329 404 4405 datus,
433 4333 560 4407 totoque
586 4344 714 4407 corpore
734 4345 838 4405 aequa·
885 4331 1017 4405 poterat,
1032 4342 1094 4405 quo
1116 4324 1221 4384 minus
1243 4327 1363 4403 primus
1386 4322 1481 4382 homo
1495 4329 1655 4401 pausaret3

86 4414 141 4480 liter
161 4421 244 4483 lusus
270 4426 329 4496 est,
359 4425 396 4480 ut
421 4437 531 4481 omnes
558 4421 636 4480 lotus
662 4437 698 4480 aa
724 4418 837 4479 nimios
886 4417 1012 4478 ultionis
1032 4422 1113 4478 uerte
1135 4434 1199 4477 ιιοιι
1218 4415 1292 4489 luit;
1313 4432 1382 4488 neo,
1404 4414 1430 4474 si
1452 4414 1580 4474 ultionis
1593 4433 1657 4476 non

87 4506 153 4585 ipsos
162 4512 293 4590 frigoris,
308 4518 340 4573 et
352 4510 463 4573 caloris
478 4510 625 4590 appulsus
639 4509 753 4570 sentire
765 4527 831 4588 pos·
885 4509 954 4583 luit,
972 4507 1159 4569 crudelitatis
1183 4506 1331 4568 continuo
1346 4505 1415 4580 luit,
1430 4511 1524 4584 atque
1538 4506 1658 4584 injusti-

86 4615 181 4665 sanins.
198 4605 260 4665 Neo
278 4620 354 4664 vero
365 4606 463 4663 taetris
476 4601 638 4675 duntaxat,
660 4600 714 4661 sed
735 4599 837 4680 ipsum
886 4600 948 4661 tiae.
964 4602 1086 4660 Bonum
1100 4598 1216 4659 scilieet
1227 4596 1354 4676 aliquod
1366 4596 1453 4657 illinc
1471 4597 1658 4659 eliciendum

87 4690 161 4768 plane
168 4694 349 4756 admirabile
356 4693 489 4755 aliorum
499 4694 595 4753 etiam
605 4710 753 4753 sensuum
762 4693 838 4751 arti·
887 4691 944 4752 sibi
958 4690 1127 4771 proposuit,
1144 4689 1228 4768 quod
1236 4688 1295 4768 ipsi
1305 4689 1433 4767 quidem
1440 4688 1559 4766 gloria,
1567 4688 1658 4750 nobis

87 4780 190 4862 tioium
203 4792 331 4866 totaque
351 4784 483 4846 humani
496 4783 633 4863 eorporis
651 4782 837 4844 constructio
886 4800 960 4842 vero
974 4781 1100 4842 utilitati
1124 4781 1260 4842 maxime
1280 4781 1413 4841 eederet.
1434 4780 1540 4840 Potuit
1561 4779 1658 4857 igitur

88 4875 145 4935 satis
153 4877 335 4951 edendum
351 4875 390 4937 ab
403 4875 452 4952 iis,
467 4893 537 4955 qnae
546 4874 636 4934 nobis
649 4874 840 4935 extrinsecus
887 4874 995 4935 eodem
1011 4872 1151 4949 oonsilio,
1167 4878 1259 4951 atque
1277 4871 1435 4951 proposito
1456 4889 1520 4931 non
1535 4871 1659 4947 penitus

87 4963 266 5046 objiciuntur,
297 4967 379 5028 nihil
412 4983 553 5046 unquam
585 4965 651 5045 pati
679 4982 836 5044 aspemm,
886 4982 1081 5026 summovere
1094 4962 1134 5023 ab
1150 4962 1368 5023 innocentibus
1379 4962 1493 5040 frigus,
1509 4961 1657 5040 calorem,

87 5059 158 5119 trista
160 5061 309 5137 ,durum,
324 5059 449 5140 penitus
465 5075 560 5138 supra
573 5061 719 5118 naturam
739 5055 839 5117 homi·
887 5074 936 5117 res
960 5055 1046 5126 alias,
1070 5071 1205 5133 quarum
1228 5058 1274 5114 est
1293 5053 1450 5156 appulsus,
1476 5069 1659 5131 morsusque

85 5148 205 5213 nisesse.
887 5146 981 5226 paulo
994 5145 1116 5206 aerior:
1131 5163 1190 5206 neo
1210 5144 1314 5224 potnit
1336 5143 1398 5203 id'
1391 5144 1447 5222 ipsi
1466 5142 1544 5205 vitio
1567 5145 1657 5217 verti,

117 5242 249 5303 Venio
237 5260 305 5321 Jam
335 5241 375 5302 ad
410 5189 619 5319 theologica:
641 5244 733 5319 atque
761 5237 838 5298 illud
887 5244 978 5317 atque
1006 5236 1182 5316 exprobari.
1210 5236 1316 5315 Neque
1341 5233 1425 5294 enim
1450 5233 1657 5294 dubitandum

86 5331 206 5408 ριιιιιιιιιι
220 5338 332 5410 statuo,
356 5331 512 5394 malornm
534 5348 651 5411 genera
670 5348 736 5392 ease
748 5330 835 5391 duo
887 5328 1169 5410 est,qu1deorporrs
1178 5324 1655 5403 orumatrbuseffieerepotursset

191 5451 266 5512 Tou.
289 5449 340 5511 IV.
1004 5541 1010 5555 ⁸
1497 5439 1536 5500 34
