<?xml version="1.0" encoding="UTF-8"?>
<!DOCTYPE html PUBLIC "-//W3C//DTD XHTML 1.0 Transitional//EN"
    "http://www.w3.org/TR/xhtml1/DTD/xhtml1-transitional.dtd">
<html xmlns="http://www.w3.org/1999/xhtml" xml:lang="en" lang="en">
 <head>
  <title>
</title>
<meta http-equiv="Content-Type" content="text/html;charset=utf-8" />
  <meta name='ocr-system' content='tesseract 3.04.00' />
  <meta name='ocr-capabilities' content='ocr_page ocr_carea ocr_par ocr_line ocrx_word'/>
</head>
<body>
  <div class='ocr_page' id='page_1' title='image "./dogmatatheologi00goog/dogmatatheologi00goog_0162.png"; bbox 0 0 3984 6176; ppageno 0'>
   <div class='ocr_carea' id='block_1_1' title="bbox 527 370 1702 450">
    <p class='ocr_par' dir='ltr' id='par_1_1' title="bbox 527 370 1702 450">
     <span class='ocr_line' id='line_1_1' title="bbox 527 370 1702 450; baseline -0.001 -16"><span class='ocrx_word' id='word_1_1' title='bbox 527 374 579 434; x_wconf 86' lang='lat' dir='ltr'><strong>DE</strong></span> <span class='ocrx_word' id='word_1_2' title='bbox 599 373 747 435; x_wconf 83' lang='lat' dir='ltr'>OFFICIO</span> <span class='ocrx_word' id='word_1_3' title='bbox 770 372 845 433; x_wconf 79' lang='lat' dir='ltr'><strong>SEX</strong></span> <span class='ocrx_word' id='word_1_4' title='bbox 866 371 1035 450; x_wconf 82' lang='lat' dir='ltr'><strong>DIERUM,</strong></span> <span class='ocrx_word' id='word_1_5' title='bbox 1058 371 1294 433; x_wconf 84' lang='lat' dir='ltr'><strong>PROOEMIUM.</strong></span> <span class='ocrx_word' id='word_1_6' title='bbox 1646 370 1702 435; x_wconf 72' lang='lat' dir='ltr'><strong>til</strong></span> 
     </span>
    </p>
   </div>
   <div class='ocr_carea' id='block_1_2' title="bbox 18 531 1827 4028">
    <p class='ocr_par' dir='ltr' id='par_1_2' title="bbox 18 531 1827 4028">
     <span class='ocr_line' id='line_1_2' title="bbox 18 531 1707 629; baseline -0.001 -29"><span class='ocrx_word' id='word_1_7' title='bbox 18 564 88 629; x_wconf 57' lang='grc' dir='ltr'>μ</span> <span class='ocrx_word' id='word_1_8' title='bbox 127 537 254 612; x_wconf 85' lang='lat' dir='ltr'><strong>adhibet,</strong></span> <span class='ocrx_word' id='word_1_9' title='bbox 277 552 315 601; x_wconf 81' lang='lat' dir='ltr'><strong>ex</strong></span> <span class='ocrx_word' id='word_1_10' title='bbox 341 533 469 597; x_wconf 90' lang='lat' dir='ltr'><strong>nomine</strong></span> <span class='ocrx_word' id='word_1_11' title='bbox 495 537 563 618; x_wconf 88' lang='lat' dir='ltr'><strong>ipso</strong></span> <span class='ocrx_word' id='word_1_12' title='bbox 586 551 630 615; x_wconf 76' lang='grc' dir='ltr'>ιῆς</span> <span class='ocrx_word' id='word_1_13' title='bbox 654 549 780 620; x_wconf 57' lang='lat' dir='ltr'><strong>poterae.</strong></span> <span class='ocrx_word' id='word_1_14' title='bbox 810 539 889 600; x_wconf 91' lang='lat' dir='ltr'><strong>Nam</strong></span> <span class='ocrx_word' id='word_1_15' title='bbox 940 554 1037 614; x_wconf 87' lang='lat' dir='ltr'><strong>nem,</strong></span> <span class='ocrx_word' id='word_1_16' title='bbox 1065 537 1118 599; x_wconf 90' lang='lat' dir='ltr'><strong>sed</strong></span> <span class='ocrx_word' id='word_1_17' title='bbox 1145 535 1222 599; x_wconf 87' lang='lat' dir='ltr'><strong>illud</strong></span> <span class='ocrx_word' id='word_1_18' title='bbox 1242 540 1341 598; x_wconf 90' lang='lat' dir='ltr'><strong>totum</strong></span> <span class='ocrx_word' id='word_1_19' title='bbox 1357 534 1528 616; x_wconf 87' lang='lat' dir='ltr'><strong>spirituales</strong></span> <span class='ocrx_word' id='word_1_20' title='bbox 1537 531 1577 595; x_wconf 86' lang='lat' dir='ltr'><strong>ad</strong></span> <span class='ocrx_word' id='word_1_21' title='bbox 1600 552 1707 599; x_wconf 85' lang='lat' dir='ltr'><strong>sensus</strong></span> 
     </span>
     <span class='ocr_line' id='line_1_3' title="bbox 18 626 1706 712; baseline -0.002 -19"><span class='ocrx_word' id='word_1_22' title='bbox 18 648 19 651; x_wconf 71' lang='grc'>’</span> <span class='ocrx_word' id='word_1_23' title='bbox 127 628 265 711; x_wconf 86' lang='lat' dir='ltr'><strong>quidquid</strong></span> <span class='ocrx_word' id='word_1_24' title='bbox 278 627 386 689; x_wconf 85' lang='lat' dir='ltr'><strong>sentiri</strong></span> <span class='ocrx_word' id='word_1_25' title='bbox 402 647 468 690; x_wconf 90' lang='lat' dir='ltr'><strong>non</strong></span> <span class='ocrx_word' id='word_1_26' title='bbox 484 636 596 709; x_wconf 86' lang='lat' dir='ltr'><strong>potest,</strong></span> <span class='ocrx_word' id='word_1_27' title='bbox 614 636 726 711; x_wconf 88' lang='lat' dir='ltr'><strong>estque</strong></span> <span class='ocrx_word' id='word_1_28' title='bbox 744 631 891 712; x_wconf 83' lang='lat' dir='ltr'><strong>intelligi·</strong></span> <span class='ocrx_word' id='word_1_29' title='bbox 937 629 1078 691; x_wconf 74' lang='lat' dir='ltr'><strong>traxisse.</strong></span> <span class='ocrx_word' id='word_1_30' title='bbox 1107 629 1204 708; x_wconf 86' lang='lat' dir='ltr'><strong>Cujus</strong></span> <span class='ocrx_word' id='word_1_31' title='bbox 1238 627 1392 711; x_wconf 81' lang='lat' dir='ltr'><strong>opinionis</strong></span> <span class='ocrx_word' id='word_1_32' title='bbox 1419 627 1547 706; x_wconf 88' lang='lat' dir='ltr'><strong>vestigia</strong></span> <span class='ocrx_word' id='word_1_33' title='bbox 1570 626 1605 688; x_wconf 89' lang='lat' dir='ltr'><strong>in</strong></span> <span class='ocrx_word' id='word_1_34' title='bbox 1626 627 1706 690; x_wconf 90' lang='lat' dir='ltr'><strong>libro</strong></span> 
     </span>
     <span class='ocr_line' id='line_1_4' title="bbox 126 720 1707 805; baseline -0.003 -21"><span class='ocrx_word' id='word_1_35' title='bbox 126 723 191 795; x_wconf 87' lang='lat' dir='ltr'><strong>bile,</strong></span> <span class='ocrx_word' id='word_1_36' title='bbox 213 720 288 782; x_wconf 90' lang='lat' dir='ltr'><strong>illud</strong></span> <span class='ocrx_word' id='word_1_37' title='bbox 314 738 379 782; x_wconf 88' lang='lat' dir='ltr'><strong>esse</strong></span> <span class='ocrx_word' id='word_1_38' title='bbox 405 721 628 802; x_wconf 84' lang='lat' dir='ltr'><strong>sempiternum</strong></span> <span class='ocrx_word' id='word_1_39' title='bbox 659 729 771 804; x_wconf 75' lang='lat' dir='ltr'><strong>putat3</strong></span> <span class='ocrx_word' id='word_1_40' title='bbox 804 725 889 805; x_wconf 88' lang='lat' dir='ltr'><strong>quod</strong></span> <span class='ocrx_word' id='word_1_41' title='bbox 939 726 1050 801; x_wconf 88' lang='lat' dir='ltr'><strong>quarto</strong></span> <span class='ocrx_word' id='word_1_42' title='bbox 1068 720 1103 782; x_wconf 88' lang='lat' dir='ltr'><strong>de</strong></span> <span class='ocrx_word' id='word_1_43' title='bbox 1127 720 1296 802; x_wconf 81' lang='lat' dir='ltr'><strong>Principiis</strong></span> <span class='ocrx_word' id='word_1_44' title='bbox 1313 721 1415 785; x_wconf 86' lang='lat' dir='ltr'><strong>adbuc</strong></span> <span class='ocrx_word' id='word_1_45' title='bbox 1437 725 1570 797; x_wconf 77' lang='lat' dir='ltr'><strong>exstant,</strong></span> <span class='ocrx_word' id='word_1_46' title='bbox 1588 739 1659 800; x_wconf 77' lang='lat' dir='ltr'><strong>que</strong></span> <span class='ocrx_word' id='word_1_47' title='bbox 1671 720 1707 781; x_wconf 90' lang='lat' dir='ltr'><strong>in</strong></span> 
     </span>
     <span class='ocr_line' id='line_1_5' title="bbox 125 812 1703 897; baseline 0.004 -28"><span class='ocrx_word' id='word_1_48' title='bbox 125 819 221 877; x_wconf 72' lang='lat' dir='ltr'><strong>nutem</strong></span> <span class='ocrx_word' id='word_1_49' title='bbox 238 830 330 874; x_wconf 82' lang='lat' dir='ltr'><strong>sensu</strong></span> <span class='ocrx_word' id='word_1_50' title='bbox 341 814 521 893; x_wconf 78' lang='lat' dir='ltr'><strong>percipitur,</strong></span> <span class='ocrx_word' id='word_1_51' title='bbox 533 814 634 877; x_wconf 75' lang='lat' dir='ltr'><strong>innoc</strong></span> <span class='ocrx_word' id='word_1_52' title='bbox 646 818 883 897; x_wconf 61' lang='lat' dir='ltr'><strong>proprinptsssa,</strong></span> <span class='ocrx_word' id='word_1_53' title='bbox 938 813 1090 895; x_wconf 87' lang='lat' dir='ltr'><strong>excerptis</strong></span> <span class='ocrx_word' id='word_1_54' title='bbox 1113 812 1290 875; x_wconf 73' lang='lat' dir='ltr'><strong>Philocalisa</strong></span> <span class='ocrx_word' id='word_1_55' title='bbox 1308 814 1407 895; x_wconf 87' lang='lat' dir='ltr'><strong>capite</strong></span> <span class='ocrx_word' id='word_1_56' title='bbox 1426 813 1527 894; x_wconf 89' lang='lat' dir='ltr'><strong>primo</strong></span> <span class='ocrx_word' id='word_1_57' title='bbox 1545 814 1703 893; x_wconf 88' lang='lat' dir='ltr'><strong>leguntur.</strong></span> 
     </span>
     <span class='ocr_line' id='line_1_6' title="bbox 126 905 1707 989; baseline 0 -21"><span class='ocrx_word' id='word_1_58' title='bbox 126 907 178 968; x_wconf 86' lang='lat' dir='ltr'><strong>boe</strong></span> <span class='ocrx_word' id='word_1_59' title='bbox 202 912 246 967; x_wconf 88' lang='lat' dir='ltr'><strong>est</strong></span> <span class='ocrx_word' id='word_1_60' title='bbox 272 913 372 967; x_wconf 82' lang='lat' dir='ltr'><strong>crtum</strong></span> <span class='ocrx_word' id='word_1_61' title='bbox 399 924 582 986; x_wconf 85' lang='lat' dir='ltr'><strong>congruere,</strong></span> <span class='ocrx_word' id='word_1_62' title='bbox 607 910 796 982; x_wconf 82' lang='lat' dir='ltr'><strong>rQuoniam</strong></span> <span class='ocrx_word' id='word_1_63' title='bbox 810 928 887 989; x_wconf 86' lang='lat' dir='ltr'><strong>ergo</strong></span> <span class='ocrx_word' id='word_1_64' title='bbox 938 906 1093 968; x_wconf 80' lang='lat' dir='ltr'><strong>Adversus</strong></span> <span class='ocrx_word' id='word_1_65' title='bbox 1105 905 1190 967; x_wconf 89' lang='lat' dir='ltr'><strong>bunc</strong></span> <span class='ocrx_word' id='word_1_66' title='bbox 1199 906 1444 985; x_wconf 74' lang='lat' dir='ltr'><strong>origenistarum</strong></span> <span class='ocrx_word' id='word_1_67' title='bbox 1457 922 1594 968; x_wconf 89' lang='lat' dir='ltr'><strong>errorem</strong></span> <span class='ocrx_word' id='word_1_68' title='bbox 1609 906 1707 968; x_wconf 88' lang='lat' dir='ltr'><strong>deela-</strong></span> 
     </span>
     <span class='ocr_line' id='line_1_7' title="bbox 125 996 1703 1079; baseline 0.001 -20"><span class='ocrx_word' id='word_1_69' title='bbox 125 996 314 1079; x_wconf 85' lang='lat' dir='ltr'><strong>aspectabilis,</strong></span> <span class='ocrx_word' id='word_1_70' title='bbox 343 1002 374 1059; x_wconf 89' lang='lat' dir='ltr'><strong>et</strong></span> <span class='ocrx_word' id='word_1_71' title='bbox 388 998 541 1059; x_wconf 88' lang='lat' dir='ltr'><strong>sensibilis</strong></span> <span class='ocrx_word' id='word_1_72' title='bbox 557 1004 603 1060; x_wconf 86' lang='lat' dir='ltr'><strong>est</strong></span> <span class='ocrx_word' id='word_1_73' title='bbox 614 1001 750 1062; x_wconf 89' lang='lat' dir='ltr'><strong>mundus</strong></span> <span class='ocrx_word' id='word_1_74' title='bbox 762 1004 828 1077; x_wconf 88' lang='lat' dir='ltr'><strong>iste,</strong></span> <span class='ocrx_word' id='word_1_75' title='bbox 842 1002 887 1062; x_wconf 85' lang='lat' dir='ltr'><strong>ait</strong></span> <span class='ocrx_word' id='word_1_76' title='bbox 937 1004 1004 1059; x_wconf 90' lang='lat' dir='ltr'><strong>mat</strong></span> <span class='ocrx_word' id='word_1_77' title='bbox 1018 997 1212 1078; x_wconf 82' lang='lat' dir='ltr'><strong>Sophronius</strong></span> <span class='ocrx_word' id='word_1_78' title='bbox 1226 1000 1523 1079; x_wconf 76' lang='lat' dir='ltr'><strong>Hierosolymitanus</strong></span> <span class='ocrx_word' id='word_1_79' title='bbox 1533 1000 1703 1078; x_wconf 89' lang='lat' dir='ltr'><strong>episcopus,</strong></span> 
     </span>
     <span class='ocr_line' id='line_1_8' title="bbox 127 1089 1704 1171; baseline 0.001 -20"><span class='ocrx_word' id='word_1_80' title='bbox 127 1090 216 1160; x_wconf 78' lang='lat' dir='ltr'><strong>rodo.</strong></span> <span class='ocrx_word' id='word_1_81' title='bbox 230 1107 354 1150; x_wconf 71' lang='lat' dir='ltr'><strong>nomme</strong></span> <span class='ocrx_word' id='word_1_82' title='bbox 374 1094 511 1155; x_wconf 83' lang='lat' dir='ltr'><strong>osteum</strong></span> <span class='ocrx_word' id='word_1_83' title='bbox 533 1110 598 1153; x_wconf 89' lang='lat' dir='ltr'><strong>esse</strong></span> <span class='ocrx_word' id='word_1_84' title='bbox 618 1092 780 1154; x_wconf 84' lang='lat' dir='ltr'><strong>laetitiam.</strong></span> <span class='ocrx_word' id='word_1_85' title='bbox 797 1094 886 1157; x_wconf 83' lang='lat' dir='ltr'><strong>Unde</strong></span> <span class='ocrx_word' id='word_1_86' title='bbox 939 1089 987 1150; x_wconf 88' lang='lat' dir='ltr'><strong>vir</strong></span> <span class='ocrx_word' id='word_1_87' title='bbox 1001 1090 1072 1169; x_wconf 86' lang='lat' dir='ltr'><strong>pius</strong></span> <span class='ocrx_word' id='word_1_88' title='bbox 1085 1091 1267 1152; x_wconf 88' lang='lat' dir='ltr'><strong>eteruditus</strong></span> <span class='ocrx_word' id='word_1_89' title='bbox 1280 1090 1314 1151; x_wconf 91' lang='lat' dir='ltr'><strong>in</strong></span> <span class='ocrx_word' id='word_1_90' title='bbox 1328 1090 1467 1171; x_wconf 86' lang='lat' dir='ltr'><strong>epistola,</strong></span> <span class='ocrx_word' id='word_1_91' title='bbox 1483 1092 1704 1171; x_wconf 84' lang='lat' dir='ltr'><strong>quamadSer·</strong></span> 
     </span>
     <span class='ocr_line' id='line_1_9' title="bbox 124 1180 1707 1265; baseline 0.001 -22"><span class='ocrx_word' id='word_1_92' title='bbox 124 1201 182 1244; x_wconf 87' lang='lat' dir='ltr'><strong>non</strong></span> <span class='ocrx_word' id='word_1_93' title='bbox 192 1181 325 1244; x_wconf 62' lang='lat' dir='ltr'><strong>morde</strong></span> <span class='ocrx_word' id='word_1_94' title='bbox 350 1181 435 1243; x_wconf 83' lang='lat' dir='ltr'><strong>illius</strong></span> <span class='ocrx_word' id='word_1_95' title='bbox 454 1188 560 1246; x_wconf 89' lang='lat' dir='ltr'><strong>ortum</strong></span> <span class='ocrx_word' id='word_1_96' title='bbox 579 1184 750 1265; x_wconf 85' lang='lat' dir='ltr'><strong>descripsit,</strong></span> <span class='ocrx_word' id='word_1_97' title='bbox 759 1203 886 1265; x_wconf 72' lang='lat' dir='ltr'><strong>greum</strong></span> <span class='ocrx_word' id='word_1_98' title='bbox 935 1180 1023 1259; x_wconf 81' lang='lat' dir='ltr'><strong>gium</strong></span> <span class='ocrx_word' id='word_1_99' title='bbox 1045 1182 1421 1261; x_wconf 75' lang='lat' dir='ltr'><strong>constantinopolitanum</strong></span> <span class='ocrx_word' id='word_1_100' title='bbox 1435 1182 1584 1263; x_wconf 77' lang='lat' dir='ltr'><strong>scripsit«</strong></span> <span class='ocrx_word' id='word_1_101' title='bbox 1600 1184 1661 1244; x_wconf 83' lang='lat' dir='ltr'><strong>Sed</strong></span> <span class='ocrx_word' id='word_1_102' title='bbox 1675 1189 1707 1245; x_wconf 89' lang='lat' dir='ltr'><strong>et</strong></span> 
     </span>
     <span class='ocr_line' id='line_1_10' title="bbox 124 1273 1701 1357; baseline 0.001 -21"><span class='ocrx_word' id='word_1_103' title='bbox 124 1274 281 1337; x_wconf 75' lang='lat' dir='ltr'><strong>admodum</strong></span> <span class='ocrx_word' id='word_1_104' title='bbox 297 1275 385 1336; x_wconf 82' lang='lat' dir='ltr'><strong>deso</strong></span> <span class='ocrx_word' id='word_1_105' title='bbox 398 1274 588 1354; x_wconf 88' lang='lat' dir='ltr'><strong>theologiam</strong></span> <span class='ocrx_word' id='word_1_106' title='bbox 600 1276 807 1357; x_wconf 59' lang='lat' dir='ltr'><strong>explicans.»</strong></span> <span class='ocrx_word' id='word_1_107' title='bbox 825 1278 883 1340; x_wconf 87' lang='lat' dir='ltr'><strong>Sed</strong></span> <span class='ocrx_word' id='word_1_108' title='bbox 935 1273 1005 1347; x_wconf 82' lang='lat' dir='ltr'><strong>alia,</strong></span> <span class='ocrx_word' id='word_1_109' title='bbox 1034 1273 1148 1353; x_wconf 86' lang='lat' dir='ltr'><strong>inquit,</strong></span> <span class='ocrx_word' id='word_1_110' title='bbox 1177 1273 1322 1353; x_wconf 87' lang='lat' dir='ltr'><strong>plurima,</strong></span> <span class='ocrx_word' id='word_1_111' title='bbox 1351 1281 1465 1356; x_wconf 84' lang='lat' dir='ltr'><strong>prester</strong></span> <span class='ocrx_word' id='word_1_112' title='bbox 1483 1275 1701 1355; x_wconf 82' lang='lat' dir='ltr'><strong>Apostolicam,</strong></span> 
     </span>
     <span class='ocr_line' id='line_1_11' title="bbox 124 1364 1702 1451; baseline 0.001 -22"><span class='ocrx_word' id='word_1_113' title='bbox 124 1364 299 1429; x_wconf 81' lang='lat' dir='ltr'><strong>eanilonis</strong></span> <span class='ocrx_word' id='word_1_114' title='bbox 318 1366 399 1431; x_wconf 84' lang='lat' dir='ltr'><strong>ratio</strong></span> <span class='ocrx_word' id='word_1_115' title='bbox 423 1366 463 1428; x_wconf 89' lang='lat' dir='ltr'><strong>ab</strong></span> <span class='ocrx_word' id='word_1_116' title='bbox 479 1368 594 1430; x_wconf 88' lang='lat' dir='ltr'><strong>nostris</strong></span> <span class='ocrx_word' id='word_1_117' title='bbox 611 1369 762 1450; x_wconf 86' lang='lat' dir='ltr'><strong>theologis</strong></span> <span class='ocrx_word' id='word_1_118' title='bbox 780 1371 886 1451; x_wconf 85' lang='lat' dir='ltr'><strong>explo-</strong></span> <span class='ocrx_word' id='word_1_119' title='bbox 934 1369 1158 1445; x_wconf 86' lang='lat' dir='ltr'><strong>paternamque</strong></span> <span class='ocrx_word' id='word_1_120' title='bbox 1175 1366 1378 1428; x_wconf 75' lang='lat' dir='ltr'><strong>traditionem</strong></span> <span class='ocrx_word' id='word_1_121' title='bbox 1391 1372 1528 1429; x_wconf 88' lang='lat' dir='ltr'><strong>nestram</strong></span> <span class='ocrx_word' id='word_1_122' title='bbox 1551 1375 1702 1443; x_wconf 86' lang='lat' dir='ltr'><strong>asserunt,</strong></span> 
     </span>
     <span class='ocr_line' id='line_1_12' title="bbox 123 1456 1704 1542; baseline 0.004 -26"><span class='ocrx_word' id='word_1_123' title='bbox 123 1458 205 1526; x_wconf 78' lang='lat' dir='ltr'><strong>ditur,</strong></span> <span class='ocrx_word' id='word_1_124' title='bbox 232 1458 289 1538; x_wconf 85' lang='lat' dir='ltr'><strong>qui</strong></span> <span class='ocrx_word' id='word_1_125' title='bbox 314 1457 461 1537; x_wconf 73' lang='lat' dir='ltr'><strong>Angelos,</strong></span> <span class='ocrx_word' id='word_1_126' title='bbox 491 1464 576 1523; x_wconf 85' lang='lat' dir='ltr'><strong>utet</strong></span> <span class='ocrx_word' id='word_1_127' title='bbox 599 1460 719 1522; x_wconf 77' lang='lat' dir='ltr'><strong>notione</strong></span> <span class='ocrx_word' id='word_1_128' title='bbox 742 1462 886 1542; x_wconf 68' lang='lat' dir='ltr'><strong>praelitas</strong></span> <span class='ocrx_word' id='word_1_129' title='bbox 934 1456 1071 1518; x_wconf 91' lang='lat' dir='ltr'><strong>Paradisi</strong></span> <span class='ocrx_word' id='word_1_130' title='bbox 1097 1457 1322 1537; x_wconf 77' lang='lat' dir='ltr'><strong>plantationem</strong></span> <span class='ocrx_word' id='word_1_131' title='bbox 1344 1465 1535 1540; x_wconf 80' lang='lat' dir='ltr'><strong>respuentes,</strong></span> <span class='ocrx_word' id='word_1_132' title='bbox 1557 1459 1591 1521; x_wconf 91' lang='lat' dir='ltr'><strong>in</strong></span> <span class='ocrx_word' id='word_1_133' title='bbox 1610 1480 1704 1522; x_wconf 89' lang='lat' dir='ltr'><strong>cerne</strong></span> 
     </span>
     <span class='ocr_line' id='line_1_13' title="bbox 122 1547 1703 1632; baseline 0 -17"><span class='ocrx_word' id='word_1_134' title='bbox 122 1551 240 1626; x_wconf 76' lang='lat' dir='ltr'><strong>mimus,</strong></span> <span class='ocrx_word' id='word_1_135' title='bbox 262 1567 368 1632; x_wconf 79' lang='lat' dir='ltr'><strong>neque</strong></span> <span class='ocrx_word' id='word_1_136' title='bbox 393 1568 559 1632; x_wconf 77' lang='lat' dir='ltr'><strong>corporeos</strong></span> <span class='ocrx_word' id='word_1_137' title='bbox 586 1559 885 1630; x_wconf 65' lang='lat' dir='ltr'><strong>auennensem</strong></span> <span class='ocrx_word' id='word_1_138' title='bbox 933 1547 1103 1610; x_wconf 78' lang='lat' dir='ltr'><strong>formatum</strong></span> <span class='ocrx_word' id='word_1_139' title='bbox 1115 1567 1179 1611; x_wconf 88' lang='lat' dir='ltr'><strong>esse</strong></span> <span class='ocrx_word' id='word_1_140' title='bbox 1198 1550 1298 1612; x_wconf 80' lang='lat' dir='ltr'><strong>Adam</strong></span> <span class='ocrx_word' id='word_1_141' title='bbox 1318 1559 1477 1631; x_wconf 78' lang='lat' dir='ltr'><strong>negantes,</strong></span> <span class='ocrx_word' id='word_1_142' title='bbox 1493 1557 1524 1613; x_wconf 91' lang='lat' dir='ltr'><strong>et</strong></span> <span class='ocrx_word' id='word_1_143' title='bbox 1539 1571 1578 1613; x_wconf 80' lang='lat' dir='ltr'><strong>ex</strong></span> <span class='ocrx_word' id='word_1_144' title='bbox 1591 1571 1628 1614; x_wconf 90' lang='lat' dir='ltr'><strong>eo</strong></span> <span class='ocrx_word' id='word_1_145' title='bbox 1641 1553 1703 1615; x_wconf 87' lang='lat' dir='ltr'><strong>fao-</strong></span> 
     </span>
     <span class='ocr_line' id='line_1_14' title="bbox 124 1640 1702 1726; baseline 0.004 -24"><span class='ocrx_word' id='word_1_146' title='bbox 124 1643 177 1703; x_wconf 88' lang='lat' dir='ltr'><strong>ileo</strong></span> <span class='ocrx_word' id='word_1_147' title='bbox 194 1641 401 1703; x_wconf 81' lang='lat' dir='ltr'><strong>nihilominus</strong></span> <span class='ocrx_word' id='word_1_148' title='bbox 419 1642 455 1703; x_wconf 86' lang='lat' dir='ltr'><strong>in</strong></span> <span class='ocrx_word' id='word_1_149' title='bbox 473 1648 613 1724; x_wconf 88' lang='lat' dir='ltr'><strong>tempore</strong></span> <span class='ocrx_word' id='word_1_150' title='bbox 627 1646 804 1725; x_wconf 88' lang='lat' dir='ltr'><strong>productos.</strong></span> <span class='ocrx_word' id='word_1_151' title='bbox 821 1646 884 1707; x_wconf 88' lang='lat' dir='ltr'><strong>Etsi</strong></span> <span class='ocrx_word' id='word_1_152' title='bbox 934 1645 999 1702; x_wconf 88' lang='lat' dir='ltr'><strong>tam</strong></span> <span class='ocrx_word' id='word_1_153' title='bbox 1013 1642 1084 1702; x_wconf 80' lang='lat' dir='ltr'><strong>Evae</strong></span> <span class='ocrx_word' id='word_1_154' title='bbox 1098 1640 1319 1704; x_wconf 89' lang='lat' dir='ltr'><strong>formationem</strong></span> <span class='ocrx_word' id='word_1_155' title='bbox 1338 1647 1562 1724; x_wconf 82' lang='lat' dir='ltr'><strong>vituperantes,</strong></span> <span class='ocrx_word' id='word_1_156' title='bbox 1577 1663 1702 1726; x_wconf 89' lang='lat' dir='ltr'><strong>serpen·</strong></span> 
     </span>
     <span class='ocr_line' id='line_1_15' title="bbox 122 1732 1340 1816; baseline -0.002 -21"><span class='ocrx_word' id='word_1_157' title='bbox 122 1733 155 1795; x_wconf 86' lang='lat' dir='ltr'><strong>de</strong></span> <span class='ocrx_word' id='word_1_158' title='bbox 164 1734 285 1814; x_wconf 74' lang='lat' dir='ltr'><strong>Angelis</strong></span> <span class='ocrx_word' id='word_1_159' title='bbox 299 1740 420 1796; x_wconf 84' lang='lat' dir='ltr'><strong>veteres</strong></span> <span class='ocrx_word' id='word_1_160' title='bbox 433 1735 561 1814; x_wconf 86' lang='lat' dir='ltr'><strong>quidam</strong></span> <span class='ocrx_word' id='word_1_161' title='bbox 574 1738 761 1816; x_wconf 81' lang='lat' dir='ltr'><strong>existimant,</strong></span> <span class='ocrx_word' id='word_1_162' title='bbox 776 1756 886 1800; x_wconf 89' lang='lat' dir='ltr'><strong>eorum</strong></span> <span class='ocrx_word' id='word_1_163' title='bbox 933 1732 973 1795; x_wconf 84' lang='lat' dir='ltr'><strong>tis</strong></span> <span class='ocrx_word' id='word_1_164' title='bbox 987 1750 1095 1795; x_wconf 82' lang='lat' dir='ltr'><strong>vocem</strong></span> <span class='ocrx_word' id='word_1_165' title='bbox 1108 1733 1276 1796; x_wconf 86' lang='lat' dir='ltr'><strong>refutantes</strong></span> <span class='ocrx_word' id='word_1_166' title='bbox 1286 1734 1308 1795; x_wconf 79' lang='lat' dir='ltr'><strong>l.</strong></span> <span class='ocrx_word' id='word_1_167' title='bbox 1324 1757 1340 1793; x_wconf 85' lang='lat' dir='ltr'><strong>s</strong></span> 
     </span>
     <span class='ocr_line' id='line_1_16' title="bbox 123 1825 1700 1906; baseline 0.002 -19"><span class='ocrx_word' id='word_1_168' title='bbox 123 1826 172 1887; x_wconf 82' lang='lat' dir='ltr'><strong>rub</strong></span> <span class='ocrx_word' id='word_1_169' title='bbox 197 1827 274 1888; x_wconf 88' lang='lat' dir='ltr'><strong>lueis</strong></span> <span class='ocrx_word' id='word_1_170' title='bbox 300 1826 447 1903; x_wconf 85' lang='lat' dir='ltr'><strong>nomine,</strong></span> <span class='ocrx_word' id='word_1_171' title='bbox 473 1847 509 1890; x_wconf 92' lang='lat' dir='ltr'><strong>ae</strong></span> <span class='ocrx_word' id='word_1_172' title='bbox 528 1830 684 1891; x_wconf 85' lang='lat' dir='ltr'><strong>mentione</strong></span> <span class='ocrx_word' id='word_1_173' title='bbox 707 1831 885 1893; x_wconf 86' lang='lat' dir='ltr'><strong>meminisse</strong></span> <span class='ocrx_word' id='word_1_174' title='bbox 974 1825 1336 1905; x_wconf 84' lang='lat' dir='ltr'><strong>DehacOrigenistarum</strong></span> <span class='ocrx_word' id='word_1_175' title='bbox 1350 1827 1480 1903; x_wconf 89' lang='lat' dir='ltr'><strong>insania,</strong></span> <span class='ocrx_word' id='word_1_176' title='bbox 1497 1829 1597 1891; x_wconf 90' lang='lat' dir='ltr'><strong>utiras</strong></span> <span class='ocrx_word' id='word_1_177' title='bbox 1613 1828 1700 1906; x_wconf 86' lang='lat' dir='ltr'><strong>ieret,</strong></span> 
     </span>
     <span class='ocr_line' id='line_1_17' title="bbox 123 1917 1703 2002; baseline 0.001 -23"><span class='ocrx_word' id='word_1_178' title='bbox 123 1918 237 1995; x_wconf 77' lang='lat' dir='ltr'><strong>limem,</strong></span> <span class='ocrx_word' id='word_1_179' title='bbox 254 1925 293 1980; x_wconf 92' lang='lat' dir='ltr'><strong>ut</strong></span> <span class='ocrx_word' id='word_1_180' title='bbox 307 1919 515 1996; x_wconf 81' lang='lat' dir='ltr'><strong>Augustinus3</strong></span> <span class='ocrx_word' id='word_1_181' title='bbox 531 1922 658 2002; x_wconf 88' lang='lat' dir='ltr'><strong>dequo,</strong></span> <span class='ocrx_word' id='word_1_182' title='bbox 673 1923 728 1983; x_wconf 92' lang='lat' dir='ltr'><strong>ubi</strong></span> <span class='ocrx_word' id='word_1_183' title='bbox 741 1923 780 1985; x_wconf 90' lang='lat' dir='ltr'><strong>ad</strong></span> <span class='ocrx_word' id='word_1_184' title='bbox 794 1923 884 1984; x_wconf 87' lang='lat' dir='ltr'><strong>illum</strong></span> <span class='ocrx_word' id='word_1_185' title='bbox 933 1918 1067 1997; x_wconf 88' lang='lat' dir='ltr'><strong>propriis</strong></span> <span class='ocrx_word' id='word_1_186' title='bbox 1076 1917 1110 1981; x_wconf 90' lang='lat' dir='ltr'><strong>in</strong></span> <span class='ocrx_word' id='word_1_187' title='bbox 1121 1918 1338 1998; x_wconf 73' lang='lat' dir='ltr'><strong>loobagemus.</strong></span> <span class='ocrx_word' id='word_1_188' title='bbox 1355 1920 1484 1982; x_wconf 85' lang='lat' dir='ltr'><strong>Interim</strong></span> <span class='ocrx_word' id='word_1_189' title='bbox 1491 1921 1551 1983; x_wconf 87' lang='lat' dir='ltr'><strong>boe</strong></span> <span class='ocrx_word' id='word_1_190' title='bbox 1559 1921 1703 1983; x_wconf 87' lang='lat' dir='ltr'><strong>universe</strong></span> 
     </span>
     <span class='ocr_line' id='line_1_18' title="bbox 122 2010 1702 2094; baseline 0.002 -22"><span class='ocrx_word' id='word_1_191' title='bbox 122 2010 214 2073; x_wconf 85' lang='lat' dir='ltr'><strong>locum</strong></span> <span class='ocrx_word' id='word_1_192' title='bbox 221 2012 415 2089; x_wconf 77' lang='lat' dir='ltr'><strong>venerimus,</strong></span> <span class='ocrx_word' id='word_1_193' title='bbox 430 2012 655 2091; x_wconf 88' lang='lat' dir='ltr'><strong>disputandum</strong></span> <span class='ocrx_word' id='word_1_194' title='bbox 669 2015 737 2076; x_wconf 86' lang='lat' dir='ltr'><strong>erit.</strong></span> <span class='ocrx_word' id='word_1_195' title='bbox 934 2010 1117 2071; x_wconf 80' lang='lat' dir='ltr'><strong>statuimus:</strong></span> <span class='ocrx_word' id='word_1_196' title='bbox 1143 2029 1214 2090; x_wconf 79' lang='lat' dir='ltr'><strong>quae</strong></span> <span class='ocrx_word' id='word_1_197' title='bbox 1238 2012 1277 2073; x_wconf 89' lang='lat' dir='ltr'><strong>de</strong></span> <span class='ocrx_word' id='word_1_198' title='bbox 1289 2013 1400 2073; x_wconf 89' lang='lat' dir='ltr'><strong>mundi</strong></span> <span class='ocrx_word' id='word_1_199' title='bbox 1420 2015 1559 2083; x_wconf 87' lang='lat' dir='ltr'><strong>conditu,</strong></span> <span class='ocrx_word' id='word_1_200' title='bbox 1576 2014 1702 2094; x_wconf 85' lang='lat' dir='ltr'><strong>ejusque</strong></span> 
     </span>
     <span class='ocr_line' id='line_1_19' title="bbox 18 2102 1827 2185; baseline 0.003 -22"><span class='ocrx_word' id='word_1_201' title='bbox 18 2128 86 2185; x_wconf 51' lang='lat' dir='ltr'><strong>m</strong></span> <span class='ocrx_word' id='word_1_202' title='bbox 154 2103 205 2164; x_wconf 90' lang='lat' dir='ltr'><strong>Hic</strong></span> <span class='ocrx_word' id='word_1_203' title='bbox 222 2123 299 2165; x_wconf 81' lang='lat' dir='ltr'><strong>vero</strong></span> <span class='ocrx_word' id='word_1_204' title='bbox 325 2103 551 2165; x_wconf 89' lang='lat' dir='ltr'><strong>nonnullorum</strong></span> <span class='ocrx_word' id='word_1_205' title='bbox 572 2124 637 2166; x_wconf 90' lang='lat' dir='ltr'><strong>non</strong></span> <span class='ocrx_word' id='word_1_206' title='bbox 651 2106 729 2168; x_wconf 88' lang='lat' dir='ltr'><strong>falsa</strong></span> <span class='ocrx_word' id='word_1_207' title='bbox 747 2112 881 2176; x_wconf 90' lang='lat' dir='ltr'><strong>tantum,</strong></span> <span class='ocrx_word' id='word_1_208' title='bbox 934 2118 986 2163; x_wconf 87' lang='lat' dir='ltr'><strong>sex</strong></span> <span class='ocrx_word' id='word_1_209' title='bbox 1001 2102 1122 2163; x_wconf 89' lang='lat' dir='ltr'><strong>dierum</strong></span> <span class='ocrx_word' id='word_1_210' title='bbox 1141 2102 1239 2183; x_wconf 86' lang='lat' dir='ltr'><strong>spatio</strong></span> <span class='ocrx_word' id='word_1_211' title='bbox 1252 2102 1416 2164; x_wconf 84' lang='lat' dir='ltr'><strong>elaboratis</strong></span> <span class='ocrx_word' id='word_1_212' title='bbox 1433 2105 1702 2184; x_wconf 88' lang='lat' dir='ltr'><strong>partibusaMose</strong></span> <span class='ocrx_word' id='word_1_213' title='bbox 1823 2114 1827 2119; x_wconf 87' lang='lat'>&#39;</span> 
     </span>
     <span class='ocr_line' id='line_1_20' title="bbox 18 2184 1699 2289; baseline 0.002 -33"><span class='ocrx_word' id='word_1_214' title='bbox 18 2184 104 2289; x_wconf 51' lang='lat' dir='ltr'><strong>m</strong></span> <span class='ocrx_word' id='word_1_215' title='bbox 122 2196 167 2256; x_wconf 84' lang='lat' dir='ltr'><strong>sed</strong></span> <span class='ocrx_word' id='word_1_216' title='bbox 189 2196 283 2257; x_wconf 89' lang='lat' dir='ltr'><strong>etiam</strong></span> <span class='ocrx_word' id='word_1_217' title='bbox 303 2195 478 2276; x_wconf 87' lang='lat' dir='ltr'><strong>periculosa</strong></span> <span class='ocrx_word' id='word_1_218' title='bbox 501 2198 636 2258; x_wconf 88' lang='lat' dir='ltr'><strong>notanda</strong></span> <span class='ocrx_word' id='word_1_219' title='bbox 650 2200 881 2275; x_wconf 83' lang='lat' dir='ltr'><strong>sententiecst3</strong></span> <span class='ocrx_word' id='word_1_220' title='bbox 934 2194 1094 2255; x_wconf 80' lang='lat' dir='ltr'><strong>memoria</strong></span> <span class='ocrx_word' id='word_1_221' title='bbox 1107 2195 1321 2273; x_wconf 88' lang='lat' dir='ltr'><strong>proditasunt,</strong></span> <span class='ocrx_word' id='word_1_222' title='bbox 1334 2201 1589 2259; x_wconf 89' lang='lat' dir='ltr'><strong>tumreveraesse</strong></span> <span class='ocrx_word' id='word_1_223' title='bbox 1603 2205 1699 2279; x_wconf 83' lang='lat' dir='ltr'><strong>gesta,</strong></span> 
     </span>
     <span class='ocr_line' id='line_1_21' title="bbox 18 2284 1702 2397; baseline 0.002 -49"><span class='ocrx_word' id='word_1_224' title='bbox 18 2284 91 2397; x_wconf 54' lang='lat' dir='ltr'><strong>m</strong></span> <span class='ocrx_word' id='word_1_225' title='bbox 121 2287 249 2366; x_wconf 79' lang='lat' dir='ltr'><strong>qssinibil</strong></span> <span class='ocrx_word' id='word_1_226' title='bbox 263 2307 285 2348; x_wconf 89' lang='lat' dir='ltr'><strong>a</strong></span> <span class='ocrx_word' id='word_1_227' title='bbox 298 2289 384 2348; x_wconf 87' lang='lat' dir='ltr'><strong>illese</strong></span> <span class='ocrx_word' id='word_1_228' title='bbox 398 2305 546 2367; x_wconf 80' lang='lat' dir='ltr'><strong>crassum,</strong></span> <span class='ocrx_word' id='word_1_229' title='bbox 564 2296 595 2353; x_wconf 89' lang='lat' dir='ltr'><strong>et</strong></span> <span class='ocrx_word' id='word_1_230' title='bbox 613 2308 797 2371; x_wconf 84' lang='lat' dir='ltr'><strong>corporeum</strong></span> <span class='ocrx_word' id='word_1_231' title='bbox 815 2310 885 2351; x_wconf 91' lang='lat' dir='ltr'><strong>nar·</strong></span> <span class='ocrx_word' id='word_1_232' title='bbox 934 2285 1055 2347; x_wconf 89' lang='lat' dir='ltr'><strong>tumab</strong></span> <span class='ocrx_word' id='word_1_233' title='bbox 1068 2286 1122 2348; x_wconf 91' lang='lat' dir='ltr'><strong>illo</strong></span> <span class='ocrx_word' id='word_1_234' title='bbox 1136 2287 1281 2349; x_wconf 87' lang='lat' dir='ltr'><strong>historico</strong></span> <span class='ocrx_word' id='word_1_235' title='bbox 1296 2306 1361 2349; x_wconf 89' lang='lat' dir='ltr'><strong>esse</strong></span> <span class='ocrx_word' id='word_1_236' title='bbox 1375 2307 1463 2351; x_wconf 89' lang='lat' dir='ltr'><strong>more</strong></span> <span class='ocrx_word' id='word_1_237' title='bbox 1481 2290 1641 2371; x_wconf 84' lang='lat' dir='ltr'><strong>descripta.</strong></span> <span class='ocrx_word' id='word_1_238' title='bbox 1659 2292 1702 2352; x_wconf 80' lang='lat' dir='ltr'><strong>Ac</strong></span> 
     </span>
     <span class='ocr_line' id='line_1_22' title="bbox 18 2373 1701 2462; baseline 0.003 -22"><span class='ocrx_word' id='word_1_239' title='bbox 18 2394 19 2397; x_wconf 72' lang='grc'>’</span> <span class='ocrx_word' id='word_1_240' title='bbox 91 2373 96 2388; x_wconf 84' lang='grc'><em>’</em></span> <span class='ocrx_word' id='word_1_241' title='bbox 121 2380 885 2462; x_wconf 85' lang='lat' dir='ltr'><strong>rationeistacomprebendivolunt,sedirrtelligibi-</strong></span> <span class='ocrx_word' id='word_1_242' title='bbox 933 2383 1057 2440; x_wconf 87' lang='lat' dir='ltr'><strong>tantum</strong></span> <span class='ocrx_word' id='word_1_243' title='bbox 1074 2379 1224 2441; x_wconf 88' lang='lat' dir='ltr'><strong>absumus</strong></span> <span class='ocrx_word' id='word_1_244' title='bbox 1237 2379 1277 2440; x_wconf 89' lang='lat' dir='ltr'><strong>ab</strong></span> <span class='ocrx_word' id='word_1_245' title='bbox 1291 2398 1340 2457; x_wconf 89' lang='lat' dir='ltr'><strong>eo,</strong></span> <span class='ocrx_word' id='word_1_246' title='bbox 1355 2387 1392 2441; x_wconf 90' lang='lat' dir='ltr'><strong>ut</strong></span> <span class='ocrx_word' id='word_1_247' title='bbox 1403 2399 1473 2460; x_wconf 79' lang='lat' dir='ltr'><strong>qua</strong></span> <span class='ocrx_word' id='word_1_248' title='bbox 1489 2383 1527 2444; x_wconf 90' lang='lat' dir='ltr'><strong>de</strong></span> <span class='ocrx_word' id='word_1_249' title='bbox 1541 2383 1621 2459; x_wconf 88' lang='lat' dir='ltr'><strong>coeli,</strong></span> <span class='ocrx_word' id='word_1_250' title='bbox 1637 2389 1701 2444; x_wconf 90' lang='lat' dir='ltr'><strong>ter-</strong></span> 
     </span>
     <span class='ocr_line' id='line_1_23' title="bbox 121 2471 1702 2555; baseline 0.004 -24"><span class='ocrx_word' id='word_1_251' title='bbox 121 2471 884 2553; x_wconf 86' lang='lat' dir='ltr'><strong>lieomniaetasensibusremota,quaesensibilibus</strong></span> <span class='ocrx_word' id='word_1_252' title='bbox 933 2489 1039 2551; x_wconf 82' lang='lat' dir='ltr'><strong>raeque</strong></span> <span class='ocrx_word' id='word_1_253' title='bbox 1069 2472 1246 2549; x_wconf 79' lang='lat' dir='ltr'><strong>creatione,</strong></span> <span class='ocrx_word' id='word_1_254' title='bbox 1281 2491 1317 2534; x_wconf 90' lang='lat' dir='ltr'><strong>ae</strong></span> <span class='ocrx_word' id='word_1_255' title='bbox 1351 2473 1473 2535; x_wconf 87' lang='lat' dir='ltr'><strong>dicrum</strong></span> <span class='ocrx_word' id='word_1_256' title='bbox 1506 2474 1702 2555; x_wconf 85' lang='lat' dir='ltr'><strong>singulorum</strong></span> 
     </span>
     <span class='ocr_line' id='line_1_24' title="bbox 123 2562 1703 2648; baseline 0.003 -24"><span class='ocrx_word' id='word_1_257' title='bbox 123 2563 223 2640; x_wconf 87' lang='lat' dir='ltr'><strong>rebus,</strong></span> <span class='ocrx_word' id='word_1_258' title='bbox 253 2564 345 2626; x_wconf 72' lang='lat' dir='ltr'><strong>velut</strong></span> <span class='ocrx_word' id='word_1_259' title='bbox 365 2563 485 2643; x_wconf 84' lang='lat' dir='ltr'><strong>figuris,</strong></span> <span class='ocrx_word' id='word_1_260' title='bbox 510 2565 749 2627; x_wconf 88' lang='lat' dir='ltr'><strong>adumbrantur.</strong></span> <span class='ocrx_word' id='word_1_261' title='bbox 778 2568 883 2647; x_wconf 86' lang='lat' dir='ltr'><strong>ltaque</strong></span> <span class='ocrx_word' id='word_1_262' title='bbox 933 2562 1055 2642; x_wconf 83' lang='lat' dir='ltr'><strong>opificio</strong></span> <span class='ocrx_word' id='word_1_263' title='bbox 1083 2563 1214 2644; x_wconf 82' lang='lat' dir='ltr'><strong>scripsit,</strong></span> <span class='ocrx_word' id='word_1_264' title='bbox 1239 2564 1415 2644; x_wconf 85' lang='lat' dir='ltr'><strong>spirituales</strong></span> <span class='ocrx_word' id='word_1_265' title='bbox 1442 2566 1481 2627; x_wconf 90' lang='lat' dir='ltr'><strong>ad</strong></span> <span class='ocrx_word' id='word_1_266' title='bbox 1494 2567 1598 2628; x_wconf 90' lang='lat' dir='ltr'><strong>neseio</strong></span> <span class='ocrx_word' id='word_1_267' title='bbox 1625 2587 1703 2648; x_wconf 88' lang='lat' dir='ltr'><strong>quas</strong></span> 
     </span>
     <span class='ocr_line' id='line_1_25' title="bbox 123 2655 1702 2738; baseline 0.003 -22"><span class='ocrx_word' id='word_1_268' title='bbox 123 2660 207 2717; x_wconf 87' lang='lat' dir='ltr'><strong>totam</strong></span> <span class='ocrx_word' id='word_1_269' title='bbox 214 2655 884 2738; x_wconf 85' lang='lat' dir='ltr'><strong>lmncmnndiorientishistoriamfiguratam</strong></span> <span class='ocrx_word' id='word_1_270' title='bbox 933 2655 1202 2736; x_wconf 84' lang='lat' dir='ltr'><strong>interpretationes</strong></span> <span class='ocrx_word' id='word_1_271' title='bbox 1216 2657 1376 2719; x_wconf 80' lang='lat' dir='ltr'><strong>transferri</strong></span> <span class='ocrx_word' id='word_1_272' title='bbox 1396 2658 1561 2738; x_wconf 88' lang='lat' dir='ltr'><strong>patiamur,</strong></span> <span class='ocrx_word' id='word_1_273' title='bbox 1583 2660 1702 2722; x_wconf 90' lang='lat' dir='ltr'><strong>nullam</strong></span> 
     </span>
     <span class='ocr_line' id='line_1_26' title="bbox 123 2748 1702 2832; baseline 0.003 -23"><span class='ocrx_word' id='word_1_274' title='bbox 123 2755 150 2808; x_wconf 80' lang='lat' dir='ltr'><strong>a</strong></span> <span class='ocrx_word' id='word_1_275' title='bbox 160 2749 355 2829; x_wconf 86' lang='lat' dir='ltr'><strong>allegoricam</strong></span> <span class='ocrx_word' id='word_1_276' title='bbox 363 2767 429 2810; x_wconf 88' lang='lat' dir='ltr'><strong>esse</strong></span> <span class='ocrx_word' id='word_1_277' title='bbox 443 2749 572 2825; x_wconf 83' lang='lat' dir='ltr'><strong>doeent3</strong></span> <span class='ocrx_word' id='word_1_278' title='bbox 587 2755 737 2831; x_wconf 88' lang='lat' dir='ltr'><strong>tanquam</strong></span> <span class='ocrx_word' id='word_1_279' title='bbox 751 2751 883 2813; x_wconf 91' lang='lat' dir='ltr'><strong>absurde</strong></span> <span class='ocrx_word' id='word_1_280' title='bbox 932 2748 1014 2809; x_wconf 82' lang='lat' dir='ltr'><strong>utin</strong></span> <span class='ocrx_word' id='word_1_281' title='bbox 1024 2754 1089 2809; x_wconf 86' lang='lat' dir='ltr'><strong>tola</strong></span> <span class='ocrx_word' id='word_1_282' title='bbox 1107 2748 1160 2809; x_wconf 87' lang='lat' dir='ltr'><strong>illa</strong></span> <span class='ocrx_word' id='word_1_283' title='bbox 1172 2749 1363 2822; x_wconf 86' lang='lat' dir='ltr'><strong>narratione,</strong></span> <span class='ocrx_word' id='word_1_284' title='bbox 1385 2751 1444 2811; x_wconf 88' lang='lat' dir='ltr'><strong>uisi</strong></span> <span class='ocrx_word' id='word_1_285' title='bbox 1468 2766 1702 2832; x_wconf 79' lang='lat' dir='ltr'><strong>corporatorum</strong></span> 
     </span>
     <span class='ocr_line' id='line_1_27' title="bbox 122 2840 1703 2925; baseline 0.003 -24"><span class='ocrx_word' id='word_1_286' title='bbox 122 2840 277 2915; x_wconf 87' lang='lat' dir='ltr'><strong>issentist,</strong></span> <span class='ocrx_word' id='word_1_287' title='bbox 304 2842 372 2920; x_wconf 89' lang='lat' dir='ltr'><strong>qui,</strong></span> <span class='ocrx_word' id='word_1_288' title='bbox 399 2860 482 2913; x_wconf 83' lang='lat' dir='ltr'><strong>essm,</strong></span> <span class='ocrx_word' id='word_1_289' title='bbox 514 2842 649 2921; x_wconf 86' lang='lat' dir='ltr'><strong>exempli</strong></span> <span class='ocrx_word' id='word_1_290' title='bbox 668 2861 770 2919; x_wconf 87' lang='lat' dir='ltr'><strong>causa,</strong></span> <span class='ocrx_word' id='word_1_291' title='bbox 795 2843 880 2924; x_wconf 85' lang='lat' dir='ltr'><strong>legit,</strong></span> <span class='ocrx_word' id='word_1_292' title='bbox 932 2857 1049 2915; x_wconf 87' lang='lat' dir='ltr'><strong>rerum,</strong></span> <span class='ocrx_word' id='word_1_293' title='bbox 1064 2842 1256 2902; x_wconf 90' lang='lat' dir='ltr'><strong>mentionem</strong></span> <span class='ocrx_word' id='word_1_294' title='bbox 1266 2847 1412 2921; x_wconf 90' lang='lat' dir='ltr'><strong>putemus</strong></span> <span class='ocrx_word' id='word_1_295' title='bbox 1426 2841 1566 2919; x_wconf 88' lang='lat' dir='ltr'><strong>lieri;de</strong></span> <span class='ocrx_word' id='word_1_296' title='bbox 1576 2844 1703 2925; x_wconf 81' lang='lat' dir='ltr'><strong>Angelis</strong></span> 
     </span>
     <span class='ocr_line' id='line_1_28' title="bbox 18 2932 1702 3015; baseline 0.006 -26"><span class='ocrx_word' id='word_1_297' title='bbox 18 2986 19 2989; x_wconf 74' lang='grc'>,</span> <span class='ocrx_word' id='word_1_298' title='bbox 122 2933 221 2995; x_wconf 70' lang='lat' dir='ltr'><strong>dirime</strong></span> <span class='ocrx_word' id='word_1_299' title='bbox 233 2934 339 2995; x_wconf 83' lang='lat' dir='ltr'><strong>Deum</strong></span> <span class='ocrx_word' id='word_1_300' title='bbox 353 2932 431 2994; x_wconf 78' lang='lat' dir='ltr'><strong>Fiat</strong></span> <span class='ocrx_word' id='word_1_301' title='bbox 448 2932 514 3008; x_wconf 79' lang='lat' dir='ltr'><strong>lus,</strong></span> <span class='ocrx_word' id='word_1_302' title='bbox 538 2933 640 2995; x_wconf 89' lang='lat' dir='ltr'><strong>lucem</strong></span> <span class='ocrx_word' id='word_1_303' title='bbox 662 2935 749 2997; x_wconf 90' lang='lat' dir='ltr'><strong>illam</strong></span> <span class='ocrx_word' id='word_1_304' title='bbox 769 2935 883 3015; x_wconf 86' lang='lat' dir='ltr'><strong>signifi-</strong></span> <span class='ocrx_word' id='word_1_305' title='bbox 932 2950 1017 3008; x_wconf 88' lang='lat' dir='ltr'><strong>vero,</strong></span> <span class='ocrx_word' id='word_1_306' title='bbox 1041 2934 1220 3012; x_wconf 77' lang='lat' dir='ltr'><strong>caterisque</strong></span> <span class='ocrx_word' id='word_1_307' title='bbox 1241 2951 1370 3014; x_wconf 86' lang='lat' dir='ltr'><strong>corpore</strong></span> <span class='ocrx_word' id='word_1_308' title='bbox 1389 2935 1564 2995; x_wconf 89' lang='lat' dir='ltr'><strong>carentibus</strong></span> <span class='ocrx_word' id='word_1_309' title='bbox 1585 2937 1702 2999; x_wconf 83' lang='lat' dir='ltr'><strong>Mosam</strong></span> 
     </span>
     <span class='ocr_line' id='line_1_29' title="bbox 122 3018 1702 3106; baseline 0.004 -22"><span class='ocrx_word' id='word_1_310' title='bbox 122 3025 176 3084; x_wconf 81' lang='lat' dir='ltr'><strong>rari</strong></span> <span class='ocrx_word' id='word_1_311' title='bbox 191 3032 280 3106; x_wconf 86' lang='lat' dir='ltr'><strong>patet</strong></span> <span class='ocrx_word' id='word_1_312' title='bbox 312 3042 409 3105; x_wconf 91' lang='lat' dir='ltr'><strong>quam</strong></span> <span class='ocrx_word' id='word_1_313' title='bbox 423 3018 519 3086; x_wconf 89' lang='lat' dir='ltr'><strong>oculis</strong></span> <span class='ocrx_word' id='word_1_314' title='bbox 533 3026 698 3105; x_wconf 80' lang='lat' dir='ltr'><strong>aspicimus</strong></span> <span class='ocrx_word' id='word_1_315' title='bbox 714 3047 722 3103; x_wconf 90' lang='lat'>;</span> <span class='ocrx_word' id='word_1_316' title='bbox 738 3027 881 3104; x_wconf 86' lang='lat' dir='ltr'><strong>autcoeli,</strong></span> <span class='ocrx_word' id='word_1_317' title='bbox 932 3024 1061 3087; x_wconf 87' lang='lat' dir='ltr'><strong>omuino</strong></span> <span class='ocrx_word' id='word_1_318' title='bbox 1082 3025 1232 3105; x_wconf 69' lang='lat' dir='ltr'><strong>mcubse3</strong></span> <span class='ocrx_word' id='word_1_319' title='bbox 1260 3046 1276 3082; x_wconf 89' lang='grc' dir='ltr'><strong>ιι</strong></span> <span class='ocrx_word' id='word_1_320' title='bbox 1297 3025 1386 3098; x_wconf 90' lang='lat' dir='ltr'><strong>Nam,</strong></span> <span class='ocrx_word' id='word_1_321' title='bbox 1414 3044 1487 3087; x_wconf 90' lang='lat' dir='ltr'><strong>eum</strong></span> <span class='ocrx_word' id='word_1_322' title='bbox 1513 3026 1553 3087; x_wconf 87' lang='lat' dir='ltr'><strong>ad</strong></span> <span class='ocrx_word' id='word_1_323' title='bbox 1575 3028 1702 3090; x_wconf 85' lang='lat' dir='ltr'><strong>Judasos</strong></span> 
     </span>
     <span class='ocr_line' id='line_1_30' title="bbox 122 3115 1702 3199; baseline 0.004 -23"><span class='ocrx_word' id='word_1_324' title='bbox 122 3135 152 3177; x_wconf 86' lang='lat' dir='ltr'><strong>ac</strong></span> <span class='ocrx_word' id='word_1_325' title='bbox 167 3117 357 3179; x_wconf 86' lang='lat' dir='ltr'><strong>firmamenti</strong></span> <span class='ocrx_word' id='word_1_326' title='bbox 382 3118 509 3178; x_wconf 90' lang='lat' dir='ltr'><strong>nomine</strong></span> <span class='ocrx_word' id='word_1_327' title='bbox 535 3118 619 3179; x_wconf 86' lang='lat' dir='ltr'><strong>aliud</strong></span> <span class='ocrx_word' id='word_1_328' title='bbox 644 3137 707 3179; x_wconf 91' lang='lat' dir='ltr'><strong>non</strong></span> <span class='ocrx_word' id='word_1_329' title='bbox 726 3119 880 3199; x_wconf 87' lang='lat' dir='ltr'><strong>intelligit,</strong></span> <span class='ocrx_word' id='word_1_330' title='bbox 932 3115 1027 3177; x_wconf 78' lang='lat' dir='ltr'><strong>rerba</strong></span> <span class='ocrx_word' id='word_1_331' title='bbox 1041 3116 1163 3191; x_wconf 86' lang='lat' dir='ltr'><strong>iaceret,</strong></span> <span class='ocrx_word' id='word_1_332' title='bbox 1185 3117 1240 3195; x_wconf 85' lang='lat' dir='ltr'><strong>qui</strong></span> <span class='ocrx_word' id='word_1_333' title='bbox 1252 3117 1458 3196; x_wconf 88' lang='lat' dir='ltr'><strong>praesentibus</strong></span> <span class='ocrx_word' id='word_1_334' title='bbox 1478 3119 1598 3198; x_wconf 84' lang='lat' dir='ltr'><strong>perdite</strong></span> <span class='ocrx_word' id='word_1_335' title='bbox 1612 3127 1702 3182; x_wconf 91' lang='lat' dir='ltr'><strong>erant</strong></span> 
     </span>
     <span class='ocr_line' id='line_1_31' title="bbox 123 3208 1702 3291; baseline 0.003 -21"><span class='ocrx_word' id='word_1_336' title='bbox 123 3209 880 3290; x_wconf 85' lang='lat' dir='ltr'><strong>quamquodproprievocabulsistademonstrant.</strong></span> <span class='ocrx_word' id='word_1_337' title='bbox 934 3208 1028 3284; x_wconf 82' lang='lat' dir='ltr'><strong>affixi,</strong></span> <span class='ocrx_word' id='word_1_338' title='bbox 1051 3226 1107 3269; x_wconf 88' lang='lat' dir='ltr'><strong>nec</strong></span> <span class='ocrx_word' id='word_1_339' title='bbox 1129 3208 1322 3288; x_wconf 74' lang='lat' dir='ltr'><strong>intelligibile</strong></span> <span class='ocrx_word' id='word_1_340' title='bbox 1345 3210 1517 3289; x_wconf 88' lang='lat' dir='ltr'><strong>quidquem</strong></span> <span class='ocrx_word' id='word_1_341' title='bbox 1537 3210 1702 3291; x_wconf 80' lang='lat' dir='ltr'><strong>imaginari</strong></span> 
     </span>
     <span class='ocr_line' id='line_1_32' title="bbox 124 3299 1701 3382; baseline 0.003 -21"><span class='ocrx_word' id='word_1_342' title='bbox 124 3302 199 3363; x_wconf 85' lang='lat' dir='ltr'><strong>Unus</strong></span> <span class='ocrx_word' id='word_1_343' title='bbox 210 3303 262 3363; x_wconf 89' lang='lat' dir='ltr'><strong>bie</strong></span> <span class='ocrx_word' id='word_1_344' title='bbox 275 3321 319 3364; x_wconf 77' lang='lat' dir='ltr'><strong>ex</strong></span> <span class='ocrx_word' id='word_1_345' title='bbox 332 3301 474 3380; x_wconf 75' lang='lat' dir='ltr'><strong>origenis</strong></span> <span class='ocrx_word' id='word_1_346' title='bbox 486 3302 642 3364; x_wconf 88' lang='lat' dir='ltr'><strong>erroribus</strong></span> <span class='ocrx_word' id='word_1_347' title='bbox 654 3302 714 3363; x_wconf 90' lang='lat' dir='ltr'><strong>fuit</strong></span> <span class='ocrx_word' id='word_1_348' title='bbox 726 3323 733 3378; x_wconf 93' lang='grc'><strong>;</strong></span> <span class='ocrx_word' id='word_1_349' title='bbox 748 3304 802 3382; x_wconf 86' lang='lat' dir='ltr'><strong>qui</strong></span> <span class='ocrx_word' id='word_1_350' title='bbox 814 3309 883 3365; x_wconf 89' lang='lat' dir='ltr'><strong>tum</strong></span> <span class='ocrx_word' id='word_1_351' title='bbox 934 3305 1086 3380; x_wconf 87' lang='lat' dir='ltr'><strong>poterant,</strong></span> <span class='ocrx_word' id='word_1_352' title='bbox 1096 3300 1136 3361; x_wconf 88' lang='lat' dir='ltr'><strong>ab</strong></span> <span class='ocrx_word' id='word_1_353' title='bbox 1152 3299 1347 3362; x_wconf 90' lang='lat' dir='ltr'><strong>sensibilibus</strong></span> <span class='ocrx_word' id='word_1_354' title='bbox 1359 3302 1428 3363; x_wconf 89' lang='lat' dir='ltr'><strong>illos</strong></span> <span class='ocrx_word' id='word_1_355' title='bbox 1440 3302 1567 3364; x_wconf 87' lang='lat' dir='ltr'><strong>interim</strong></span> <span class='ocrx_word' id='word_1_356' title='bbox 1578 3305 1619 3365; x_wconf 90' lang='lat' dir='ltr'><strong>ad</strong></span> <span class='ocrx_word' id='word_1_357' title='bbox 1630 3306 1701 3366; x_wconf 91' lang='lat' dir='ltr'><strong>uui-</strong></span> 
     </span>
     <span class='ocr_line' id='line_1_33' title="bbox 123 3393 1703 3476; baseline 0.004 -23"><span class='ocrx_word' id='word_1_358' title='bbox 123 3393 228 3456; x_wconf 87' lang='lat' dir='ltr'><strong>inaliis</strong></span> <span class='ocrx_word' id='word_1_359' title='bbox 247 3395 419 3475; x_wconf 85' lang='lat' dir='ltr'><strong>plerisque,</strong></span> <span class='ocrx_word' id='word_1_360' title='bbox 445 3395 614 3475; x_wconf 76' lang='lat' dir='ltr'><strong>Scriptura</strong></span> <span class='ocrx_word' id='word_1_361' title='bbox 634 3395 775 3475; x_wconf 88' lang='lat' dir='ltr'><strong>simplici,</strong></span> <span class='ocrx_word' id='word_1_362' title='bbox 791 3403 833 3473; x_wconf 88' lang='lat' dir='ltr'><strong>et,</strong></span> <span class='ocrx_word' id='word_1_363' title='bbox 849 3403 885 3457; x_wconf 90' lang='lat' dir='ltr'><strong>ut</strong></span> <span class='ocrx_word' id='word_1_364' title='bbox 933 3410 1094 3454; x_wconf 83' lang='lat' dir='ltr'><strong>verscmm</strong></span> <span class='ocrx_word' id='word_1_365' title='bbox 1107 3394 1250 3472; x_wconf 88' lang='lat' dir='ltr'><strong>opificem</strong></span> <span class='ocrx_word' id='word_1_366' title='bbox 1259 3395 1401 3473; x_wconf 88' lang='lat' dir='ltr'><strong>provebit</strong></span> <span class='ocrx_word' id='word_1_367' title='bbox 1410 3405 1432 3463; x_wconf 73' lang='lat'><strong>⁶,</strong></span> <span class='ocrx_word' id='word_1_368' title='bbox 1443 3416 1455 3453; x_wconf 86' lang='grc' dir='ltr'>ν</span> <span class='ocrx_word' id='word_1_369' title='bbox 1467 3396 1511 3455; x_wconf 91' lang='lat' dir='ltr'><strong>ait</strong></span> <span class='ocrx_word' id='word_1_370' title='bbox 1523 3396 1703 3476; x_wconf 75' lang='lat' dir='ltr'><strong>chrysosto-</strong></span> 
     </span>
     <span class='ocr_line' id='line_1_34' title="bbox 18 3485 1704 3569; baseline 0.004 -24"><span class='ocrx_word' id='word_1_371' title='bbox 18 3566 19 3569; x_wconf 9' lang='grc' dir='ltr'>γ</span> <span class='ocrx_word' id='word_1_372' title='bbox 122 3486 197 3565; x_wconf 87' lang='lat' dir='ltr'><strong>loqui</strong></span> <span class='ocrx_word' id='word_1_373' title='bbox 214 3487 331 3563; x_wconf 87' lang='lat' dir='ltr'><strong>solent,</strong></span> <span class='ocrx_word' id='word_1_374' title='bbox 352 3485 483 3548; x_wconf 79' lang='lat' dir='ltr'><strong>litterali</strong></span> <span class='ocrx_word' id='word_1_375' title='bbox 502 3492 604 3568; x_wconf 89' lang='lat' dir='ltr'><strong>spreta</strong></span> <span class='ocrx_word' id='word_1_376' title='bbox 617 3487 881 3550; x_wconf 87' lang='lat' dir='ltr'><strong>damnatavesen-</strong></span> <span class='ocrx_word' id='word_1_377' title='bbox 933 3503 1015 3549; x_wconf 83' lang='lat' dir='ltr'><strong>mus.</strong></span> <span class='ocrx_word' id='word_1_378' title='bbox 1042 3485 1208 3565; x_wconf 86' lang='lat' dir='ltr'><strong>Gregorius</strong></span> <span class='ocrx_word' id='word_1_379' title='bbox 1239 3505 1362 3566; x_wconf 82' lang='lat' dir='ltr'><strong>quoque</strong></span> <span class='ocrx_word' id='word_1_380' title='bbox 1392 3489 1549 3567; x_wconf 87' lang='lat' dir='ltr'><strong>Nysseuus</strong></span> <span class='ocrx_word' id='word_1_381' title='bbox 1573 3488 1652 3550; x_wconf 90' lang='lat' dir='ltr'><strong>libro</strong></span> <span class='ocrx_word' id='word_1_382' title='bbox 1671 3490 1704 3551; x_wconf 85' lang='lat' dir='ltr'><strong>in</strong></span> 
     </span>
     <span class='ocr_line' id='line_1_35' title="bbox 121 3575 1704 3661; baseline 0.003 -22"><span class='ocrx_word' id='word_1_383' title='bbox 121 3579 224 3653; x_wconf 72' lang='lat' dir='ltr'><strong>moda,</strong></span> <span class='ocrx_word' id='word_1_384' title='bbox 252 3580 296 3640; x_wconf 91' lang='lat' dir='ltr'><strong>ad</strong></span> <span class='ocrx_word' id='word_1_385' title='bbox 325 3578 510 3658; x_wconf 86' lang='lat' dir='ltr'><strong>allegorias,</strong></span> <span class='ocrx_word' id='word_1_386' title='bbox 540 3579 749 3660; x_wconf 83' lang='lat' dir='ltr'><strong>figuratosqae</strong></span> <span class='ocrx_word' id='word_1_387' title='bbox 777 3598 884 3643; x_wconf 88' lang='lat' dir='ltr'><strong>sensus</strong></span> <span class='ocrx_word' id='word_1_388' title='bbox 933 3575 1185 3639; x_wconf 76' lang='lat' dir='ltr'><strong>Heaeemeroude</strong></span> <span class='ocrx_word' id='word_1_389' title='bbox 1198 3579 1293 3640; x_wconf 87' lang='lat' dir='ltr'><strong>rebus</strong></span> <span class='ocrx_word' id='word_1_390' title='bbox 1306 3580 1525 3640; x_wconf 88' lang='lat' dir='ltr'><strong>tantummodo</strong></span> <span class='ocrx_word' id='word_1_391' title='bbox 1547 3583 1704 3661; x_wconf 89' lang='lat' dir='ltr'><strong>corporeis</strong></span> 
     </span>
     <span class='ocr_line' id='line_1_36' title="bbox 122 3670 1704 3750; baseline 0.003 -19"><span class='ocrx_word' id='word_1_392' title='bbox 122 3672 216 3731; x_wconf 87' lang='lat' dir='ltr'><strong>omnia</strong></span> <span class='ocrx_word' id='word_1_393' title='bbox 227 3671 405 3747; x_wconf 86' lang='lat' dir='ltr'><strong>transtulit,</strong></span> <span class='ocrx_word' id='word_1_394' title='bbox 422 3677 489 3731; x_wconf 90' lang='lat' dir='ltr'><strong>tum</strong></span> <span class='ocrx_word' id='word_1_395' title='bbox 503 3671 589 3733; x_wconf 88' lang='lat' dir='ltr'><strong>iilam</strong></span> <span class='ocrx_word' id='word_1_396' title='bbox 603 3672 714 3734; x_wconf 87' lang='lat' dir='ltr'><strong>mundi</strong></span> <span class='ocrx_word' id='word_1_397' title='bbox 732 3673 885 3734; x_wconf 88' lang='lat' dir='ltr'><strong>nascentis</strong></span> <span class='ocrx_word' id='word_1_398' title='bbox 933 3670 1090 3750; x_wconf 89' lang='lat' dir='ltr'><strong>disputare</strong></span> <span class='ocrx_word' id='word_1_399' title='bbox 1110 3671 1226 3731; x_wconf 84' lang='lat' dir='ltr'><strong>Mosam</strong></span> <span class='ocrx_word' id='word_1_400' title='bbox 1247 3671 1402 3733; x_wconf 81' lang='lat' dir='ltr'><strong>existimat</strong></span> <span class='ocrx_word' id='word_1_401' title='bbox 1417 3718 1425 3746; x_wconf 93' lang='lat'>‚</span> <span class='ocrx_word' id='word_1_402' title='bbox 1455 3690 1512 3733; x_wconf 88' lang='lat' dir='ltr'><strong>nce</strong></span> <span class='ocrx_word' id='word_1_403' title='bbox 1531 3692 1597 3734; x_wconf 90' lang='lat' dir='ltr'><strong>non</strong></span> <span class='ocrx_word' id='word_1_404' title='bbox 1615 3675 1704 3736; x_wconf 81' lang='lat' dir='ltr'><strong>Sere</strong></span> 
     </span>
     <span class='ocr_line' id='line_1_37' title="bbox 122 3761 1703 3844; baseline 0.003 -22"><span class='ocrx_word' id='word_1_405' title='bbox 122 3761 276 3823; x_wconf 78' lang='lat' dir='ltr'><strong>bbtoriam</strong></span> <span class='ocrx_word' id='word_1_406' title='bbox 301 3781 322 3822; x_wconf 87' lang='lat' dir='ltr'><strong>a</strong></span> <span class='ocrx_word' id='word_1_407' title='bbox 343 3763 427 3824; x_wconf 85' lang='lat' dir='ltr'><strong>blase</strong></span> <span class='ocrx_word' id='word_1_408' title='bbox 449 3764 595 3826; x_wconf 87' lang='lat' dir='ltr'><strong>traditam</strong></span> <span class='ocrx_word' id='word_1_409' title='bbox 619 3764 727 3825; x_wconf 88' lang='lat' dir='ltr'><strong>eadem</strong></span> <span class='ocrx_word' id='word_1_410' title='bbox 740 3764 883 3826; x_wconf 87' lang='lat' dir='ltr'><strong>luditica-</strong></span> <span class='ocrx_word' id='word_1_411' title='bbox 933 3762 1703 3844; x_wconf 85' lang='lat' dir='ltr'><strong>rianusbcmiliaprima,Procopius,etCyrillusin</strong></span> 
     </span>
     <span class='ocr_line' id='line_1_38' title="bbox 122 3854 1705 3936; baseline 0.003 -21"><span class='ocrx_word' id='word_1_412' title='bbox 122 3854 194 3916; x_wconf 87' lang='lat' dir='ltr'><strong>tione</strong></span> <span class='ocrx_word' id='word_1_413' title='bbox 206 3855 369 3936; x_wconf 62' lang='lat' dir='ltr'><strong>pervertit.</strong></span> <span class='ocrx_word' id='word_1_414' title='bbox 934 3855 1012 3915; x_wconf 89' lang='lat' dir='ltr'><strong>libro</strong></span> <span class='ocrx_word' id='word_1_415' title='bbox 1023 3854 1156 3916; x_wconf 86' lang='lat' dir='ltr'><strong>secundo</strong></span> <span class='ocrx_word' id='word_1_416' title='bbox 1172 3854 1454 3932; x_wconf 61' lang='lat' dir='ltr'><strong>coarctationem</strong></span> <span class='ocrx_word' id='word_1_417' title='bbox 1470 3857 1554 3936; x_wconf 89' lang='lat' dir='ltr'><strong>quod</strong></span> <span class='ocrx_word' id='word_1_418' title='bbox 1564 3862 1595 3917; x_wconf 91' lang='lat' dir='ltr'><strong>et</strong></span> <span class='ocrx_word' id='word_1_419' title='bbox 1604 3858 1705 3919; x_wconf 78' lang='lat' dir='ltr'><strong>Aben-</strong></span> 
     </span>
     <span class='ocr_line' id='line_1_39' title="bbox 18 3946 1201 4028; baseline 0.007 -25"><span class='ocrx_word' id='word_1_420' title='bbox 18 3968 19 3971; x_wconf 40' lang='lat'>¹</span> <span class='ocrx_word' id='word_1_421' title='bbox 155 3946 189 4007; x_wconf 83' lang='lat' dir='ltr'><strong>V.</strong></span> <span class='ocrx_word' id='word_1_422' title='bbox 205 3949 326 4008; x_wconf 88' lang='lat' dir='ltr'><strong>Contra</strong></span> <span class='ocrx_word' id='word_1_423' title='bbox 349 3963 444 4026; x_wconf 86' lang='lat' dir='ltr'><strong>quem</strong></span> <span class='ocrx_word' id='word_1_424' title='bbox 464 3946 633 4026; x_wconf 88' lang='lat' dir='ltr'><strong>disputavit</strong></span> <span class='ocrx_word' id='word_1_425' title='bbox 646 3946 838 4028; x_wconf 83' lang='lat' dir='ltr'><strong>Epiphanius</strong></span> <span class='ocrx_word' id='word_1_426' title='bbox 850 3948 884 4011; x_wconf 90' lang='lat' dir='ltr'><strong>in</strong></span> <span class='ocrx_word' id='word_1_427' title='bbox 934 3947 1032 4007; x_wconf 88' lang='lat' dir='ltr'><strong>Hezra</strong></span> <span class='ocrx_word' id='word_1_428' title='bbox 1049 3946 1201 4026; x_wconf 86' lang='lat' dir='ltr'><strong>sequitur.</strong></span> 
     </span>
    </p>
   </div>
   <div class='ocr_carea' id='block_1_3' title="bbox 122 4037 1704 4582">
    <p class='ocr_par' dir='ltr' id='par_1_3' title="bbox 122 4037 1704 4582">
     <span class='ocr_line' id='line_1_40' title="bbox 123 4037 1703 4121; baseline 0.002 -21"><span class='ocrx_word' id='word_1_429' title='bbox 123 4037 180 4115; x_wconf 73' lang='lat' dir='ltr'><strong>sius</strong></span> <span class='ocrx_word' id='word_1_430' title='bbox 201 4038 328 4114; x_wconf 77' lang='lat' dir='ltr'><strong>bmresi,</strong></span> <span class='ocrx_word' id='word_1_431' title='bbox 351 4057 423 4117; x_wconf 78' lang='lat' dir='ltr'><strong>que</strong></span> <span class='ocrx_word' id='word_1_432' title='bbox 445 4043 492 4100; x_wconf 90' lang='lat' dir='ltr'><strong>est</strong></span> <span class='ocrx_word' id='word_1_433' title='bbox 512 4045 622 4118; x_wconf 88' lang='lat' dir='ltr'><strong>quarta</strong></span> <span class='ocrx_word' id='word_1_434' title='bbox 636 4045 667 4100; x_wconf 89' lang='lat' dir='ltr'><strong>et</strong></span> <span class='ocrx_word' id='word_1_435' title='bbox 681 4041 883 4119; x_wconf 80' lang='lat' dir='ltr'><strong>sexagesima,</strong></span> <span class='ocrx_word' id='word_1_436' title='bbox 972 4040 1027 4100; x_wconf 89' lang='lat' dir='ltr'><strong>VI.</strong></span> <span class='ocrx_word' id='word_1_437' title='bbox 1040 4041 1146 4118; x_wconf 85' lang='lat' dir='ltr'><strong>ltaque</strong></span> <span class='ocrx_word' id='word_1_438' title='bbox 1156 4039 1194 4099; x_wconf 90' lang='lat' dir='ltr'><strong>de</strong></span> <span class='ocrx_word' id='word_1_439' title='bbox 1208 4037 1318 4099; x_wconf 89' lang='lat' dir='ltr'><strong>mundi</strong></span> <span class='ocrx_word' id='word_1_440' title='bbox 1328 4040 1531 4121; x_wconf 85' lang='lat' dir='ltr'><strong>aspectabilis,</strong></span> <span class='ocrx_word' id='word_1_441' title='bbox 1547 4060 1583 4102; x_wconf 91' lang='lat' dir='ltr'><strong>ac</strong></span> <span class='ocrx_word' id='word_1_442' title='bbox 1596 4060 1703 4104; x_wconf 89' lang='lat' dir='ltr'><strong>rerum</strong></span> 
     </span>
     <span class='ocr_line' id='line_1_41' title="bbox 123 4130 1702 4211; baseline 0.004 -22"><span class='ocrx_word' id='word_1_443' title='bbox 123 4130 211 4192; x_wconf 88' lang='lat' dir='ltr'><strong>multo</strong></span> <span class='ocrx_word' id='word_1_444' title='bbox 225 4148 303 4193; x_wconf 78' lang='lat' dir='ltr'><strong>sero</strong></span> <span class='ocrx_word' id='word_1_445' title='bbox 322 4130 448 4192; x_wconf 86' lang='lat' dir='ltr'><strong>uberius</strong></span> <span class='ocrx_word' id='word_1_446' title='bbox 467 4131 502 4191; x_wconf 91' lang='lat' dir='ltr'><strong>in</strong></span> <span class='ocrx_word' id='word_1_447' title='bbox 523 4130 690 4193; x_wconf 75' lang='grc' dir='ltr'><strong>Αιιοονοιο1</strong></span> <span class='ocrx_word' id='word_1_448' title='bbox 710 4131 799 4208; x_wconf 87' lang='lat' dir='ltr'><strong>;ubi‚</strong></span> <span class='ocrx_word' id='word_1_449' title='bbox 813 4151 884 4211; x_wconf 83' lang='lat' dir='ltr'><strong>qaae</strong></span> <span class='ocrx_word' id='word_1_450' title='bbox 933 4149 1061 4211; x_wconf 81' lang='lat' dir='ltr'><strong>corpore</strong></span> <span class='ocrx_word' id='word_1_451' title='bbox 1094 4131 1303 4192; x_wconf 88' lang='lat' dir='ltr'><strong>constantium</strong></span> <span class='ocrx_word' id='word_1_452' title='bbox 1332 4132 1451 4209; x_wconf 86' lang='lat' dir='ltr'><strong>origine</strong></span> <span class='ocrx_word' id='word_1_453' title='bbox 1479 4151 1515 4193; x_wconf 89' lang='lat' dir='ltr'><strong>ac</strong></span> <span class='ocrx_word' id='word_1_454' title='bbox 1548 4134 1702 4197; x_wconf 88' lang='lat' dir='ltr'><strong>creatione</strong></span> 
     </span>
     <span class='ocr_line' id='line_1_42' title="bbox 122 4219 1703 4306; baseline 0.004 -24"><span class='ocrx_word' id='word_1_455' title='bbox 122 4219 155 4282; x_wconf 86' lang='lat' dir='ltr'><strong>de</strong></span> <span class='ocrx_word' id='word_1_456' title='bbox 175 4223 324 4284; x_wconf 87' lang='lat' dir='ltr'><strong>Paradiso</strong></span> <span class='ocrx_word' id='word_1_457' title='bbox 347 4241 383 4283; x_wconf 92' lang='lat' dir='ltr'><strong>ac</strong></span> <span class='ocrx_word' id='word_1_458' title='bbox 405 4222 498 4302; x_wconf 90' lang='lat' dir='ltr'><strong>primi</strong></span> <span class='ocrx_word' id='word_1_459' title='bbox 514 4222 651 4284; x_wconf 89' lang='lat' dir='ltr'><strong>hominis</strong></span> <span class='ocrx_word' id='word_1_460' title='bbox 672 4224 884 4304; x_wconf 85' lang='lat' dir='ltr'><strong>procreatione</strong></span> <span class='ocrx_word' id='word_1_461' title='bbox 933 4224 1127 4304; x_wconf 88' lang='lat' dir='ltr'><strong>propositum</strong></span> <span class='ocrx_word' id='word_1_462' title='bbox 1151 4223 1202 4284; x_wconf 88' lang='lat' dir='ltr'><strong>bic</strong></span> <span class='ocrx_word' id='word_1_463' title='bbox 1220 4231 1267 4284; x_wconf 89' lang='lat' dir='ltr'><strong>est</strong></span> <span class='ocrx_word' id='word_1_464' title='bbox 1289 4241 1391 4302; x_wconf 89' lang='lat' dir='ltr'><strong>agere,</strong></span> <span class='ocrx_word' id='word_1_465' title='bbox 1420 4224 1460 4285; x_wconf 88' lang='lat' dir='ltr'><strong>ad</strong></span> <span class='ocrx_word' id='word_1_466' title='bbox 1483 4243 1556 4287; x_wconf 91' lang='lat' dir='ltr'><strong>eum</strong></span> <span class='ocrx_word' id='word_1_467' title='bbox 1576 4224 1703 4306; x_wconf 90' lang='lat' dir='ltr'><strong>quidem</strong></span> 
     </span>
     <span class='ocr_line' id='line_1_43' title="bbox 123 4314 1704 4400; baseline 0.004 -27"><span class='ocrx_word' id='word_1_468' title='bbox 123 4314 228 4394; x_wconf 81' lang='lat' dir='ltr'><strong>scripta</strong></span> <span class='ocrx_word' id='word_1_469' title='bbox 245 4324 322 4376; x_wconf 87' lang='lat' dir='ltr'><strong>sant</strong></span> <span class='ocrx_word' id='word_1_470' title='bbox 340 4314 429 4376; x_wconf 89' lang='lat' dir='ltr'><strong>initio</strong></span> <span class='ocrx_word' id='word_1_471' title='bbox 451 4314 597 4392; x_wconf 82' lang='lat' dir='ltr'><strong>Geneseos,</strong></span> <span class='ocrx_word' id='word_1_472' title='bbox 622 4333 658 4376; x_wconf 89' lang='lat' dir='ltr'><strong>ac</strong></span> <span class='ocrx_word' id='word_1_473' title='bbox 673 4321 783 4376; x_wconf 73' lang='lat' dir='ltr'><strong>(astera</strong></span> <span class='ocrx_word' id='word_1_474' title='bbox 803 4314 883 4393; x_wconf 82' lang='lat' dir='ltr'><strong>ejus·</strong></span> <span class='ocrx_word' id='word_1_475' title='bbox 933 4316 1073 4392; x_wconf 90' lang='lat' dir='ltr'><strong>modum,</strong></span> <span class='ocrx_word' id='word_1_476' title='bbox 1098 4336 1114 4374; x_wconf 89' lang='grc' dir='ltr'><strong>ι</strong></span> <span class='ocrx_word' id='word_1_477' title='bbox 1134 4314 1213 4374; x_wconf 89' lang='lat' dir='ltr'><strong>nihil</strong></span> <span class='ocrx_word' id='word_1_478' title='bbox 1226 4320 1293 4375; x_wconf 90' lang='lat' dir='ltr'><strong>uta</strong></span> <span class='ocrx_word' id='word_1_479' title='bbox 1319 4333 1369 4375; x_wconf 92' lang='lat' dir='ltr'><strong>me</strong></span> <span class='ocrx_word' id='word_1_480' title='bbox 1390 4315 1467 4395; x_wconf 80' lang='lat' dir='ltr'><strong>ipso,</strong></span> <span class='ocrx_word' id='word_1_481' title='bbox 1493 4337 1529 4380; x_wconf 91' lang='lat' dir='ltr'><strong>ac</strong></span> <span class='ocrx_word' id='word_1_482' title='bbox 1541 4319 1704 4400; x_wconf 91' lang='lat' dir='ltr'><strong>proprium</strong></span> 
     </span>
     <span class='ocr_line' id='line_1_44' title="bbox 123 4404 1702 4490; baseline 0.003 -22"><span class='ocrx_word' id='word_1_483' title='bbox 123 4404 356 4484; x_wconf 78' lang='lat' dir='ltr'><strong>dammodi,non</strong></span> <span class='ocrx_word' id='word_1_484' title='bbox 371 4414 480 4486; x_wconf 79' lang='lat' dir='ltr'><strong>utprae</strong></span> <span class='ocrx_word' id='word_1_485' title='bbox 489 4407 590 4468; x_wconf 86' lang='lat' dir='ltr'><strong>seiert</strong></span> <span class='ocrx_word' id='word_1_486' title='bbox 600 4408 816 4487; x_wconf 86' lang='lat' dir='ltr'><strong>narratioipsa,</strong></span> <span class='ocrx_word' id='word_1_487' title='bbox 826 4408 885 4469; x_wconf 87' lang='lat' dir='ltr'><strong>hoc</strong></span> <span class='ocrx_word' id='word_1_488' title='bbox 934 4407 1061 4468; x_wconf 76' lang='lat' dir='ltr'><strong>atteram</strong></span> <span class='ocrx_word' id='word_1_489' title='bbox 1074 4417 1096 4484; x_wconf 72' lang='lat'><strong>⁰,</strong></span> <span class='ocrx_word' id='word_1_490' title='bbox 1117 4428 1133 4463; x_wconf 83' lang='lat' dir='ltr'><strong>s</strong></span> <span class='ocrx_word' id='word_1_491' title='bbox 1148 4407 1232 4485; x_wconf 88' lang='lat' dir='ltr'><strong>quod</strong></span> <span class='ocrx_word' id='word_1_492' title='bbox 1247 4406 1334 4467; x_wconf 88' lang='lat' dir='ltr'><strong>Philo</strong></span> <span class='ocrx_word' id='word_1_493' title='bbox 1346 4407 1477 4469; x_wconf 79' lang='lat' dir='ltr'><strong>iudaeus</strong></span> <span class='ocrx_word' id='word_1_494' title='bbox 1490 4412 1636 4490; x_wconf 74' lang='lat' dir='ltr'><strong>praetatus</strong></span> <span class='ocrx_word' id='word_1_495' title='bbox 1646 4418 1702 4488; x_wconf 90' lang='lat' dir='ltr'><strong>est,</strong></span> 
     </span>
     <span class='ocr_line' id='line_1_45' title="bbox 122 4498 1704 4582; baseline 0.004 -24"><span class='ocrx_word' id='word_1_496' title='bbox 122 4504 282 4561; x_wconf 69' lang='lat' dir='ltr'><strong>atrorem</strong></span> <span class='ocrx_word' id='word_1_497' title='bbox 303 4499 383 4561; x_wconf 78' lang='lat' dir='ltr'><strong>faeta</strong></span> <span class='ocrx_word' id='word_1_498' title='bbox 401 4517 477 4568; x_wconf 81' lang='lat' dir='ltr'><strong>esse,</strong></span> <span class='ocrx_word' id='word_1_499' title='bbox 502 4499 642 4561; x_wconf 88' lang='lat' dir='ltr'><strong>docuisse</strong></span> <span class='ocrx_word' id='word_1_500' title='bbox 660 4498 765 4561; x_wconf 71' lang='lat' dir='ltr'><strong>nahts</strong></span> <span class='ocrx_word' id='word_1_501' title='bbox 778 4499 883 4579; x_wconf 86' lang='lat' dir='ltr'><strong>Orige-</strong></span> <span class='ocrx_word' id='word_1_502' title='bbox 932 4500 987 4560; x_wconf 88' lang='lat' dir='ltr'><strong>sed</strong></span> <span class='ocrx_word' id='word_1_503' title='bbox 1009 4505 1046 4560; x_wconf 89' lang='lat' dir='ltr'><strong>ut</strong></span> <span class='ocrx_word' id='word_1_504' title='bbox 1071 4499 1192 4560; x_wconf 79' lang='lat' dir='ltr'><strong>Mosam</strong></span> <span class='ocrx_word' id='word_1_505' title='bbox 1226 4505 1421 4578; x_wconf 84' lang='lat' dir='ltr'><strong>praeeuntem</strong></span> <span class='ocrx_word' id='word_1_506' title='bbox 1451 4518 1587 4582; x_wconf 86' lang='lat' dir='ltr'><strong>sequar,</strong></span> <span class='ocrx_word' id='word_1_507' title='bbox 1615 4503 1704 4582; x_wconf 85' lang='lat' dir='ltr'><strong>eujus</strong></span> 
     </span>
    </p>
   </div>
   <div class='ocr_carea' id='block_1_4' title="bbox 18 4667 1711 5505">
    <p class='ocr_par' dir='ltr' id='par_1_4' title="bbox 18 4667 1711 5505">
     <span class='ocr_line' id='line_1_46' title="bbox 152 4667 1705 4748; baseline 0 -19"><span class='ocrx_word' id='word_1_508' title='bbox 152 4687 171 4729; x_wconf 82' lang='lat' dir='ltr'><strong>e</strong></span> <span class='ocrx_word' id='word_1_509' title='bbox 187 4670 281 4731; x_wconf 70' lang='lat' dir='ltr'><strong>Palm.</strong></span> <span class='ocrx_word' id='word_1_510' title='bbox 296 4670 345 4728; x_wconf 83' lang='lat' dir='ltr'><strong>lib.</strong></span> <span class='ocrx_word' id='word_1_511' title='bbox 357 4671 395 4728; x_wconf 80' lang='lat' dir='ltr'><strong>de</strong></span> <span class='ocrx_word' id='word_1_512' title='bbox 407 4669 494 4746; x_wconf 74' lang='lat' dir='ltr'><strong>Opis.</strong></span> <span class='ocrx_word' id='word_1_513' title='bbox 510 4672 551 4743; x_wconf 74' lang='lat' dir='ltr'><strong>Ta</strong></span> <span class='ocrx_word' id='word_1_514' title='bbox 567 4670 610 4744; x_wconf 71' lang='grc' dir='ltr'><strong>μὲν</strong></span> <span class='ocrx_word' id='word_1_515' title='bbox 626 4670 737 4744; x_wconf 73' lang='grc' dir='ltr'>ἀοράτῳ,</span> <span class='ocrx_word' id='word_1_516' title='bbox 752 4670 792 4725; x_wconf 79' lang='grc' dir='ltr'><strong>καὶ</strong></span> <span class='ocrx_word' id='word_1_517' title='bbox 804 4676 886 4743; x_wconf 81' lang='grc' dir='ltr'><strong>νοητῷ</strong></span> <span class='ocrx_word' id='word_1_518' title='bbox 934 4675 978 4738; x_wconf 62' lang='grc' dir='ltr'><strong>τὴν</strong></span> <span class='ocrx_word' id='word_1_519' title='bbox 1000 4668 1042 4723; x_wconf 86' lang='grc' dir='ltr'><strong>ἀπ’</strong></span> <span class='ocrx_word' id='word_1_520' title='bbox 1063 4667 1138 4725; x_wconf 71' lang='grc' dir='ltr'>αὐτοῦ</span> <span class='ocrx_word' id='word_1_521' title='bbox 1152 4673 1195 4739; x_wconf 75' lang='grc' dir='ltr'><strong>τῆς</strong></span> <span class='ocrx_word' id='word_1_522' title='bbox 1209 4669 1272 4734; x_wconf 83' lang='grc' dir='ltr'>Εὔας</span> <span class='ocrx_word' id='word_1_523' title='bbox 1292 4671 1423 4729; x_wconf 74' lang='grc' dir='ltr'>διάπλασιν</span> <span class='ocrx_word' id='word_1_524' title='bbox 1437 4673 1560 4746; x_wconf 71' lang='grc' dir='ltr'><strong>ιῙάγοντις1</strong></span> <span class='ocrx_word' id='word_1_525' title='bbox 1576 4675 1620 4743; x_wconf 78' lang='grc' dir='ltr'><strong>τὴν</strong></span> <span class='ocrx_word' id='word_1_526' title='bbox 1641 4675 1705 4748; x_wconf 73' lang='grc' dir='ltr'>ἠχὴν</span> 
     </span>
     <span class='ocr_line' id='line_1_47' title="bbox 123 4747 1231 4829; baseline -0.002 -17"><span class='ocrx_word' id='word_1_527' title='bbox 123 4757 266 4829; x_wconf 57' lang='lat' dir='ltr'><strong>moseo</strong></span> <span class='ocrx_word' id='word_1_528' title='bbox 280 4756 315 4819; x_wconf 78' lang='grc' dir='ltr'><strong>ὡς</strong></span> <span class='ocrx_word' id='word_1_529' title='bbox 330 4753 445 4827; x_wconf 71' lang='grc' dir='ltr'><strong>ἀδελφὸν,</strong></span> <span class='ocrx_word' id='word_1_530' title='bbox 459 4755 499 4809; x_wconf 76' lang='lat' dir='ltr'><strong>ecl</strong></span> <span class='ocrx_word' id='word_1_531' title='bbox 513 4754 635 4829; x_wconf 76' lang='grc' dir='ltr'>σογγενδς.</span> <span class='ocrx_word' id='word_1_532' title='bbox 650 4754 788 4823; x_wconf 72' lang='grc' dir='ltr'>ἀιδιότητα·</span> <span class='ocrx_word' id='word_1_533' title='bbox 811 4760 848 4827; x_wconf 82' lang='grc' dir='ltr'><strong>τῷ</strong></span> <span class='ocrx_word' id='word_1_534' title='bbox 863 4754 886 4809; x_wconf 86' lang='grc' dir='ltr'><strong>δ’</strong></span> <span class='ocrx_word' id='word_1_535' title='bbox 935 4747 1073 4816; x_wconf 72' lang='grc' dir='ltr'>ἀθετοῦντες</span> <span class='ocrx_word' id='word_1_536' title='bbox 1086 4757 1130 4807; x_wconf 77' lang='grc' dir='ltr'><strong>τοῦ</strong></span> <span class='ocrx_word' id='word_1_537' title='bbox 1144 4754 1231 4825; x_wconf 71' lang='grc' dir='ltr'>ὄφεως.</span> 
     </span>
     <span class='ocr_line' id='line_1_48' title="bbox 124 4831 1708 4913; baseline 0.003 -21"><span class='ocrx_word' id='word_1_538' title='bbox 124 4836 220 4911; x_wconf 52' lang='lat' dir='ltr'><strong>dmartii</strong></span> <span class='ocrx_word' id='word_1_539' title='bbox 234 4839 329 4911; x_wconf 79' lang='grc' dir='ltr'>γένεσιν</span> <span class='ocrx_word' id='word_1_540' title='bbox 350 4841 380 4892; x_wconf 78' lang='grc' dir='ltr'><strong>τὸ</strong></span> <span class='ocrx_word' id='word_1_541' title='bbox 402 4836 490 4891; x_wconf 72' lang='grc' dir='ltr'>οἰκεῖον</span> <span class='ocrx_word' id='word_1_542' title='bbox 511 4837 590 4909; x_wconf 75' lang='grc' dir='ltr'>ὄνομα</span> <span class='ocrx_word' id='word_1_543' title='bbox 609 4836 763 4911; x_wconf 77' lang='grc' dir='ltr'>ἐπεφήμιοεν.</span> <span class='ocrx_word' id='word_1_544' title='bbox 779 4835 831 4891; x_wconf 74' lang='grc' dir='ltr'>ἐπεὶ</span> <span class='ocrx_word' id='word_1_545' title='bbox 844 4831 886 4889; x_wconf 76' lang='grc' dir='ltr'><strong>οὖν</strong></span> <span class='ocrx_word' id='word_1_546' title='bbox 972 4836 1284 4894; x_wconf 78' lang='lat' dir='ltr'><strong>bCrrurs.b0m.11itt</strong></span> <span class='ocrx_word' id='word_1_547' title='bbox 1299 4840 1369 4894; x_wconf 77' lang='lat' dir='ltr'><strong>Gen.</strong></span> <span class='ocrx_word' id='word_1_548' title='bbox 1395 4837 1498 4907; x_wconf 79' lang='grc' dir='ltr'>Ἐπειδὴ</span> <span class='ocrx_word' id='word_1_549' title='bbox 1515 4840 1562 4913; x_wconf 84' lang='grc' dir='ltr'><strong>γάρ</strong></span> <span class='ocrx_word' id='word_1_550' title='bbox 1575 4838 1708 4906; x_wconf 73' lang='grc' dir='ltr'>Ἰουδαίοις</span> 
     </span>
     <span class='ocr_line' id='line_1_49' title="bbox 125 4918 1707 4994; baseline 0.002 -18"><span class='ocrx_word' id='word_1_551' title='bbox 125 4919 201 4991; x_wconf 67' lang='grc' dir='ltr'>ἀρτιός</span> <span class='ocrx_word' id='word_1_552' title='bbox 217 4940 255 4986; x_wconf 84' lang='grc' dir='ltr'><strong>τε,</strong></span> <span class='ocrx_word' id='word_1_553' title='bbox 268 4923 308 4975; x_wconf 81' lang='lat' dir='ltr'><strong>rud</strong></span> <span class='ocrx_word' id='word_1_554' title='bbox 324 4921 438 4989; x_wconf 72' lang='grc' dir='ltr'><strong>αἰσθητὸς</strong></span> <span class='ocrx_word' id='word_1_555' title='bbox 454 4921 496 4974; x_wconf 70' lang='lat' dir='ltr'><strong>ms</strong></span> <span class='ocrx_word' id='word_1_556' title='bbox 509 4920 524 4973; x_wconf 83' lang='grc' dir='ltr'>δ</span> <span class='ocrx_word' id='word_1_557' title='bbox 536 4922 638 4993; x_wconf 77' lang='grc' dir='ltr'>κόσμος,</span> <span class='ocrx_word' id='word_1_558' title='bbox 654 4921 791 4993; x_wconf 75' lang='grc' dir='ltr'>ἀναγκαίως</span> <span class='ocrx_word' id='word_1_559' title='bbox 805 4923 834 4973; x_wconf 80' lang='grc' dir='ltr'><strong>ἂν</strong></span> <span class='ocrx_word' id='word_1_560' title='bbox 849 4918 887 4988; x_wconf 79' lang='grc' dir='ltr'><strong>εἴη</strong></span> <span class='ocrx_word' id='word_1_561' title='bbox 936 4920 1059 4992; x_wconf 74' lang='grc' dir='ltr'>διελέγετο</span> <span class='ocrx_word' id='word_1_562' title='bbox 1072 4922 1123 4984; x_wconf 77' lang='grc' dir='ltr'>τοῖς</span> <span class='ocrx_word' id='word_1_563' title='bbox 1135 4920 1191 4993; x_wconf 77' lang='grc' dir='ltr'>περὶ</span> <span class='ocrx_word' id='word_1_564' title='bbox 1203 4921 1236 4974; x_wconf 85' lang='grc' dir='ltr'>τά</span> <span class='ocrx_word' id='word_1_565' title='bbox 1256 4923 1366 4993; x_wconf 83' lang='grc' dir='ltr'>παρόντα</span> <span class='ocrx_word' id='word_1_566' title='bbox 1384 4919 1557 4994; x_wconf 78' lang='grc' dir='ltr'>ἐπτοημένοις,</span> <span class='ocrx_word' id='word_1_567' title='bbox 1577 4925 1618 4977; x_wconf 73' lang='grc' dir='ltr'><strong>καὶ</strong></span> <span class='ocrx_word' id='word_1_568' title='bbox 1638 4924 1707 4979; x_wconf 72' lang='grc' dir='ltr'>οὐδὲν</span> 
     </span>
     <span class='ocr_line' id='line_1_50' title="bbox 125 5000 1710 5078; baseline 0.003 -22"><span class='ocrx_word' id='word_1_569' title='bbox 125 5000 1710 5078; x_wconf 43' lang='grc' dir='ltr'><strong>ὠωῄὼὼωωωωψωώδΜΜΜΜΜψΜωώΜΜὼς</strong></span> 
     </span>
     <span class='ocr_line' id='line_1_51' title="bbox 127 5082 1710 5162; baseline 0.003 -20"><span class='ocrx_word' id='word_1_570' title='bbox 127 5082 301 5159; x_wconf 48' lang='lat' dir='ltr'><strong>pendat,</strong></span> <span class='ocrx_word' id='word_1_571' title='bbox 318 5089 385 5161; x_wconf 71' lang='lat' dir='ltr'><strong>psus</strong></span> <span class='ocrx_word' id='word_1_572' title='bbox 398 5092 493 5160; x_wconf 73' lang='grc' dir='ltr'>σεμνῶς</span> <span class='ocrx_word' id='word_1_573' title='bbox 505 5088 664 5159; x_wconf 62' lang='lat' dir='ltr'><strong>leole-picae.</strong></span> <span class='ocrx_word' id='word_1_574' title='bbox 936 5084 1023 5148; x_wconf 77' lang='grc' dir='ltr'>αὖιοδς</span> <span class='ocrx_word' id='word_1_575' title='bbox 1045 5085 1129 5158; x_wconf 84' lang='grc' dir='ltr'>ἀνάγει</span> <span class='ocrx_word' id='word_1_576' title='bbox 1143 5086 1203 5159; x_wconf 77' lang='grc' dir='ltr'>πρὸς</span> <span class='ocrx_word' id='word_1_577' title='bbox 1229 5085 1272 5139; x_wconf 85' lang='grc' dir='ltr'><strong>τδν</strong></span> <span class='ocrx_word' id='word_1_578' title='bbox 1293 5091 1343 5140; x_wconf 80' lang='grc' dir='ltr'><strong>τῶν</strong></span> <span class='ocrx_word' id='word_1_579' title='bbox 1357 5087 1423 5139; x_wconf 74' lang='grc' dir='ltr'><strong>ὅλων</strong></span> <span class='ocrx_word' id='word_1_580' title='bbox 1446 5089 1605 5162; x_wconf 77' lang='grc' dir='ltr'>δημιουργόν.</span> <span class='ocrx_word' id='word_1_581' title='bbox 1631 5090 1710 5146; x_wconf 76' lang='lat' dir='ltr'><strong>idem</strong></span> 
     </span>
     <span class='ocr_line' id='line_1_52' title="bbox 158 5168 1707 5242; baseline 0.001 -16"><span class='ocrx_word' id='word_1_582' title='bbox 158 5172 329 5228; x_wconf 80' lang='lat' dir='ltr'><strong>tSoranou.</strong></span> <span class='ocrx_word' id='word_1_583' title='bbox 345 5171 375 5227; x_wconf 91' lang='lat' dir='ltr'><strong>in</strong></span> <span class='ocrx_word' id='word_1_584' title='bbox 389 5187 434 5242; x_wconf 85' lang='lat' dir='ltr'><strong>ep.</strong></span> <span class='ocrx_word' id='word_1_585' title='bbox 454 5186 518 5241; x_wconf 73' lang='lat' dir='ltr'><strong>quse</strong></span> <span class='ocrx_word' id='word_1_586' title='bbox 542 5176 584 5227; x_wconf 88' lang='lat' dir='ltr'><strong>est</strong></span> <span class='ocrx_word' id='word_1_587' title='bbox 604 5185 635 5226; x_wconf 85' lang='lat' dir='ltr'><strong>sn</strong></span> <span class='ocrx_word' id='word_1_588' title='bbox 651 5174 731 5227; x_wconf 81' lang='lat' dir='ltr'><strong>serta</strong></span> <span class='ocrx_word' id='word_1_589' title='bbox 744 5170 811 5241; x_wconf 75' lang='lat' dir='ltr'><strong>Syn.</strong></span> <span class='ocrx_word' id='word_1_590' title='bbox 831 5177 886 5226; x_wconf 83' lang='lat' dir='ltr'><strong>act.</strong></span> <span class='ocrx_word' id='word_1_591' title='bbox 938 5175 1006 5225; x_wconf 89' lang='lat' dir='ltr'><strong>tom.</strong></span> <span class='ocrx_word' id='word_1_592' title='bbox 1027 5170 1060 5241; x_wconf 86' lang='lat' dir='ltr'><strong>V,</strong></span> <span class='ocrx_word' id='word_1_593' title='bbox 1075 5169 1151 5225; x_wconf 90' lang='lat' dir='ltr'><strong>hom.</strong></span> <span class='ocrx_word' id='word_1_594' title='bbox 1168 5170 1287 5225; x_wconf 77' lang='lat' dir='ltr'><strong>rSeeer.</strong></span> <span class='ocrx_word' id='word_1_595' title='bbox 1305 5168 1384 5226; x_wconf 89' lang='lat' dir='ltr'><strong>item.</strong></span> <span class='ocrx_word' id='word_1_596' title='bbox 1401 5171 1465 5241; x_wconf 68' lang='lat' dir='ltr'><strong>Cpr.</strong></span> <span class='ocrx_word' id='word_1_597' title='bbox 1482 5171 1506 5227; x_wconf 90' lang='lat' dir='ltr'><strong>ll</strong></span> <span class='ocrx_word' id='word_1_598' title='bbox 1523 5178 1629 5228; x_wconf 80' lang='lat' dir='ltr'><strong>costra</strong></span> <span class='ocrx_word' id='word_1_599' title='bbox 1647 5173 1707 5229; x_wconf 72' lang='lat' dir='ltr'><strong>lul.</strong></span> 
     </span>
     <span class='ocr_line' id='line_1_53' title="bbox 129 5252 1247 5327; baseline 0 -21"><span class='ocrx_word' id='word_1_600' title='bbox 129 5266 153 5306; x_wconf 87' lang='lat' dir='ltr'><strong>u.</strong></span> <span class='ocrx_word' id='word_1_601' title='bbox 172 5252 249 5311; x_wconf 75' lang='grc' dir='ltr'><strong>’.11λά</strong></span> <span class='ocrx_word' id='word_1_602' title='bbox 270 5258 311 5310; x_wconf 76' lang='lat' dir='ltr'><strong>ast</strong></span> <span class='ocrx_word' id='word_1_603' title='bbox 326 5255 399 5327; x_wconf 72' lang='grc' dir='ltr'>ἕτερα</span> <span class='ocrx_word' id='word_1_604' title='bbox 414 5254 489 5327; x_wconf 77' lang='lat' dir='ltr'><strong>pepla</strong></span> <span class='ocrx_word' id='word_1_605' title='bbox 505 5252 574 5325; x_wconf 76' lang='grc' dir='ltr'>παρὰ</span> <span class='ocrx_word' id='word_1_606' title='bbox 593 5252 637 5321; x_wconf 77' lang='grc' dir='ltr'><strong>τὴν</strong></span> <span class='ocrx_word' id='word_1_607' title='bbox 657 5252 836 5322; x_wconf 63' lang='lat' dir='ltr'><strong>damastrin,</strong></span> <span class='ocrx_word' id='word_1_608' title='bbox 847 5254 889 5305; x_wconf 78' lang='grc' dir='ltr'><strong>καὶ</strong></span> <span class='ocrx_word' id='word_1_609' title='bbox 936 5260 1034 5323; x_wconf 78' lang='lat' dir='ltr'><strong>etseq.</strong></span> <span class='ocrx_word' id='word_1_610' title='bbox 1045 5253 1078 5309; x_wconf 84' lang='lat' dir='ltr'><strong>lit</strong></span> <span class='ocrx_word' id='word_1_611' title='bbox 1092 5252 1247 5325; x_wconf 72' lang='lat' dir='ltr'><strong>Nyssenus.</strong></span> 
     </span>
     <span class='ocr_line' id='line_1_54' title="bbox 18 5334 1709 5412; baseline 0.001 -22"><span class='ocrx_word' id='word_1_612' title='bbox 18 5380 19 5385; x_wconf 66' lang='lat'><strong>,</strong></span> <span class='ocrx_word' id='word_1_613' title='bbox 128 5339 233 5411; x_wconf 67' lang='grc' dir='ltr'><strong>πατρῴαν</strong></span> <span class='ocrx_word' id='word_1_614' title='bbox 260 5338 515 5412; x_wconf 75' lang='grc' dir='ltr'>παράδοσινλίγονοι,</span> <span class='ocrx_word' id='word_1_615' title='bbox 530 5337 678 5409; x_wconf 67' lang='grc' dir='ltr'>παραδείσου</span> <span class='ocrx_word' id='word_1_616' title='bbox 690 5338 790 5408; x_wconf 67' lang='lat' dir='ltr'><strong>passim</strong></span> <span class='ocrx_word' id='word_1_617' title='bbox 804 5334 890 5389; x_wconf 75' lang='grc' dir='ltr'>ἀιδάλ·</span> <span class='ocrx_word' id='word_1_618' title='bbox 974 5334 1090 5393; x_wconf 80' lang='lat' dir='ltr'><strong>ePutto</strong></span> <span class='ocrx_word' id='word_1_619' title='bbox 1104 5335 1167 5391; x_wconf 82' lang='lat' dir='ltr'><strong>ints.</strong></span> <span class='ocrx_word' id='word_1_620' title='bbox 1185 5340 1313 5407; x_wconf 80' lang='lat' dir='ltr'><strong>Goauwp.</strong></span> <span class='ocrx_word' id='word_1_621' title='bbox 1339 5334 1407 5389; x_wconf 74' lang='grc' dir='ltr'>’ἀλλ’</span> <span class='ocrx_word' id='word_1_622' title='bbox 1430 5335 1557 5390; x_wconf 68' lang='lat' dir='ltr'><strong>iusserat</strong></span> <span class='ocrx_word' id='word_1_623' title='bbox 1573 5335 1709 5407; x_wconf 69' lang='grc' dir='ltr'>θεοφιλοῦς.</span> 
     </span>
     <span class='ocr_line' id='line_1_55' title="bbox 18 5414 1711 5505; baseline 0 -28"><span class='ocrx_word' id='word_1_624' title='bbox 18 5476 19 5493; x_wconf 19' lang='grc' dir='ltr'>ἶ</span> <span class='ocrx_word' id='word_1_625' title='bbox 128 5416 216 5493; x_wconf 67' lang='grc' dir='ltr'>δον-εις,</span> <span class='ocrx_word' id='word_1_626' title='bbox 239 5420 355 5496; x_wconf 74' lang='grc' dir='ltr'>ἀνοαριιδ</span> <span class='ocrx_word' id='word_1_627' title='bbox 376 5421 514 5505; x_wconf 56' lang='lat' dir='ltr'><strong>malicias</strong></span> <span class='ocrx_word' id='word_1_628' title='bbox 534 5420 576 5476; x_wconf 75' lang='grc' dir='ltr'>ιον</span> <span class='ocrx_word' id='word_1_629' title='bbox 602 5418 889 5495; x_wconf 71' lang='grc' dir='ltr'>Ἀδάγιοάδονλάγιινοι,</span> <span class='ocrx_word' id='word_1_630' title='bbox 938 5418 980 5474; x_wconf 71' lang='lat' dir='ltr'><strong>sal</strong></span> <span class='ocrx_word' id='word_1_631' title='bbox 989 5417 1049 5493; x_wconf 76' lang='lat' dir='ltr'><strong>lurlp</strong></span> <span class='ocrx_word' id='word_1_632' title='bbox 1058 5418 1161 5492; x_wconf 70' lang='grc' dir='ltr'>δύναμιν</span> <span class='ocrx_word' id='word_1_633' title='bbox 1173 5417 1348 5491; x_wconf 72' lang='grc' dir='ltr'>ἀπιτολγιητίον</span> <span class='ocrx_word' id='word_1_634' title='bbox 1362 5418 1453 5492; x_wconf 66' lang='grc' dir='ltr'>λέγειν,</span> <span class='ocrx_word' id='word_1_635' title='bbox 1470 5414 1564 5472; x_wconf 66' lang='lat' dir='ltr'><strong>usco</strong></span> <span class='ocrx_word' id='word_1_636' title='bbox 1575 5416 1620 5489; x_wconf 75' lang='lat' dir='ltr'><strong>ple</strong></span> <span class='ocrx_word' id='word_1_637' title='bbox 1629 5417 1711 5489; x_wconf 75' lang='lat' dir='ltr'><strong>stru,</strong></span> 
     </span>
    </p>
   </div>
   <div class='ocr_carea' id='block_1_5' title="bbox 156 5512 369 5572">
    <p class='ocr_par' dir='ltr' id='par_1_5' title="bbox 156 5512 369 5572">
     <span class='ocr_line' id='line_1_56' title="bbox 156 5512 369 5572; baseline 0.009 -13"><span class='ocrx_word' id='word_1_638' title='bbox 156 5512 277 5563; x_wconf 67' lang='lat' dir='ltr'><strong>illumi</strong></span> <span class='ocrx_word' id='word_1_639' title='bbox 290 5523 369 5572; x_wconf 75' lang='grc' dir='ltr'>ειεει.</span> 
     </span>
    </p>
   </div>
   <div class='ocr_carea' id='block_1_6' title="bbox 0 0 2002 6176">
    <p class='ocr_par' dir='ltr' id='par_1_6' title="bbox 0 0 2002 6176">
     <span class='ocr_line' id='line_1_57' title="bbox 0 0 2002 6176; baseline 0 0"><span class='ocrx_word' id='word_1_640' title='bbox 0 0 2002 6176; x_wconf 95' lang='lat' dir='ltr'><strong> </strong></span> 
     </span>
    </p>
   </div>
  </div>
 </body>
</html>
