3948 6172
401 357 452 419 na
470 356 635 422 ceramo
655 360 729 423 sax
749 363 911 438 armon,
933 362 1008 425 ua.
1027 362 1067 438 v,
1094 359 1179 423 car.
1202 358 1253 420 ιι.
1561 350 1619 411 ιιι

58 515 171 579 lanum
188 519 311 599 prioris,
335 538 398 601 qna
417 520 514 586 lihers
538 523 625 587 illam
647 526 809 608 amplexus
857 528 970 610 agendi
982 531 1143 608 potestate,
1156 523 1210 588 sed
1222 524 1256 585 in
1268 521 1460 600 actioneipsa
1473 516 1620 579 cernitar.

58 616 105 671 est.
118 610 190 671 Inde
200 629 275 691 ergo
289 612 400 688 landis,
416 615 712 698 vituperationisque
721 638 809 701 seges
857 622 956 684 Nemo
967 620 1054 681 enim
1067 618 1107 679 ob
1129 618 1161 679 id
1178 614 1362 685 laudandus,
1375 616 1430 672 aut
1446 610 1625 688 vituperan-

59 704 275 783 estrepstenda,
287 710 362 768 utet
375 707 612 789 capitexnlibri
625 713 807 775 anteceden-
858 714 916 774 dus
942 716 997 784 est,
1025 710 1109 791 quod
1131 709 1270 781 honeste,
1296 704 1347 767 vel
1367 702 1499 783 turpiter
1525 704 1626 779 potest

59 793 92 856 tis
102 795 293 858 ostendimus.
857 799 1296 885 agere3sedetexrectelacto
1309 791 1622 865 commendationem,

858 902 890 959 ει
903 915 942 957 ex
955 896 1036 957 male
1048 894 1128 956 facto
1139 892 1282 967 dedecus,
1293 908 1329 951 ac
1342 905 1467 969 poenam
1476 888 1623 947 meretur.

858 990 914 1050 list
945 993 1053 1049 tamen
1082 982 1233 1047 libertatis
1265 983 1410 1043 humana
1443 995 1512 1059 pars
1544 976 1626 1039 male

858 1079 970 1159 agendi
983 1084 1128 1160 potestas,
1139 1076 1214 1153 sive,
1227 1080 1263 1136 ut
1276 1074 1419 1135 universe
1432 1072 1552 1150 loquar,
1562 1086 1627 1129 non

276 1133 461 1218 CAPUT
493 1136 574 1221 lv.
858 1171 968 1250 agendi
982 1170 1123 1250 perinde,
1138 1174 1230 1248 atque
1244 1163 1528 1247 agendi3quoniam
1537 1160 1628 1221 liberi

858 1262 989 1334 arbitrii,
1005 1268 1036 1324 ει
1049 1260 1207 1324 electionis
1220 1264 1332 1322 natura
1348 1258 1415 1319 hac
1427 1260 1483 1331 est,
1499 1258 1535 1316 ιιι
1547 1253 1628 1313 inter

859 1354 1001 1434 opposita
1013 1359 1166 1416 versetur.
1653 1410 1659 1419 .

63 1435 190 1512 Quatenus
198 1444 325 1518 potestm
335 1437 476 1520 mercedi
489 1438 529 1503 od
540 1440 704 1505 libertatem
716 1445 811 1524 perti·
900 1446 939 1506 Il.
961 1446 1042 1508 Hinc
1056 1452 1138 1508 recte
1152 1442 1296 1524 Procopii
1305 1439 1338 1504 E
1337 1439 1426 1521 slope
1440 1438 1472 1500 ic
1484 1435 1627 1512 Genesim,

93 1536 161 1589 mat.
176 1527 219 1589 De
232 1529 323 1593 laude
341 1531 508 1593 accuratius
520 1535 632 1613 opiter.
646 1535 727 1599 Eam
741 1536 810 1599 solis
860 1543 967 1599 contra
975 1538 1055 1615 illos,
1063 1538 1223 1618 quiDeum
1232 1535 1358 1596 aiebant
1366 1530 1491 1593 nonnisi
1497 1529 1627 1603 bonum,

93 1619 321 1696 sciscitasset
338 1628 463 1704 propter
485 1643 532 1687 eas
555 1625 659 1703 tsibm,
681 1646 732 1688 aee
751 1628 811 1690 arii
860 1648 896 1691 ac
922 1628 1021 1691 bonos
1046 1647 1151 1691 oreore
1176 1627 1328 1702 debuisse,
1351 1636 1444 1703 negat
1471 1622 1503 1682 ld
1520 1636 1630 1682 verum

93 1709 177 1773 Iidem
197 1730 235 1772 es
248 1712 404 1776 volontate
417 1714 573 1795 prosecta,
588 1735 654 1798 que
669 1720 810 1782 otmlssois
859 1720 991 1799 inissem
1004 1741 1044 1783 ne
1058 1738 1216 1796 mancum,
1233 1724 1264 1780 ει
1276 1717 1364 1798 quasi
1378 1714 1524 1777 claudum
1537 1717 1628 1789 essct,

93 1799 357 1883 elipeudipotestate
362 1804 495 1886 proedito
504 1812 555 1870 sit.
570 1807 676 1883 Fusus,
685 1816 714 1871 et
725 1811 812 1876 imoi-
861 1812 1027 1874 arbitrium
1046 1818 1188 1875 nostrum
1207 1811 1352 1885 liberum,
1371 1807 1498 1869 alterius
1518 1822 1629 1883 ampu-

94 1894 133 1953 tio
152 1912 283 1956 oocomm
311 1895 568 1979 dopmatistamm.
594 1900 754 1980 Quomodo,
782 1911 811 1966 et
860 1904 1117 1967 tentaculum.»
1138 1897 1441 1983 'Subjieiteruditam
1468 1897 1562 1975 hujus
1584 1896 1630 1957 rei

94 1984 233 2063 cmmode
251 1989 337 2050 rebus
351 1989 419 2053 locs
438 1991 499 2053 Deo
514 1998 676 2057 convectat.
696 1994 811 2077 Nempe
860 1997 1038 2059 rationem:
1063 2019 1079 2056 α
1106 1996 1350 2066 substantivum,
1375 1991 1488 2070 inquit,
1510 1988 1630 2051 bonum

95 2075 131 2136 od
149 2096 179 2139 eo
197 2078 356 2157 duntaxat,
377 2101 446 2164 τιατ
459 2091 547 2146 estro
564 2104 593 2147 se
616 2085 706 2148 libere
721 2087 809 2168 sarit.
862 2089 963 2150 solnm
978 2094 1024 2151 est
1036 2090 1189 2165 divinum,
1202 2086 1287 2168 quod
1300 2091 1331 2147 ct
1354 2083 1456 2145 solum
1475 2085 1522 2142 est
1539 2089 1629 2142 ater·

97 2168 138 2228 De
168 2167 279 2232 διτταί
312 2172 451 2236 libertate
483 2176 590 2254 obiter,
625 2177 715 2260 deque
747 2181 812 2261 ejas
862 2198 951 2242 num.
975 2180 1066 2247 Quod
1079 2179 1105 2240 si
1117 2178 1277 2241 immobile
1293 2177 1371 2238 illud
1385 2180 1441 2247 est,
1456 2172 1629 2252 oportebat,

10 2288 49 2331 ια
96 2267 272 2343 boioariam
293 2285 422 2347 quonam
441 2268 556 2331 ratione
570 2269 662 2332 libere
682 2270 744 2333 doec
764 2272 814 2334 illi
862 2272 982 2333 bonum
995 2277 1138 2334 nostrum
1151 2271 1220 2333 fieri
1233 2269 1400 2346 mobile,ut
1409 2267 1467 2328 hoc
1479 2264 1632 2345 particeps

10 2358 18 2391 r
95 2361 235 2434 competet.
265 2356 349 2419 Unde
372 2377 446 2421 noos
477 2360 575 2442 opimo
604 2360 641 2425 de
668 2362 812 2429 libertates
863 2364 912 2439 sit,
928 2365 1005 2426 illud
1028 2364 1242 2444 participatum
1257 2367 1288 2424 ει
1311 2359 1395 2440 qnod
1412 2354 1631 2437 participabilis

94 2452 193 2507 mmm
206 2447 590 2514 validissimeconoinoitur.
863 2463 909 2517 est
929 2456 1092 2536 particeps,
1120 2455 1226 2517 volens
1251 2452 1424 2533 participet.
1445 2447 1504 2509 Ubi
1525 2456 1631 2509 autem

863 2546 1007 2609 voluntas
1021 2553 1067 2608 est
1079 2545 1332 2627 participationis,
1347 2543 1391 2604 ibi
1414 2545 1460 2602 est
1476 2538 1586 2618 magis,
1601 2543 1632 2599 et

95 2629 116 2691 l.
140 2630 283 2693 Versatur
306 2639 412 2695 autem
438 2633 549 2696 hocin
572 2635 639 2697 loro
658 2654 813 2699 novorum
862 2639 978 2717 minus,
1000 2644 1036 2700 ut
1060 2639 1177 2700 dictum
1195 2642 1253 2700 est.
1280 2639 1362 2716 Ergo
1382 2635 1463 2696 inest
1484 2636 1515 2693 et
1535 2631 1629 2698 nolle.

10 2753 50 2796 u,
66 2728 215 2799 mmmm
230 2723 381 2801 jocularis
401 2725 544 2805 quedam
567 2726 734 2802 calumnia,
758 2730 814 2810 qui
863 2732 951 2805 Quod
965 2730 992 2791 si
1005 2749 1022 2791 e
1035 2730 1138 2792 medio
1152 2730 1312 2791 tolleretur
1322 2725 1486 2809 propensio
1499 2725 1533 2785 in
1546 2724 1631 2784 dete·

10 2816 24 2849 a
66 2811 456 2891 potsstatcmeligendimali,
465 2814 530 2876 sive
538 2817 684 2895 peccandi
697 2824 813 2899 negant
862 2823 939 2891 rius,
954 2822 1115 2885 tolleretur
1134 2841 1198 2883 una
1219 2826 1250 2883 et
1268 2821 1302 2880 in
1324 2819 1436 2880 melius
1452 2815 1628 2896 propensio.

10 2926 42 2977 ιιι
67 2898 269 2963 adlibertstem
287 2903 466 2966 ullomodo
487 2907 706 2986 pertinerem
729 2912 813 2989 quod
862 2915 916 2976 Εει
930 2915 1015 2975 enim
1028 2914 1193 2995 propensio
1206 2911 1364 2974 inclinatio
1380 2909 1420 2971 ab
1434 2925 1500 2968 uno
1512 2906 1547 2967 in
1559 2906 1633 2967 alta-

10 2971 44 3067 :r
66 2988 183 3054 dtfffllffl
197 2994 300 3074 l>⁰fi¹1³
314 2995 363 3072 Sil,
378 3003 409 3058 θῐ
428 2997 630 3075 imbecillibus,
647 3019 742 3080 quam
755 3020 811 3082 po·
862 3024 945 3079 rum,
962 3006 1101 3086 adeoque
1115 3005 1155 3067 ab
1166 3023 1214 3082 eo,
1230 3004 1315 3084 quod
1327 3020 1392 3064 non
1403 3000 1464 3061 tale
1477 3004 1532 3072 cst,
1544 2998 1630 3075 inid,

10 3084 43 3173 π
66 3083 294 3164 uitiatarum,
310 3088 813 3154 otiorestarnmrerumsubstan·
862 3098 945 3178 quod
957 3102 1004 3158 est
1016 3097 1088 3159 tale.
1104 3098 1214 3176 ltaque
1229 3095 1366 3175 siquod
1379 3092 1439 3154 tale
1452 3090 1576 3167 dicitur,
1586 3095 1633 3150 est

11 3209 41 3251 p,
66 3173 350 3252 transmetantis,
368 3181 452 3260 quod
465 3187 547 3247 εειτι
562 3184 640 3253 stobi,
658 3184 813 3248 delectum
862 3188 998 3266 honum,
1019 3189 1192 3269 oportebat,
1217 3187 1310 3248 ctiam
1336 3185 1414 3247 illud
1434 3200 1509 3260 esse,
1529 3200 1548 3242 a
1569 3200 1632 3261 quo

66 3264 180 3346 aliquem
202 3269 297 3332 babet
312 3271 506 3351 adjunctum,
527 3275 613 3337 velut
638 3283 757 3354 οισιιιιη,
782 3282 813 3340 ει
862 3280 1000 3343 desciscit
1007 3300 1016 3356 ;
1044 3280 1196 3355 videlicet,
1217 3280 1301 3359 quod
1329 3277 1464 3357 reliquit,
1487 3285 1535 3351 et,
1560 3291 1632 3336 cnm

66 3357 184 3438 indum,
205 3367 242 3423 ut
266 3362 364 3442 possit
383 3383 448 3426 non
472 3383 549 3444 esse,
572 3372 604 3429 et
627 3367 661 3428 in
678 3368 812 3430 nihilum
863 3372 1010 3453 possetin
1023 3373 1102 3434 illud
1115 3371 1257 3449 nauare,
1273 3388 1338 3432 non
1350 3368 1522 3432 tanente.
1537 3368 1632 3441 »Qum

66 3447 159 3527 dilabi3
174 3454 216 3514 sio
229 3472 338 3516 earum
349 3457 498 3535 potentia,
514 3463 546 3520 ct
556 3459 668 3538 agendi
681 3458 728 3520 vis
740 3478 811 3540 per·
865 3464 1008 3544 Psosopii
1020 3464 1186 3544 disputatio
1200 3463 1348 3544 preclara
1361 3466 1418 3538 est,
1426 3466 1458 3522 ct
1470 3458 1632 3521 notatione

67 3540 278 3608 indemaucnm
294 3547 428 3628 aliquid,
444 3568 479 3611 ac
493 3550 646 3612 deiectum
659 3551 762 3629 habet,
777 3559 813 3614 ut
865 3555 974 3634 digna3
988 3574 1028 3617 ex
1049 3574 1112 3636 qua
1132 3556 1347 3635 intelligimus,
1368 3570 1435 3614 non
1455 3569 1543 3633 posse
1561 3550 1633 3612 conss

67 3632 187 3699 aberrare
209 3640 317 3717 possit,
346 3641 430 3720 quod
458 3642 584 3721 proprie
609 3649 655 3704 est
681 3651 812 3725 ἁμαρτεῖν.
865 3653 945 3709 stare
953 3647 1042 3709 liberi
1056 3647 1177 3709 arbitrii
1190 3652 1384 3728 potestatem,
1393 3646 1520 3724 ejusque
1529 3640 1631 3705 notio·

68 3721 126 3787 flac
143 3730 225 3791 enim
248 3731 406 3810 primaria,
420 3738 452 3794 et
475 3734 633 3814 originalis
651 3736 730 3796 ratio
756 3742 812 3813 est,
864 3757 949 3817 nem,
964 3740 1031 3801 sine
1050 3739 1193 3801 facultate
1209 3737 1421 3820 propendendi
1431 3736 1465 3796 in
1479 3735 1632 3797 utrumvis

11 3852 35 3895 ,ι
68 3833 111 3877 cor
127 3828 260 3882 creatum
283 3839 377 3885 omne
401 3822 603 3906 εἰιιμαριητιν,
619 3826 714 3906 quod,
740 3833 815 3888 ute
864 3828 928 3892 sive
947 3832 1183 3906 contentionum,
1210 3831 1273 3892 sive
1299 3829 1522 3910 oppositorum.
1547 3826 1632 3887 [dem

11 3916 28 3948 ²
68 3907 146 3971 nildlo
159 3914 355 3992 productum,
370 3915 404 3976 in
423 3916 556 3979 nihilum
578 3919 679 3980 redire
701 3924 813 3999 potest,
864 3940 969 4002 porro,
982 3942 1045 4002 qua
1058 3929 1196 3984 creatum
1219 3927 1276 3997 εει,
1300 3920 1413 3981 tamin
1430 3919 1547 3980 malum
1560 3935 1630 3978 ver·

68 3998 102 4060 tic
122 4002 152 4063 in
176 4007 298 4085 agendo
325 4006 466 4085 deficere,
488 4014 519 4070 ct
536 4027 688 4073 exerrare.
714 4012 815 4085 Quare
863 4031 936 4094 gere
950 4019 1060 4093 potest,
1076 4032 1171 4094 qnam
1191 4013 1225 4073 in
1247 4012 1378 4086 bonum,
1400 4027 1437 4071 eo
1460 4009 1543 4089 qnod
1566 4027 1630 4069 uon

68 4091 198 4158 voluntati
210 4099 372 4176 humanm,
388 4105 420 4162 ct
429 4101 676 4180 Angelicar‚cum
690 4109 815 4165 creatu·
865 4110 911 4167 est
934 4104 1053 4166 bonum
1077 4112 1215 4174 stolatae,
1238 4103 1270 4164 id
1297 4108 1343 4164 est
1368 4100 1552 4175 substantioe,
1576 4100 1631 4162 aad

68 4190 353 4266 reconditione,illa
366 4210 490 4271 quoqne
502 4192 663 4255 deficiendi
674 4195 816 4274 cstinge-
864 4195 981 4261 mutari
1002 4201 1103 4275 potest
1126 4197 1166 4256 ab
1179 4194 1303 4259 unosin
1330 4194 1477 4267 alterum
1498 4209 1566 4271 quas
1585 4197 1632 4252 est

68 4274 265 4358 nouenae,
279 4301 345 4344 non
361 4284 535 4359 utmalum,
551 4286 744 4364 qnamalum
757 4292 814 4362 est,
866 4294 949 4366 ῥοπὴ,
978 4288 1044 4348 sive
1069 4287 1234 4361 inclinatio,
1263 4303 1324 4365 qua
1351 4302 1511 4366 suspensa,
1539 4288 1571 4345 et
1595 4284 1629 4345 in

69 4369 198 4432 ιισίειειε·
212 4375 321 4453 possit,
334 4375 388 4437 sed
406 4381 443 4436 ιιι
462 4377 567 4438 minus
588 4376 707 4438 bonum
727 4383 816 4439 ante·
866 4378 968 4440 medio
981 4377 1066 4440 velut
1087 4379 1209 4453 librata,
1224 4378 1366 4439 voluntas
1384 4382 1492 4457 suopte
1505 4381 1587 4438 nutu
1600 4382 1632 4438 ct

69 4474 163 4536 ponere
188 4466 332 4542 meliori,
360 4485 458 4547 eaque
491 4467 640 4529 naturalis
673 4469 818 4548 quedam
866 4471 1089 4548 arbitrioinid,
1105 4471 1188 4550 quod
1196 4469 1321 4531 libitum
1334 4477 1389 4538 est,
1403 4469 1539 4531 inclinat.
1551 4469 1631 4528 Hinc
1698 4494 1702 4500 ·

69 4546 169 4616 bonitas
190 4563 247 4630 est,
269 4569 301 4619 et
322 4558 477 4638 perfectio.
502 4560 581 4621 Nam
604 4577 675 4640 quac
692 4560 817 4622 moralis
866 4562 953 4623 Titus
967 4560 1631 4645 Bostrensisvetusauctor¹,etgravisinsc-

69 4639 170 4717 dicitsn,
185 4667 224 4710 ex
238 4668 301 4730 qua
313 4651 437 4733 proprie
457 4651 526 4713 laus
539 4653 690 4733 sequitur,
705 4670 770 4716 nou
784 4651 817 4713 in
866 4654 967 4716 cundo
981 4662 1085 4715 contro
1104 4652 1291 4731 Maoiodoeos,
1306 4674 1323 4713 α
1343 4654 1554 4716 Necessarium
1567 4671 1632 4716 esse

96 4871 237 4929 aPsocoe.
255 4873 319 4929 Οὐδὲ
335 4874 421 4948 χωλὸν
434 4870 496 4928 εἶναι
509 4874 538 4929 rb
556 4872 593 4947 ἐφ’
605 4875 666 4948 ἡμῖν
676 4875 814 4947 repressat·
863 4871 1002 4944 salimes,
1023 4877 1058 4940 ὣς
1076 4876 1181 4950 εἴρηται.
1203 4875 1290 4931 otram
1311 4875 1352 4929 acl
1381 4875 1414 4948 μὴ
1436 4876 1541 4946 θιλησις.
1566 4874 1587 4929 εἰ
1605 4877 1631 4931 tl

69 4959 152 5021 ταιῆς
163 4958 263 5029 θατέρου
281 4959 417 5030 δυνάμεως.
435 4958 551 5020 οὐσιῶδες
568 4957 616 5030 γὰρ
632 4957 719 5030 ἀγαθὸν
734 4959 814 5034 μόνον
864 4958 986 5032 ἀναίρεσις
999 4956 1029 5029 ἤν
1043 4965 1087 5029 τῆς
1102 4958 1141 5014 ἐπὶ
1161 4960 1191 5015 τὸ
1213 4963 1298 5034 χαῖρον
1318 4959 1405 5032 ῥοπῆς,
1428 4960 1468 5013 καὶ
1480 4962 1524 5026 τῆς
1543 4956 1581 5011 ἐπὶ
1602 4959 1631 5013 rb

69 5033 165 5102 τδιιῖοι,
179 5041 194 5094 δ
206 5041 248 5094 aad
263 5042 339 5112 μόνον
358 5036 446 5093 derso.
469 5040 491 5093 εἰ
507 5040 534 5093 δὲ
556 5039 669 5109 ἀκίνητον
684 5037 772 5103 isaim,
786 5040 815 5094 rb
863 5044 963 5115 χεῖρον·
979 5041 1207 5115 ἐγινιτο.ροιτὴγὰρ
1221 5042 1298 5104 κλίσις
1312 5042 1361 5096 ἀπό
1375 5061 1440 5104 τινος
1455 5038 1631 5104 electissimis

68 5112 167 5192 lpsttpoa
180 5121 270 5195 ἀγαθὸν
288 5122 364 5197 ἐχρῆν
382 5122 710 5197 ,semiamputatis
731 5122 772 5176 καὶ
786 5122 815 5177 τὸ
864 5123 956 5196 intpp
970 5127 1067 5178 τοιοῦδε
1083 5123 1116 5187 εἰς
1127 5127 1232 5179 τοιόνδε.
1248 5124 1269 5178 sl
1282 5123 1308 5177 tt
1321 5125 1350 5179 τὸ
1362 5127 1457 5179 τοιόνδε
1469 5124 1568 5197 ἀγαθὸν,
1584 5122 1631 5177 ἔδει

69 5198 104 5267 pb
115 5205 209 5278 ματίῃ,
227 5206 258 5259 rb
272 5206 414 5280 μιτὲχηται,
428 5207 468 5260 καὶ
483 5207 574 5280 patim
589 5207 658 5261 θιλοι
673 5210 717 5261 τοῦ
733 5206 816 5279 palra-
865 5200 928 5259 εἶναι
945 5205 987 5259 καὶ
1005 5207 1034 5261 rb
1048 5205 1073 5269 ἒξ
1087 5201 1116 5262 οὔ
1130 5209 1280 5281 μεθίσταται·
1295 5208 1370 5279 ἤγουν
1385 5209 1444 5281 ὅπερ
1459 5207 1564 5281 ἀφῆκεν,
1580 5205 1631 5272 ἐξὸν

68 5286 104 5334 m
115 5285 141 5338 rb
150 5289 262 5364 μετέχον.
273 5290 336 5344 ὅπου
345 5288 372 5344 rt
384 5289 604 5365 θιλησιςμιτοχῆς,
613 5290 654 5344 καὶ
668 5289 698 5345 τὸ
710 5289 814 5364 μᾶλλον,
865 5288 899 5354 εἰς
913 5288 973 5344 αὐτο
987 5295 1144 5365 μεταστῆναι,
1159 5290 1193 5366 μὴ
1208 5290 1341 5365 μιταστάν.

89 5487 167 5536 tlon.
178 5493 206 5539 il
217 5489 503 5543 assumpseramus.
516 5490 618 5545 -·1a0.
633 5480 739 5555 βιλτῑον.
814 5494 821 5505 ·
