3948 6172
337 360 397 421 m
847 352 1173 417 Tammctcoatttt
1193 351 1412 416 DOGMATUM

338 525 532 606 agendarum
545 524 709 607 discrimen
725 520 882 600 objicitur,
898 521 951 583 sed
972 527 1108 599 actuosa,
1160 523 1305 600 volendo,
1320 520 1493 583 consentire
1515 538 1547 583 se
1569 522 1672 596 sentit,
1694 522 1812 584 liberum
1825 526 1882 586 arbi

339 623 417 678 etat
430 617 520 696 vulgo
533 616 715 696 loquuntur,
741 621 860 695 πρακτικὴ
885 632 950 675 non
963 622 1109 695 θεωρητική.
1160 618 1256 679 trium
1281 614 1436 676 credimus
1469 614 1640 688 nominari,
1669 619 1723 675 etc.
1749 615 1881 679 Arbitrium

341 711 491 786 Quaetam
504 709 564 769 hoc
577 715 695 789 optare,
709 724 805 786 quam
816 706 893 767 illud
908 707 943 767 iu
960 711 1111 786 potestate
1160 710 1276 791 quippe
1294 707 1447 788 judicium
1473 712 1527 768 est.
1559 707 1646 768 Sicut
1664 725 1733 768 vere
1753 707 1883 786 judiciast

341 820 406 864 esse
419 803 626 878 demonstrat,
646 805 678 861 et
700 799 816 860 habere
832 805 1002 878 utrumque
1015 804 1112 860 certas
1163 803 1346 873 discernere,
1362 800 1554 879 quodliceat,
1570 797 1621 860 rel
1634 799 1713 879 qnod
1725 818 1783 861 non
1794 799 1880 877 liceat·

232 916 238 931 ¹
342 913 458 966 causas,
475 901 601 974 propter
615 891 928 973 qrrasappetipossit;
943 892 1111 952 sedunum
1163 899 1221 956 etc.
1233 893 1438 972 itajudicium
1452 893 1533 953 cirea
1542 892 1606 954 duo
1623 893 1732 953 versari
1744 893 1816 968 dicit,
1828 912 1884 972 quc-

341 985 429 1048 alteri
451 985 708 1066 praeponendum.
738 984 782 1043 Aa
794 983 885 1062 plura
899 989 973 1043 sunt
990 1001 1112 1063 semper
1162 1005 1234 1048 rum
1257 985 1390 1047 alterum
1407 985 1448 1046 ab
1474 985 1569 1046 altero
1596 983 1766 1060 secernitur,
1792 984 1884 1045 domei

341 1079 380 1139 de
393 1079 441 1155 iis,
458 1096 528 1159 quae
551 1078 682 1153 diversa,
698 1076 748 1136 vel
762 1075 916 1136 contraria
930 1093 1111 1155 proponun-
1162 1077 1366 1160 praeponitnr,
1379 1084 1415 1138 ut
1426 1077 1560 1158 hocprae
1570 1077 1665 1138 altero
1675 1076 1882 1154 voluntaseligrt

340 1176 405 1246 tur,
430 1170 580 1249 eligendis
603 1168 722 1248 judicia
752 1167 897 1243 rationis,
925 1185 964 1228 ex
987 1167 1110 1246 quibus,
1203 1170 1370 1249 Egregium
1383 1176 1416 1231 et
1430 1169 1507 1230 illud
1528 1175 1575 1230 est
1595 1167 1884 1230 eodeminlibroller·

342 1263 425 1342 quod
449 1262 559 1336 malit,
586 1261 673 1340 sequi
696 1262 853 1339 integrum
877 1260 917 1320 sit
943 1260 1112 1334 voluntati,
1164 1263 1264 1331 nardi,
1281 1268 1312 1324 et
1334 1263 1373 1323 ad
1393 1261 1543 1323 libertatis
1553 1262 1700 1321 humanae
1712 1262 1885 1340 proprietatem

342 1355 425 1434 quod
442 1354 577 1415 inomni
596 1351 829 1427 deliberatione,
846 1357 875 1412 et
890 1351 1114 1412 consultatione
1165 1354 1384 1416 declarandam
1395 1353 1603 1433 aptissimum,
1619 1353 1778 1433 quodpone
1787 1370 1882 1433 penu,

342 1446 498 1506 usuvenit.
511 1445 573 1505 Ubi
597 1446 678 1506 enim
695 1464 759 1505 una
776 1445 994 1505 tautummodo
1008 1461 1068 1519 res,
1084 1449 1116 1503 ct
1164 1448 1227 1508 sive
1241 1446 1383 1527 peccandi
1392 1444 1630 1527 possibilitatem,
1646 1452 1760 1525 partem
1771 1463 1823 1505 esse
1834 1445 1884 1505 dut

342 1537 982 1618 singularitraetandamodo,voluntatiest
996 1535 1115 1613 objecta
1163 1540 1254 1602 liberi
1278 1539 1409 1615 arbitrii,
1434 1544 1541 1601 ronna
1564 1555 1660 1617 quam
1686 1555 1760 1597 nora
1771 1537 1883 1615 theologia

342 1633 395 1705 ita,
411 1638 447 1692 ut
475 1636 506 1691 et
530 1649 595 1691 non
617 1648 709 1710 agere
737 1635 881 1709 nequeat,
898 1634 929 1689 et
956 1647 1020 1689 nou
1036 1627 1115 1709 'plus
1164 1632 1272 1693 sciscit.
1293 1653 1308 1690 u
1324 1631 1403 1707 soti,
1418 1631 1532 1711 inquit,
1546 1631 1630 1692 inter
1645 1630 1800 1691 animantia
1808 1629 1882 1689 daun

343 1742 408 1784 uno
422 1723 517 1803 possit
531 1741 623 1801 agere
643 1722 766 1783 :omnis
786 1727 833 1782 est
853 1721 974 1781 sublata
987 1727 1113 1782 cuncta·
1165 1730 1211 1785 est
1227 1724 1348 1785 homini
1369 1741 1457 1804 posse
1481 1741 1621 1801 peccare,
1637 1722 1676 1782 ob
1698 1720 1882 1801 prerogativam

302 1865 304 1869 ,
343 1817 386 1877 tio
401 1834 437 1876 ae
450 1815 640 1891 deliberatio,
649 1814 809 1894 nequevel
823 1814 987 1876 consilium
993 1833 1112 1892 capere,
1165 1816 1253 1878 liberi
1265 1816 1395 1876 arbitrii.
1412 1817 1525 1876 Datum
1548 1820 1664 1890 autem,
1679 1832 1740 1873 non
1751 1819 1782 1873 ut
1790 1813 1882 1892 proinde

344 1909 394 1969 vel
407 1908 520 1987 eligere
533 1908 656 1983 dicitur,
676 1912 712 1967 nt
725 1907 759 1967 in
779 1906 872 1968 tertio
888 1906 967 1968 libro
982 1907 1055 1967 satis
1069 1911 1116 1967 est
1165 1913 1316 1989 peccaret,
1332 1906 1386 1968 sed
1400 1914 1435 1967 ut
1448 1906 1615 1986 gloriosior
1636 1896 1711 1967 inde
1720 1905 1880 1985 appareretsi

343 2000 522 2081 probatum.
537 2000 627 2061 Unde
640 2000 837 2078 perspicuum
851 2003 896 2061 est
905 2016 950 2059 eae
967 1998 1115 2059 Bernardi
1164 2020 1229 2062 non
1243 2005 1394 2080 peccaret,
1410 2018 1482 2060 cum
1496 2016 1623 2078 peceare
1634 2002 1739 2079 posset.
1754 1997 1881 2069 Quidnam

344 2093 517 2164 sententia,
543 2091 679 2151 liberum
704 2090 868 2151 arbitrium
896 2108 1033 2163 cessare,
1061 2090 1116 2151 ubi
1165 2112 1225 2173 que
1238 2092 1401 2172 gloriosius
1412 2093 1441 2153 ei
1453 2109 1517 2153 ease
1528 2096 1661 2170 poterat,
1673 2106 1760 2169 quam
1771 2090 1791 2148 si
1799 2087 1827 2148 de
1836 2088 1880 2167 ipso

345 2184 509 2245 necesitas
523 2181 654 2261 simplex
674 2187 771 2242 arctat
785 2182 899 2261 ipsum,
916 2188 947 2243 et
960 2182 1000 2242 ad
1016 2200 1116 2242 unum
1165 2187 1331 2262 diceretur,
1355 2183 1437 2263 quod
1462 2183 1625 2262 Scriptura
1644 2180 1772 2262 perhibet
1790 2181 1879 2240 dicen:

346 2275 470 2353 alligat,
489 2280 544 2350 ut,
576 2290 756 2353 quanquam
792 2278 913 2352 sponte,
941 2292 976 2333 ac
1002 2291 1115 2352 magno
1166 2277 1240 2352 Quia
1260 2284 1304 2338 est
1317 2274 1378 2351 lic,
1402 2272 1639 2361 etubrndubimaa
1650 2292 1712 2333 eam
1726 2270 1762 2331 ⁸?
1778 2270 1880 2332 Undeita

346 2367 458 2429 affeetu
473 2384 510 2426 oo
532 2365 683 2446 rapiatur,
710 2384 775 2426 non
795 2371 901 2425 tamen
914 2364 1055 2426 libertate
1082 2365 1115 2424 in
1164 2369 1339 2430 laudandus
1352 2367 1368 2428 ⁰?
1382 2366 1466 2429 Fecit
1481 2365 1559 2427 eat-m
1575 2364 1763 2428 mirabilioris
1776 2364 1878 2424 ritant.

345 2461 406 2521 hoc
415 2463 521 2519 utatur
532 2475 590 2518 sua
604 2477 611 2518 :
626 2456 710 2537 quod
722 2456 756 2518 in
769 2457 868 2519 beatis
890 2458 988 2519 Deum
1007 2475 1115 2518 aman·
1165 2462 1265 2537 Qum?
1279 2461 1336 2537 (iat
1346 2459 1447 2541 potnit
1466 2457 1646 2540 transgredi,
1660 2466 1686 2518 et
1703 2463 1879 2518 onerans·

346 2551 429 2612 tibus
442 2550 561 2612 accidit·
1165 2574 1287 2636 pessus,
1303 2554 1400 2634 secere
1413 2550 1734 2630 reclamassent.»

386 2644 459 2704 XII.
491 2644 613 2703 Rursus
647 2641 731 2703 idem
758 2640 936 2702 Bernardus
966 2641 1117 2703 libertatis
1206 2649 1351 2708 Hoevero
1360 2645 1443 2706 istud
1453 2645 1603 2723 estquod
1612 2639 1879 2722 supraadrersusllcg-
1914 2672 1917 2681 ·

347 2741 493 2796 naturam
516 2735 673 2795 evidenter
706 2734 806 2814 aperit
826 2733 860 2793 in
897 2732 951 2793 illa
968 2733 1117 2795 divisione
1165 2740 1304 2800 matistas
1323 2755 1460 2817 nuperos
1478 2737 1691 2816 exposuimus,
1705 2731 1878 2814 perititiam
1921 2723 1925 2732 '

347 2828 507 2904 libertatis,
543 2846 606 2907 qtta
630 2826 785 2908 triplicem
809 2844 879 2887 eam
905 2825 990 2887 facit·
1017 2827 1118 2887 Alium
1168 2830 1310 2913 peccandi
1324 2830 1364 2891 ad
1377 2830 1554 2891 libertatem
1567 2827 1737 2902 voluntatis,
1746 2830 1772 2886 et
1782 2822 1877 2884 ratium

348 2920 433 2983 enim
449 2919 615 2981 libertatem
629 2919 824 2981 emunitate
844 2917 985 2979 nominat
1002 2965 1009 2979 .
1024 2918 1117 2980 aliam
1167 2924 1233 3003 ejus
1246 2924 1324 3001 vim,
1341 2942 1378 2983 ac
1391 2921 1571 2984 facultatem
1585 2921 1740 3002 pertinere,
1755 2922 1793 2991 ut,
1805 2930 1877 2994 quan-

348 3020 529 3095 operrato:
564 3012 657 3073 aliam
680 3031 698 3073 u
725 3011 856 3072 miserto.
885 3010 1073 3073 Libertatem
1099 3031 1119 3072 a
1167 3017 1221 3078 diu
1234 3015 1415 3077 inbacvita
1423 3009 1876 3090 consistimus,eanobisintegun

348 3105 528 3168 necessitate
550 3103 726 3165 naturalem
752 3102 875 3180 rocat¹‚
913 3107 945 3163 et
970 3103 1001 3162 in
1017 3103 1118 3181 prima
1167 3108 1207 3170 sit
1221 3110 1276 3169 uti.
1287 3106 1500 3187 Eamdemque
1511 3106 1604 3167 nobis
1616 3123 1677 3167 esse
1689 3107 1876 3185 proptereacou

353 3203 499 3259 uncturae
524 3196 702 3257 conditione
726 3193 879 3271 collatam,
908 3212 971 3273 qua
995 3200 1119 3274 praesta·
1167 3219 1296 3273 cessam,
1311 3219 1376 3261 uon
1389 3187 1877 3279 utpeecaremus,sedutcumlsude

348 3307 419 3350 mus
448 3288 566 3355 tffiteris
605 3286 827 3348 animanlibus·
847 3295 866 3344 ι’
890 3286 1079 3346 Libertatem
1100 3305 1119 3348 a
1167 3293 1326 3354 aamerito
1338 3290 1418 3353 bene
1432 3310 1607 3370 ageremus,
1622 3292 1679 3351 hoc
1691 3284 1875 3351 estnoudctcr·

348 3387 485 3463 peccato,
505 3399 594 3459 aqua
618 3379 826 3440 reformamur
847 3377 882 3438 in
908 3378 1119 3440 innocentiam
1167 3385 1280 3446 minati
1301 3383 1483 3445 necessitate
1503 3383 1621 3463 aliqua,
1645 3387 1674 3443 et
1686 3378 1785 3458 alligati
1801 3375 1829 3435 ad
1841 3372 1876 3432 bc

350 3473 474 3535 norain
501 3473 622 3533 Christo
637 3477 789 3547 creatura,
804 3491 821 3529 u
839 3469 888 3531 cui
909 3469 1062 3531 mntraria
1074 3477 1120 3533 est
1167 3495 1256 3547 uum,
1281 3475 1334 3537 sed
1354 3476 1408 3549 ita,
1431 3481 1476 3552 ut,
1504 3494 1580 3536 cum
1596 3476 1630 3536 in
1651 3466 1875 3535 malumdeclimtt

350 3564 466 3646 peccati
479 3561 642 3638 servitus’,
657 3584 672 3621 a
685 3563 961 3642 quaenoscaptivat
973 3562 1006 3623 in
1019 3561 1120 3643 legem
1167 3586 1338 3650 possemus,
1354 3568 1451 3629 libere
1468 3586 1504 3628 ac
1522 3573 1643 3648 sponte,
1664 3565 1739 3646 quod
1757 3562 1874 3622 baraton

350 3656 478 3738 peccati.
494 3676 509 3713 u
527 3652 716 3715 Libertatem
731 3672 750 3713 a
763 3654 898 3730 miseria,
926 3672 987 3733 qua
1011 3654 1119 3715 erimi-
1169 3665 1225 3735 est,
1238 3659 1401 3722 mallemus
1415 3659 1571 3740 persequi.
1592 3660 1691 3735 Pergit
1702 3655 1773 3717 enim
1784 3653 1874 3712 liema-

351 3767 425 3810 mur
438 3765 562 3828 apoena
581 3746 707 3826 peccati,
729 3745 790 3805 hoc
803 3749 848 3805 est
861 3764 881 3804 a
893 3751 1005 3820 morte,
1034 3752 1121 3807 eaete-
1169 3753 1238 3827 dus,
1258 3767 1289 3814 et
1313 3752 1417 3814 scribit
1443 3752 1507 3812 sie:
1532 3750 1696 3813 spumavit
1719 3752 1811 3818 autem,
1825 3737 1875 3817 qaia

351 3843 455 3921 risque
486 3836 702 3910 ncommods,
732 3854 803 3915 que
826 3854 866 3897 ex
888 3836 1004 3915 peccati
1026 3837 1121 3917 stirpe
1169 3843 1492 3907 nbcmmeituitrtec
1505 3835 1874 3923 utundeprofecutitenu

351 3933 556 4014 pullularunt.
573 3930 677 3991 Prima
690 3929 816 3989 libertas
829 3932 876 3988 est
887 3927 930 4004 id,
946 3928 1029 4006 qnod
1044 3928 1120 3990 libe-
1170 3937 1232 3998 nisi
1245 3956 1284 3998 ex
1296 3936 1438 3998 libertate
1449 3936 1583 4007 arbitrii,
1597 3931 1797 4015 dequautique
1807 3925 1875 3984 incur

350 4045 418 4087 ram
428 4023 590 4088 orbr'triam
604 4022 728 4101 proprie
743 4020 855 4081 dicitur
873 4018 896 4095 ³3
913 4038 983 4098 quae
993 4021 1121 4100 quidem
1169 4029 1198 4091 ei
1214 4028 1396 4108 possibilitas
1408 4028 1566 4108 peccandi.
1584 4030 1645 4089 Nec
1656 4020 1803 4089 tameniuit
1813 4013 1875 4090 cup

351 4117 476 4177 libertas
489 4138 501 4174 ι
516 4132 615 4194 aeq1e,
631 4119 662 4175 et
675 4112 890 4174 indifferenter
903 4113 975 4184 Deo,
999 4112 1122 4175 univer·
1169 4120 1281 4193 dantis,
1310 4119 1364 4181 sed
1390 4120 1557 4198 abutentis,
1588 4120 1641 4200 qui
1669 4119 1755 4198 ipsam
1777 4105 1876 4170 rideirct

352 4215 519 4287 sequetem
532 4207 623 4268 malm
637 4224 732 4285 qnam
745 4205 837 4265 boum
850 4204 997 4265 rationali
1006 4222 1120 4267 conve·
1138 4226 1144 4245 ι
1168 4211 1345 4274 facultatem
1359 4212 1510 4273 convertit
1521 4213 1555 4272 in
1565 4230 1655 4273 usum
1664 4204 1798 4291 peccandi,
1809 4210 1875 4277 pam

352 4302 399 4361 nit
412 4307 572 4361 creature.
590 4300 653 4360 Nec
665 4302 803 4378 peccato,
824 4296 1120 4358 necmiseriaamit·
1168 4309 1328 4384 acceperat
1349 4303 1388 4364 ad
1416 4304 1548 4383 glo1iam
1576 4323 1638 4365 non
1663 4294 1793 4382 peccaodi.
1813 4289 1874 4357 Νιιι,

351 4393 440 4465 titur,
456 4392 504 4452 vel
519 4391 685 4466 minuitur;
705 4407 763 4450 nec
789 4389 890 4465 major
911 4387 945 4448 in
963 4387 1048 4468 justo
1063 4394 1119 4465 est,
1169 4399 1226 4457 etsi
1253 4397 1389 4476 peccavit
1415 4414 1454 4457 ex
1478 4414 1580 4476 posse,
1610 4394 1688 4476 qnod
1711 4385 1812 4466 accepit,
1830 4392 1873 4481 not

352 4502 448 4564 quam
459 4484 492 4543 iu
520 4488 694 4563 peccatore;
721 4499 779 4541 nec
797 4480 921 4560 plenior
941 4481 974 4540 in
989 4481 1118 4559 Angelo,
1168 4494 1274 4548 tamen
1288 4487 1362 4568 quia
1372 4488 1484 4566 potuit,
1493 4487 1546 4549 sed
1561 4488 1635 4568 quia
1644 4479 1873 4546 voluitNeccum,

353 4594 447 4657 quam
457 4576 491 4635 iu
501 4574 670 4651 hominen
688 4581 745 4635 etc.
766 4595 781 4631 a
794 4574 900 4633 Manet
911 4591 985 4651 ergo
997 4572 1122 4634 libertas
1169 4580 1390 4660 prevaricante
1404 4579 1543 4656 Diabolo,
1560 4585 1592 4640 et
1609 4561 1874 4657 superadunatum

352 4668 535 4745 voluntatis,
565 4666 621 4727 ubi
639 4667 733 4727 etiam
757 4665 793 4726 fit
812 4665 971 4744 captivitas
995 4666 1119 4743 mentis,
1169 4671 1221 4731 alii
1231 4670 1510 4750 praevaricatisunt,
1519 4672 1661 4752 nunquia
1672 4684 1729 4729 non
1741 4654 1874 4743 potuerant,

353 4767 420 4822 tam
433 4761 526 4841 plena
539 4758 666 4839 quidem
684 4757 717 4817 in
737 4757 838 4830 maiis,
861 4774 957 4835 quam
970 4762 1001 4817 et
1018 4759 1050 4817 in
1064 4757 1119 4818 bo·
1168 4762 1223 4823 sed
1243 4763 1316 4842 quia
1337 4762 1516 4825 noluerunt.
1531 4762 1685 4825 Peccantis
1702 4757 1782 4835 igitur
1792 4749 1873 4846 lopati,

353 4853 413 4927 nis,
428 4853 480 4915 sed
503 4853 535 4912 in
549 4851 640 4912 bonis
653 4848 858 4909 ordinatior.»
874 4849 957 4907 Tum
972 4848 1121 4911 libertatis
1169 4872 1233 4916 non
1247 4855 1330 4916 dono
1342 4856 1540 4917 ascribendus
1554 4863 1598 4918 est
1610 4848 1762 4936 potestatis,
1772 4840 1813 4903 sed
1823 4838 1874 4895 uto

353 4944 464 5024 hujus,
493 4949 523 5006 et
549 4941 668 5004 arbitrii
694 4940 785 5002 liberi
813 4946 957 5001 naturam
993 4942 1121 5021 propius
1169 4946 1376 5008 voluntatis.»
1402 4947 1549 5021 Quocirca
1583 4945 1669 5008 liberi
1692 4933 1791 5003 arbitrii
1808 4928 1873 4989 uest

353 5039 528 5117 attingens,
557 5058 572 5095 u
586 5037 633 5096 Ex
644 5034 703 5096 hac
715 5052 789 5113 ergo
806 5036 941 5109 tantum,
956 5033 1009 5108 ait,
1027 5033 1119 5093 liber·
1169 5037 1330 5109 duntaxat,
1346 5043 1377 5099 et
1389 5038 1529 5113 humani,
1543 5040 1593 5101 rel
1602 5032 1728 5115 Argolici
1739 5034 1825 5090 ustura
1833 5017 1874 5113 ιιι

354 5136 428 5201 tate,
445 5149 506 5209 qua
526 5129 660 5193 liberum
673 5133 719 5189 est
731 5126 884 5187 voluntati
897 5126 1029 5204 seipsam
1040 5124 1122 5203 judi·
1168 5129 1314 5209 postulat,
1328 5136 1365 5192 nt
1376 5149 1415 5193 ex
1428 5149 1472 5205 se,
1489 5137 1520 5193 et
1534 5133 1608 5193 citra
1621 5108 1872 5215 omnipotentenllt¹

353 5242 435 5300 care,
450 5223 500 5283 vel
512 5222 638 5299 bonam,
654 5218 680 5282 ii
693 5219 788 5295 bono,
797 5219 847 5280 rel
861 5217 986 5292 malam,
1003 5217 1120 5279 simulo
1168 5222 1312 5299 gratiam,
1325 5241 1452 5302 peccare
1465 5224 1571 5303 possit,
1586 5229 1625 5299 et,
1640 5235 1704 5281 cum
1715 5211 1776 5275 boni
1790 5193 1872 5298 ahquid

354 5314 542 5377 consenserit
547 5334 556 5391 ;
572 5314 687 5395 quippe
696 5330 766 5394 qua
779 5312 813 5373 in
826 5316 948 5384 neutro,
964 5310 1024 5371 uisi
1038 5305 1120 5371 certe
1167 5312 1249 5393 iacit,
1267 5314 1310 5375 ita
1323 5314 1426 5394 iaciat,
1441 5322 1488 5394 ut,
1503 5318 1529 5377 si
1542 5304 1795 5392 centonomium
1805 5290 1871 5375 l⁰⁵⁸'t

382 5519 394 5560 1
408 5516 471 5562 Baro.
485 5516 524 5565 lib.
535 5517 632 5564 ‹1on.
644 5519 665 5562 et
675 5514 712 5561 tit.
722 5514 769 5561 arb.
780 5513 823 5558 eol,
833 5510 933 5559 tob-2
945 5513 1007 5558 nm.
1019 5522 1058 5563 ιιι,
1071 5510 1159 5557 ἓθμδ
1172 5512 1235 5560 tarn.
1249 5514 1281 5564 lb.
1293 5517 1336 5564 col.
1346 5517 1420 5562 aot-
1433 5514 1446 5560 t
1462 5518 1520 5564 Reti.
1530 5527 1586 5562 ¹111.
