4004 6168
564 356 616 420 llll
635 354 796 421 ortrloto
818 355 890 421 SEX
911 356 1073 423 albanu.
1420 371 1428 386 '
1552 362 1612 425 ceo

52 519 161 583 udonis
171 523 290 595 vena,
302 520 398 583 num
405 518 520 583 vincite
536 540 543 584 ι
559 538 617 602 ago
635 522 702 585 sine
715 540 795 604 pra·
845 540 916 603 qne
929 522 1021 603 plene
1034 522 1171 587 homiuis
1185 523 1328 589 ιιιίιιιιιιιι
1345 525 1477 606 expleat,
1493 525 1615 605 ipsum·

51 611 150 693 jodloio
170 616 271 692 partes
292 611 385 691 trojus
408 631 578 694 parumper
597 615 741 694 suscipio,
765 619 797 677 et
844 632 905 694 qne
919 615 1052 695 perlecta
1071 615 1151 677 beet.

53 705 137 766 dicam
149 704 228 784 qnod
247 704 312 784 ipso
329 723 394 767 non
406 707 556 781 cantion
573 725 613 769 ex
626 714 726 769 vestre
740 725 796 769 vos
887 706 1041 783 Secundo,
1054 708 1139 786 qnod
1152 713 1198 770 est
1209 708 1309 771 simile
1319 709 1426 788 bidus,
1442 712 1524 772 Deus
1534 710 1618 790 juste

53 795 184 857 mentia
208 796 415 876 oppugnaboc
436 804 530 877 atque
549 798 610 860 alia
623 799 793 878 subjungit,
845 815 910 859 non
920 804 1020 878 potest
1032 799 1218 862 rationalem
1229 807 1374 863 naturam
1388 819 1515 881 prorsus
1529 803 1618 864 inno

53 886 146 967 qnibns
168 886 330 967 intelligas,
351 889 450 951 daubi
472 907 556 952 sane.
582 891 689 952 doctor
712 890 797 953 visus
846 895 967 952 centem
980 891 1121 952 addicere
1137 896 1261 954 eternae
1275 893 1409 955 miseria
1426 913 1433 954 ι
1450 894 1544 956 homo
1557 914 1615 957 an-

53 984 153 1041 notare
164 979 319 1041 innocenti
331 980 468 1044 tribuam
478 981 530 1060 jus
542 983 582 1044 ad
593 1000 727 1062 regnum
737 1000 796 1045 coe·
845 986 908 1042 tem
922 1001 1019 1062 regno
1033 983 1160 1061 coelesti,
1174 989 1205 1044 et
1217 990 1324 1064 aperto
1340 986 1394 1046 Dei
1408 986 1548 1047 contuitu
1562 1004 1616 1047 cx-

53 1071 147 1144 lorum
173 1089 235 1135 non
258 1089 299 1133 ex
326 1090 394 1152 sno,
417 1073 472 1135 sed
499 1092 538 1136 ex
560 1074 796 1154 Pelagianornm
845 1071 949 1134 clusus
974 1075 1008 1135 in
1035 1079 1151 1136 aterna
1174 1081 1253 1137 esset
1279 1077 1428 1139 miseria:
1451 1078 1502 1139 vel
1530 1079 1617 1140 enim

51 1180 126 1224 unus
137 1163 307 1244 loquutnm.
846 1171 1002 1245 expeteret
1016 1184 1086 1227 eam
1099 1167 1333 1238 beatitudinem,
1350 1170 1489 1231 velnon.
1506 1171 1617 1232 Sinon

82 1255 122 1316 ld
134 1254 254 1317 ιιιιίιιιιι
277 1256 450 1337 respondeo
468 1257 502 1319 id
513 1258 617 1338 ipsum
630 1258 669 1321 de
685 1258 796 1321 Omlne-
846 1263 1012 1338 expeteret,
1027 1266 1107 1321 esset
1126 1259 1251 1321 miseria
1273 1260 1339 1342 ipsa
1361 1262 1554 1340 perversitas.
1583 1262 1617 1323 Si

53 1346 114 1422 tino,
126 1348 203 1427 qood
214 1353 274 1409 art.
292 1354 322 1423 l,
342 1348 405 1428 53,
420 1349 539 1412 dictum
557 1358 604 1413 est
620 1351 659 1413 de
681 1352 793 1429 Leone,
845 1355 1012 1431 expeteret,
1023 1355 1054 1413 et
1068 1369 1134 1413 non
1147 1353 1312 1430 obtineret,
1326 1361 1406 1417 esset
1419 1354 1617 1433 miseriaipsa

53 1440 233 1520 etProspero,
253 1446 348 1521 atquc
370 1442 446 1504 edeo
462 1443 500 1504 de
526 1444 700 1522 Augustino
714 1443 793 1523 ipso,
844 1440 986 1520 privatio.
1007 1443 1074 1516 Qua
1094 1444 1214 1507 ratione
1232 1463 1325 1507 usum
1342 1445 1451 1508 dicunt
1472 1444 1617 1526 Angusti-

53 1528 168 1610 aliisqm,
181 1531 234 1611 qui
253 1532 408 1594 naturalia
429 1540 541 1596 vocant
555 1554 592 1596 ea
614 1536 709 1613 dona,
724 1553 794 1614 qnae
845 1551 923 1595 num
937 1552 1030 1596 serm.
1048 1552 1164 1613 ocxorv,
1180 1556 1246 1617 cap.
1264 1557 1308 1613 vr,
1325 1557 1359 1599 ιι.
1374 1541 1405 1599 6.

54 1621 149 1699 primos
163 1624 255 1685 homo
275 1625 394 1707 accepit
406 1625 499 1686 simul
513 1645 585 1688 cum
605 1631 727 1688 natura.
750 1630 794 1688 Ea

54 1714 137 1774 omma
154 1715 261 1794 recole,
301 1722 395 1796 etque
422 1717 572 1798 insuper,
601 1719 645 1779 sic
668 1718 792 1781 habeto:
1191 1744 1269 1824 §V.

54 1803 139 1867 Penes
148 1807 201 1868 hos
209 1807 247 1869 de
260 1814 376 1870 natura
386 1809 522 1871 hominis
537 1811 693 1891 loqnntos,
706 1817 742 1872 ut
754 1813 793 1873 ad

54 1905 207 1975 presentem
227 1900 364 1981 pertinet
388 1902 626 1982 providentiam.
650 1903 724 1982 Ejus
737 1922 794 1964 au·
887 1900 1080 1965 Sententiam
1089 1902 1226 1983 prolecto
1240 1910 1381 1966 nostram
1394 1905 1472 1966 ratio
1486 1906 1615 1967 illatae·

54 1994 103 2050 em
115 1991 169 2053 duo
180 1994 335 2074 praecipue
355 1994 570 2056 considerandi
590 2001 663 2056 sunt
683 2001 791 2072 status,
844 1996 907 2070 tur,
923 2013 985 2074 qua
1007 1995 1141 2056 verensi
1161 1998 1348 2058 snntPatres
1364 2016 1371 2057 z
1387 1998 1484 2058 bomo
1505 2004 1618 2059 natura

53 2081 137 2157 gnua
148 2084 264 2163 sedicet,
274 2091 307 2147 et
321 2087 450 2166 peccati;
466 2087 521 2165 qui
537 2087 564 2148 si
576 2092 795 2167 comparentur
846 2085 899 2146 Dei
925 2104 1032 2148 servus
1055 2094 1101 2149 est
1117 2107 1202 2155 :non
1227 2088 1321 2167 igitur
1340 2089 1400 2169 ipsi
1422 2089 1555 2150 debetur
1569 2108 1619 2151 re·

54 2171 336 2253 nassamones,
352 2197 388 2239 ac
399 2178 514 2240 rectius
527 2184 639 2240 natura
661 2179 792 2254 dicatur,
845 2195 945 2255 gnum
967 2178 1127 2256 coelornm,
1154 2181 1237 2260 quod
1257 2199 1339 2242 verae
1353 2180 1541 2242 haereditatis
1564 2200 1618 2241 ra-

55 2264 92 2324 cni
106 2269 288 2348 superaddita
310 2268 438 2331 luerunt
460 2272 569 2349 gratim
599 2272 693 2349 dona,
723 2290 794 2351 qnae
845 2268 963 2332 tionem
975 2270 1081 2346 hebet,
1098 2273 1335 2351 eoquenomine
1348 2272 1382 2333 in
1396 2273 1496 2334 Sacris
1508 2272 1618 2334 litteris

55 2354 132 2434 ipson
145 2362 338 2439 perlicerent3
360 2380 465 2442 quam,
483 2362 533 2423 cni
561 2363 795 2443 superadditum
846 2361 953 2422 crebro
968 2368 1145 2442 usurpatur.
1165 2364 1200 2425 Id
1219 2365 1321 2444 ipsum
1336 2364 1459 2443 probat,
1474 2364 1558 2443 qnod
1579 2364 1618 2425 de

56 2454 247 2529 estpeocatam,
262 2454 349 2533 quod
359 2454 456 2534 ipsam
469 2454 562 2534 plane
582 2454 681 2529 vitiat,
701 2461 794 2535 atqoe
846 2453 928 2514 clara
942 2454 996 2515 Dei
1021 2454 1140 2515 visione
1165 2456 1272 2517 Patres
1299 2474 1408 2517 omnes
1431 2455 1619 2518 confirmant

55 2537 139 2603 inlicit
160 2543 205 2606 Sia
228 2546 422 2626 Augustinus
441 2546 495 2607 lib.
521 2548 568 2607 III
584 2547 621 2608 de
644 2545 697 2608 tit.
725 2547 790 2610 arb.
844 2543 918 2607 locis
941 2546 992 2608 cit,
1010 2552 1068 2607 art.
1085 2551 1115 2622 l,
1129 2552 1160 2608 et
1175 2549 1205 2624 ¹1,
1229 2547 1383 2627 praecipue
1397 2564 1471 2608 vero
1498 2545 1615 2626 Diony-

55 2651 105 2711 cap.
128 2653 186 2716 ιιι,
210 2656 242 2698 n.
267 2640 320 2699 54.
340 2639 519 2700 oNaturem
540 2639 629 2699 aliter
649 2639 790 2716 didmus,
844 2636 999 2706 eloacam
1019 2637 1169 2698 nimirum
1188 2657 1253 2700 esse
1274 2637 1388 2699 ordinis
1411 2637 1525 2699 Dior'nr'.
1543 2639 1615 2699 Ete-

56 2743 109 2786 can
119 2729 231 2807 proprie
247 2730 418 2810 loquimur,
435 2736 580 2791 natcuam
591 2730 739 2808 hominis,
757 2732 791 2792 in
844 2728 911 2788 nim
925 2728 1042 2789 ordinis
1055 2729 1151 2791 divini
1163 2749 1229 2790 non
1243 2736 1316 2790 scint
1329 2728 1536 2809 perlectiones
1552 2729 1615 2790 illa

55 2834 101 2893 qna
112 2819 234 2897 primum
245 2822 279 2882 in
292 2839 351 2884 suo
365 2840 476 2900 genere
488 2822 684 2902 inculpabilis
695 2823 794 2884 factus
844 2838 914 2899 quae
933 2820 1113 2882 bominibus
1135 2821 1228 2883 etiam
1255 2822 1418 2898 debentur,
1444 2827 1481 2882 ut
1499 2821 1615 2897 vivere,

55 2914 89 2968 est
101 2927 107 2969 :
121 2910 198 2973 ubter
220 2914 324 2991 istam,
344 2913 378 2974 in
398 2933 471 2995 qua,
488 2933 527 2976 ex
550 2914 631 2976 illins
653 2914 792 2976 damnati
844 2911 1026 2992 intelligere,
1040 2913 1131 2990 velle,
1154 2920 1211 2976 eto.
1232 2914 1285 2975 sed
1304 2932 1375 2993 quae
1389 2913 1445 2974 soli
1474 2915 1537 2974 Deo
1560 2914 1614 2974 de-

55 3016 134 3078 pono,
146 3010 173 3065 ct
183 3006 337 3083 mortales,
353 3012 384 3067 et
399 3005 511 3086 ignari,
527 3010 558 3067 ct
578 3006 664 3068 carni
677 3007 792 3070 subditi
844 3002 957 3066 bantur
973 3024 980 3066 ι
997 3024 1067 3085 quae
1090 3006 1215 3084 quidem
1230 3005 1348 3065 suntin
1366 3003 1479 3084 duplici
1495 3004 1589 3066 classe
1606 3024 1613 3064 :

55 3093 193 3174 rminn,
217 3098 308 3177 juxta
331 3115 425 3177 quem
444 3098 585 3174 modum,
602 3098 676 3160 dicit
693 3099 791 3178 Apos-
844 3094 1006 3157 eliaeenim
1020 3097 1063 3156 ite
1086 3097 1143 3156 soli
1169 3098 1231 3157 Deo
1250 3095 1415 3170 debentur,
1433 3100 1469 3155 ut
1492 3095 1614 3175 abipso

56 3183 131 3259 [otuu
154 3188 260 3268 fuimns
287 3190 367 3251 enim
397 3197 423 3250 et
452 3189 711 3252 mansionaliter
734 3190 794 3271 sitit
844 3187 1020 3268 participari
1033 3206 1098 3248 non
1116 3188 1235 3267 possint
1253 3204 1326 3247 cnm
1340 3205 1373 3247 re
1399 3186 1464 3246 ulla
1486 3192 1612 3248 orcam:

57 3273 107 3337 ire.
128 3300 139 3336 s
164 3282 237 3343 Item
259 3281 318 3342 lib.
348 3282 373 3343 Ι.
403 3280 538 3356 Retract,
555 3299 621 3361 cap.
650 3299 681 3355 ιι,
710 3300 744 3343 11.
760 3284 789 3355 3,
843 3278 1017 3358 cujusmodi
1031 3284 1076 3340 est
1093 3281 1192 3340 Deum
1207 3278 1309 3358 ipsum
1328 3277 1530 3356 intelligentia
1544 3296 1616 3357 pcr-

59 3368 132 3448 tipse
143 3374 219 3434 enim
232 3392 317 3447 vere,
329 3392 365 3434 ac
380 3373 504 3453 proprie
526 3379 638 3434 natura
656 3373 792 3434 hominis
842 3367 919 3429 lecte
932 3367 1194 3446 comprehendere
1212 3368 1303 3428 :aliae
1317 3385 1391 3427 vero
1411 3366 1454 3426 ita
1472 3365 1529 3426 soli
1552 3368 1615 3428 Deo

56 3458 159 3525 dicitur:
171 3466 317 3527 translato
327 3471 432 3527 autem
446 3465 595 3527 vocabulo
612 3465 741 3541 utimur,
757 3471 792 3527 ut
843 3460 1006 3536 debentur,
1021 3464 1057 3519 ut
1069 3459 1109 3520 ab
1132 3477 1168 3520 eo
1192 3457 1418 3520 communicari
1434 3457 1529 3517 etiam
1542 3475 1614 3536 poa·

56 3557 170 3616 mtnrnm
202 3557 340 3619 dicamus
381 3557 476 3618 etiam
515 3556 617 3637 qualis
656 3558 792 3618 nascitur
844 3550 905 3612 sint
929 3568 1000 3612 cum
1019 3550 1148 3627 angelis,
1164 3555 1195 3611 et
1217 3549 1397 3611 hominibus
1414 3569 1421 3610 ι
1437 3548 1614 3629 cujusmodi

56 3639 162 3723 boman
180 3655 209 3709 et
230 3669 298 3730 cap.
322 3667 373 3724 xv,
399 3668 432 3709 n.
446 3651 477 3725 6,
496 3669 512 3705 a
531 3648 656 3728 proprie
678 3655 792 3711 natura
843 3648 899 3719 est,
915 3644 1015 3704 Deum
1028 3648 1064 3703 ut
1079 3647 1125 3704 est
1148 3642 1183 3702 in
1198 3660 1230 3703 se
1247 3642 1326 3722 ipso,
1345 3641 1436 3718 clarc,
1457 3647 1488 3702 et
1511 3647 1615 3721 aperte

57 3732 154 3814 dicitnr,
167 3740 198 3801 in
208 3761 269 3821 qna
283 3743 351 3802 sine
360 3741 435 3802 vitio
449 3740 543 3802 creati
554 3758 672 3803 sumus.
685 3763 700 3798 a
712 3743 792 3815 Quo
842 3735 968 3796 intueri.
984 3734 1078 3796 Nobis
1097 3734 1231 3795 rationes
1251 3734 1377 3794 tandem
1390 3733 1452 3794 illae
1467 3733 1611 3807 militant,

58 3825 122 3888 uam
143 3829 229 3907 igitar
246 3832 438 3914 possibilitas,
455 3833 571 3911 dequo
596 3833 801 3907 Caelestinus,-
843 3827 956 3905 quibus
968 3827 1050 3888 lranc
1063 3826 1118 3887 Dei
1127 3826 1281 3886 visionem
1295 3824 1466 3886 scholastici
1480 3825 1615 3885 efferunt
1719 3903 1721 3907 Ι

58 3921 80 3976 et
98 3919 148 3982 clia
158 3942 287 4004 superna
302 3926 394 4001 done,
411 3925 449 3986 de
466 3924 579 4004 quibus
596 3923 649 3984 elii
671 3924 793 4004 loquuti
843 3937 935 3999 serpen
947 3938 1074 3980 omnem
1089 3918 1181 3997 plane
1203 3923 1349 3977 naturam
1370 3921 1523 3977 creatam:
1539 3934 1616 3995 quas

57 4015 112 4071 aunt
133 4014 263 4078 Ecclesiae¹
276 4019 396 4091 Patres,
414 4022 527 4077 statum
539 4015 647 4095 petiae
660 4034 794 4095 sequun-
842 4016 980 4072 recenset
1007 4011 1121 4072 Suercz
1137 4010 1162 4084 I,
1178 4026 1209 4086 p.
1225 4007 1280 4067 lib.
1306 4008 1349 4082 II,
1361 4025 1427 4085 cap.
1454 4025 1498 4084 ιιι,
1522 4011 1614 4085 atque

58 4102 301 4178 sicamina
328 4108 499 4188 primordia
520 4108 647 4168 luerunt
662 4127 669 4166 ε
686 4115 794 4169 contra
842 4101 896 4161 illc
915 4102 1103 4181 presertim,
1128 4117 1224 4179 quam
1251 4116 1290 4157 ex
1312 4099 1347 4159 D.
1377 4098 1496 4157 Thoma
1524 4098 1614 4158 affert

58 4206 111 4254 tuo
122 4197 180 4276 ejas
198 4200 406 4279 possibilitatis
428 4200 555 4272 amotio,
583 4199 793 4278 successioque
842 4211 931 4254 num.
947 4193 1026 4253 lbis
1052 4192 1164 4253 verbis.
1187 4190 1324 4251 «Modus
1351 4189 1474 4250 essendi
1501 4189 1556 4250 Dei
1569 4196 1614 4251 est

58 4280 219 4368 ignorantie,
245 4291 444 4361 difficultatis,
464 4291 590 4367 doloris,
619 4292 738 4365 mortis,
763 4298 793 4354 et
842 4284 959 4346 altioris
972 4284 1099 4359 ordinis,
1114 4289 1145 4344 et
1158 4283 1287 4343 rationis
1310 4282 1350 4341 ab
1364 4281 1448 4342 omrai
1466 4300 1541 4357 esse,
1558 4300 1613 4343 sen

58 4372 163 4441 cleram
173 4385 312 4445 omnium
322 4383 489 4461 malornm,
500 4382 613 4463 quibus
626 4400 789 4461 urgemur;
843 4377 936 4440 modo
950 4376 1071 4437 essendi
1084 4375 1185 4436 omnis
1199 4379 1348 4436 creaturae
1358 4374 1521 4453 possibilis,
1538 4392 1613 4454 ergo

58 4479 199 4547 Quonim
216 4481 329 4537 statum
352 4474 481 4556 peccati,
496 4480 527 4535 et
540 4474 683 4554 supplicii
695 4475 791 4536 ratio-
843 4467 1076 4547 intelligibilitas
1090 4466 1144 4527 Dei
1158 4471 1203 4527 est
1223 4465 1350 4526 alterius
1362 4465 1502 4541 rationis,
1522 4472 1553 4527 et
1566 4484 1614 4526 or-

58 4571 113 4621 nem
126 4562 243 4645 babent,
265 4585 335 4630 eam
349 4567 389 4627 ob
403 4584 528 4629 cenum
540 4566 605 4643 illa,
620 4584 685 4627 non
696 4566 794 4643 hocca
842 4559 923 4620 dinis
937 4559 976 4620 ab
990 4559 1077 4619 omni
1095 4558 1188 4619 modo
1203 4556 1408 4633 cognoscendi
1419 4557 1614 4619 connaturali

59 4645 173 4717 Patribus
184 4658 336 4722 nataralia
349 4659 460 4720 merito
479 4664 710 4739 nuncupentur.
842 4651 1027 4730 cuicumque
1054 4655 1206 4711 creaturae
1228 4648 1377 4729 possibili,
1393 4666 1504 4728 ergon
1526 4649 1613 4710 nulla

841 4742 941 4804 videri
954 4747 1054 4823 potest
1067 4761 1123 4822 per
1135 4741 1217 4802 vires
1231 4759 1294 4802 sua
1315 4746 1472 4809 naturae„
1489 4741 1613 4802 Etenim

842 4836 954 4897 modus
967 4833 1172 4914 cognoscendi
1185 4838 1232 4895 eet
1246 4832 1495 4895 accommodatus
1519 4832 1613 4893 modo

166 4913 402 4980 DISPUTATIO
427 4920 451 4979 Α
472 4915 659 4979 ΒΑΤῘΟΝΕ·
842 4927 975 5000 essendi,
1005 4933 1036 4987 et
1062 4926 1202 4986 similiter
1225 4924 1481 5003 cognoscibilitas,
1497 4924 1612 4985 senin-

842 5018 1042 5098 telligibilitas
1056 5018 1112 5079 Dei
1125 5023 1171 5078 est
1183 5016 1415 5096 proportionata
1432 5014 1613 5095 perfectioni

358 5100 377 5180 ἕ
396 5102 453 5163 IV·
843 5110 910 5189 cJ'us
924 5112 957 5170 in
970 5127 1084 5188 genere
1096 5110 1176 5168 entis
1193 5127 1200 5168 ι
1216 5125 1303 5186 ergo,
1319 5126 1381 5186 qno
1404 5124 1454 5168 res
1472 5107 1567 5168 hebet
1580 5108 1613 5169 in

843 5219 900 5261 suo
915 5218 979 5263 esse
992 5200 1136 5261 altiorem
1157 5200 1287 5261 modum
1305 5198 1437 5275 essendi,
1453 5218 1491 5260 eo
1505 5207 1552 5260 est
1565 5200 1613 5260 in·

88 5285 260 5355 ldemnobis
274 5293 557 5374 objiciuntprimo,
572 5288 732 5375 proprium
742 5306 796 5353 na·
845 5292 1009 5371 telligibilis
1031 5291 1133 5352 altiori
1154 5291 1259 5365 modo,
1275 5295 1306 5350 et
1328 5307 1346 5350 e
1366 5291 1532 5363 contrario,
1551 5308 1613 5370 quo

60 5377 251 5446 {emenonis
263 5386 419 5467 participis
429 5385 525 5447 finem
538 5385 674 5466 positum
688 5383 797 5446 essein
844 5382 1132 5445 habetinleriorem
1152 5382 1282 5443 modum
1303 5380 1434 5458 essendi,
1449 5400 1486 5444 eo
1500 5385 1547 5442 cst
1562 5400 1613 5442 co-

61 5463 103 5527 ὓθί
125 5477 373 5557 contemplatione
386 5496 394 5540 ι
409 5495 467 5540 nec
485 5477 714 5558 qualicumque,
730 5474 795 5552 sed,
846 5475 1025 5557 gnoscitiva,
1054 5493 1109 5537 scu
1135 5472 1322 5536 intellectiva
1348 5472 1453 5534 minus
1480 5471 1614 5553 perlecto
