4004 6168
272 342 331 400 612
711 339 760 399 llll
779 336 917 399 Panna.
939 334 989 396 ET
1012 330 1239 395 SEMIPELAG.
1263 334 1417 397 HAEanst

273 504 493 585 posterioribus
519 506 582 568 suis
607 503 726 585 scriptis
750 504 811 566 1166
832 500 966 565 inveniri
986 501 1042 563 dc·
1092 499 1299 563 efficerentur.
1316 499 1478 582 Siquidem
1489 499 1530 562 ob
1548 498 1655 561 cadem
1672 497 1791 560 merita
1817 514 1873 558 16·

275 616 354 658 6616.
372 619 387 655 n
403 598 504 671 Quare
517 602 687 677 utrumque
702 597 768 658 sine
789 596 885 657 dubio
899 592 1044 668 Pelagius
1093 593 1271 654 mlesionem
1285 592 1353 654 dari
1363 598 1561 673 peccatorum
1571 590 1739 670 negabant,
1748 589 1876 670 quibus

275 689 458 751 asseveravit
481 689 519 750 de
543 689 725 751 remissione
748 694 956 769 peecatorum,
982 702 1042 764 qua
1093 684 1190 746 vitam
1206 690 1354 746 eternam
1372 684 1501 765 rependi
1513 683 1699 745 fatebantur.
1717 683 1876 744 1166611-

276 782 411 842 61661166
426 781 462 841 ab
486 782 639 863 impietate
662 781 840 850 liberamur:
853 786 884 841 61
901 797 971 859 quse
985 776 1045 837 nisi
1093 782 1157 838 tem
1180 776 1351 857 posteriora
1369 777 1409 837 ab
1426 776 1595 837 voluntatis
1616 774 1743 836 arbitrio
1771 772 1877 854 proti·

277 892 316 935 ex
334 874 446 935 merito
460 873 596 952 daretur,
620 892 824 956 personarum
849 877 989 952 acceptor
1001 869 1046 929 ri·
1094 868 1165 929 cisci
1179 868 1339 948 putabant.
1359 870 1467 949 ltaque
1485 886 1549 929 non
1563 867 1747 929 6116661116
1765 866 1877 926 detra-

278 965 402 1027 deretur
415 968 508 1042 Deus,
526 973 557 1028 et
572 966 710 1044 indignis
723 965 856 1045 gratiam
870 963 1044 1043 largiretur,
1094 961 1315 1040 herePelagius
1324 961 1442 1037 debuit,
1457 978 1531 1022 cum
1542 960 1612 1022 sine
1623 958 1742 1021 61611116
1750 957 1878 1019 remitti

277 1058 362 1137 quod
375 1057 419 1118 illi
434 1059 547 1138 passim
562 1057 755 1136 jactitabant.
773 1056 816 1119 Ac
830 1074 895 1117 non
909 1058 955 1116 est
968 1052 1046 1114 11111-
1096 1058 1334 1134 peccatapostea
1343 1053 1482 1115 tradidit.
1498 1053 1588 1127 Quod
1601 1053 1707 1133 ipsum
1716 1050 1879 1131 quemad·

277 1149 333 1210 cile
347 1150 509 1229 conjicere,
528 1169 590 1230 quo
613 1154 702 1229 pacto
717 1149 930 1210 remissionem
944 1164 1049 1227 pecea-
1096 1145 1227 1206 modum
1239 1146 1459 1226 interpretatus
1467 1145 1517 1221 611,
1530 1163 1596 1207 666
1609 1143 1753 1207 macru
1767 1142 1877 1217 dictu;

275 1244 437 1302 toramen
459 1242 571 1302 meritc
595 1241 672 1315 dari,
697 1240 899 1313 decreverint,
920 1256 992 1301 cum
1014 1237 1048 1298 in
1096 1244 1166 1299 tum
1187 1236 1267 1297 illud
1289 1237 1396 1314 etiam,
1420 1238 1497 1318 quid
1523 1236 1714 1298 remissionis
1740 1235 1880 1297 nomine

276 1338 426 1413 potestate
438 1351 503 1394 esse
523 1333 649 1409 vellent,
663 1333 754 1393 liberi
769 1331 901 1405 arbitrii,
914 1336 944 1391 et
956 1333 1049 1391 natu·
1098 1329 1270 1409 significare
1284 1328 1429 1404 voluerit,
1440 1348 1505 1391 666
1515 1329 1589 1391 satis
1601 1328 1812 1410 perspicuum
1820 1333 1878 1403 est,

277 1426 393 1486 ratibus
403 1425 468 1504 ejus
481 1425 598 1486 viribus
612 1425 748 1499 credere,
765 1432 819 1486 661
833 1443 897 1485 non
912 1423 1047 1498 credere,
1097 1427 1205 1483 utrum
1220 1422 1333 1483 scilicet
1347 1422 1467 1483 nudam
1487 1422 1588 1502 ipsam
1610 1421 1806 1483 delictorum
1825 1439 1879 1482 re·

278 1518 454 1597 resipiscere
489 1524 544 1579 aut
576 1537 642 1579 non
673 1518 846 1597 resipicere,
867 1517 933 1577 sinc
968 1532 1049 1576 novo
1097 1515 1302 1580 laxationem,
1320 1532 1361 1575 an
1387 1514 1630 1576 sanctificantem
1653 1513 1814 1593 gratiam,
1839 1531 1880 1573 an

278 1609 338 1671 alio
375 1609 429 1671 Dei
466 1611 593 1687 auxilio,
628 1616 835 1690 preterquam
878 1626 926 1685 66,
967 1606 1051 1687 quod
1100 1605 1303 1686 congruentia
1316 1607 1458 1687 quaedam
1472 1607 1652 1687 adjumenta
1663 1605 1879 1686 3161116,φί-

279 1701 313 1762 in
339 1702 419 1780 lege,
445 1723 480 1764 ae
509 1702 649 1764 166111116
671 1708 875 1776 numeretur,
911 1717 984 1761 cum
1005 1717 1052 1759 os-
1099 1698 1159 1759 bus
1171 1700 1211 1760 ad
1237 1698 1323 1759 illam
1346 1705 1573 1779 praeparantur,
1602 1704 1635 1761 et
1660 1698 1878 1770 adducuntur,

278 1797 366 1854 tensa
389 1794 442 1854 Dei
456 1794 675 1872 misericordia,
702 1800 733 1856 61
745 1792 928 1873 Evangelico
943 1791 1049 1866 verbo,
1100 1791 1186 1853 velut
1199 1791 1425 1870 poenitentiam,
1445 1792 1586 1853 dolorem
1606 1791 1799 1853 cbadmissa
1823 1791 1880 1854 cri·

279 1887 496 1965 unusquisque
515 1887 580 1947 sola
608 1887 769 1948 voluntate
803 1905 868 1962 sua,
904 1889 934 1945 et
968 1882 1053 1944 arbi-
1101 1883 1198 1955 mina,
1213 1882 1287 1943 6111
1301 1901 1401 1963 genus
1414 1883 1485 1945 alia.
1501 1885 1571 1945 Non
1584 1883 1882 1962 enim,sinealiqua

279 1978 331 2038 trii
365 1978 493 2055 61111166,
529 1979 644 2058 absque
679 1980 802 2040 interno
837 1983 925 2038 matu
948 1976 1052 2055 alique
1101 1973 1325 2055 praeparatione
1337 1974 1436 2036 animi
1455 1976 1625 2037 condonari
1642 1980 1775 2055 peccata
1793 1974 1880 2037 Pela·

279 2070 397 2147 gratiae,
427 2071 551 2130 vocanti
565 2088 597 2130 66
625 2076 656 2132 61
690 2070 832 2132 invitanti
864 2070 1053 2130 extrinsecus
1102 2067 1173 2148 gius
1192 2067 1331 2129 credidit.

279 2161 455 2237 assentitur,
490 2180 526 2222 ac
554 2161 814 2223 voluntatisistius
846 2161 957 2222 merito
982 2179 1053 2240 pec·
1142 2160 1181 2220 V.
1197 2159 1350 2239 Equidem
1364 2159 1398 2220 in
1419 2158 1478 2221 ista
1499 2159 1682 2240 quaestione,
1707 2179 1748 2223 ac
1768 2160 1879 2223 simili-

279 2257 420 2313 catorum
448 2252 675 2325 remissionem,
705 2270 743 2314 ac
771 2251 1053 2314 reconciliationem
1102 2251 1171 2327 bus,
1187 2269 1257 2330 quae
1277 2251 1316 2313 de
1335 2250 1500 2330 Pelagiana
1522 2253 1632 2314 heresi
1661 2254 1788 2316 6161611
1809 2270 1878 2334 pos·

280 2344 463 2423 assequitur.
481 2345 546 2405 Hoc
560 2362 653 2405 sensu
666 2344 825 2424 Pelagiani
838 2344 1053 2406 remissionem
1102 2348 1187 2419 sunt,
1202 2361 1267 2403 non
1285 2347 1432 2404 16616666
1454 2342 1543 2405 facilc
1569 2345 1708 2407 arbitror
1723 2346 1876 2422 invenire,

280 2441 477 2516 pecatorum
501 2453 540 2496 ex
566 2436 679 2498 merito
707 2437 890 2525 camparan,
910 2435 998 2498 166116
1023 2441 1054 2497 61
1104 2434 1178 2515 quid
1192 2434 1314 2514 probes,
1330 2453 1426 2515 quam
1439 2435 1526 2515 quid,
1549 2455 1649 2517 quave
1663 2438 1702 2499 de
1717 2439 1880 2500 causaim-

281 2533 487 2589 consentanee
501 2527 602 2588 dicere
616 2533 795 2609 potuerunt.
1103 2527 1225 2607 probes.
1245 2531 1287 2588 116
1309 2527 1436 2589 fumasse
1450 2527 1532 2608 plus,
1547 2547 1643 2608 quem
1661 2549 1714 2592 166
1727 2531 1798 2611 ipsa
1810 2531 1877 2606 lert,

322 2620 375 2680 IV.
399 2620 517 2679 Verum
531 2617 564 2678 in
582 2619 679 2680 altero
700 2626 731 2681 et
750 2621 904 2681 contrario
918 2620 1052 2699 1661616,
1104 2619 1273 2697 diligentiae
1286 2618 1319 2678 16
1332 2618 1398 2679 16116
1418 2620 1612 2701 inquirendis
1625 2622 1836 2700 adhibemns;
1850 2628 1881 2684 et

284 2729 346 2789 quo
360 2710 467 2790 gratis,
483 2713 515 2770 et
527 2711 593 2771 sine
606 2711 726 2772 meritis
740 2712 954 2772 remissionem
968 2729 1055 2774 eam·
1104 2711 1269 2787 rationem,
1283 2729 1330 2787 ac,
1349 2729 1445 2791 quam
1459 2713 1556 2774 Graeei
1580 2720 1703 2786 vocant,
1721 2718 1877 2787 1161661111,

283 2804 354 2864 1661
370 2802 437 2863 1611
459 2802 615 2879 11161661,
635 2809 759 2864 nonest
777 2804 929 2883 explicatu
954 2803 1054 2877 facile,
1105 2803 1138 2865 id
1151 2808 1197 2864 cst
1211 2801 1404 2864 coherentem
1418 2803 1478 2865 sibi
1489 2806 1729 2885 consequentiam
1740 2805 1880 2869 6611116616

284 2894 401 2974 quaid
423 2894 545 2954 ratione
574 2894 777 2956 defenderint.
805 2896 874 2956 Non
907 2897 992 2957 enim
1020 2913 1057 2957 ec
1106 2894 1150 2956 ibi
1163 2894 1342 2974 querimus,
1358 2895 1413 2956 ubi
1427 2896 1595 2967 6611111611,
1610 2897 1708 2959 etubi
1721 2898 1880 2959 nibiltan·

285 3004 378 3048 sensu
396 2987 456 3047 boc
477 2985 546 3047 illos
573 2987 738 3048 affirmasse
764 2993 852 3067 putet
881 2988 1055 3067 quispiam,
1106 2993 1213 3066 tepere
1233 2993 1341 3049 auctor
1367 2988 1452 3049 illius
1474 2995 1576 3063 sectae,
1592 3009 1629 3052 ac
1647 2990 1807 3070 dogmatis
1818 2996 1878 3052 stu·

286 3079 370 3157 quod
384 3086 506 3154 1161616,
521 3085 552 3139 61
565 3078 729 3140 arbitrium
739 3079 884 3156 liberum,
898 3080 1059 3141 autetiam
1108 3078 1185 3148 duit,
1202 3097 1297 3158 quam
1311 3086 1346 3141 ut
1356 3089 1398 3140 ne
1408 3079 1644 3161 intelligeretur,
1655 3083 1745 3162 qnod
1755 3083 1878 3157 diceret,

287 3169 437 3246 doctrina,
453 3176 483 3230 et
495 3170 557 3243 lex,
571 3189 611 3232 cx
635 3171 750 3250 quibus
771 3171 938 3231 voluntatis
961 3171 1060 3233 libera
1109 3176 1145 3231 61
1158 3171 1212 3251 qni
1225 3171 1265 3233 ad
1278 3178 1421 3251 tempora
1433 3191 1501 3249 sua,
1517 3174 1761 3253 etjudieiorum,
1779 3174 1879 3256 publi-

287 3263 445 3324 inclinatic
458 3263 720 3342 sequitur,nullis
733 3263 980 3342 praecedentibus
993 3281 1060 3325 mc-
1109 3281 1215 3341 eaeque
1235 3265 1421 3342 cognitionis
1450 3272 1552 3328 metus
1579 3284 1728 3347 responsa
1751 3286 1821 3343 sua,
1844 3285 1879 3328 ac

288 3354 354 3415 ritis
367 3356 574 3435 imputantur.
591 3355 751 3434 Siquidem
763 3355 822 3417 tale
840 3356 988 3417 meritum
1003 3375 1059 3417 ex·
1111 3355 1233 3416 decreta
1245 3356 1425 3418 moderatus
1438 3363 1496 3419 est.
1507 3359 1717 3421 Nihilominus
1730 3364 1880 3439 qnantum

289 3446 464 3514 eludebant,
476 3464 548 3507 cum
557 3447 966 3525 hocposteriusassererent,
976 3448 1060 3528 quod
1109 3446 1256 3526 prudenti
1270 3447 1460 3527 conjectura,
1475 3459 1514 3511 ex
1536 3450 1715 3531 Augustini,
1732 3452 1879 3513 aliorum·

290 3537 323 3597 in
335 3538 546 3616 peccatoribus
560 3538 659 3599 inesse
672 3558 736 3600 non
750 3545 862 3619 potest,
878 3540 957 3601 utin
977 3541 1060 3621 epis·
1110 3557 1171 3620 que
1184 3540 1396 3615 monimentis,
1412 3541 1450 3604 de
1467 3542 1606 3605 haeretiei
1623 3544 1708 3606 illius
1731 3544 1879 3607 sentenb's

290 3628 354 3688 tola
374 3644 410 3689 cv
433 3629 538 3689 scribit
562 3628 773 3708 augustinum
802 3637 871 3692 tum
896 3631 1058 3712 ejusmodi,
1112 3632 1259 3711 consequi
1282 3651 1463 3713 possumus,
1478 3636 1603 3716 quando
1624 3636 1657 3697 id
1679 3638 1877 3717 suscepimus,

291 3720 376 3798 quod
388 3719 422 3779 in
435 3720 622 3800 poenitentia
632 3721 726 3781 situm
741 3727 796 3783 est.
813 3724 931 3803 Quippe
945 3726 1062 3786 cumin
1113 3742 1258 3786 enarrare
1272 3743 1447 3806 pergemus.
1470 3728 1518 3803 Et,
1538 3728 1636 3791 utab
1658 3746 1697 3791 eo
1721 3729 1876 3810 incipiam,

291 3811 501 3891 Diospolitana
529 3812 649 3893 synodo
673 3815 884 3875 retractaverit
911 3816 1060 3896 idipsum,
1112 3816 1196 3897 quod
1209 3817 1310 3897 primo
1335 3818 1572 3901 locopropcsui,
1588 3821 1668 3883 mihi
1681 3822 1805 3885 videtin
1826 3822 1879 3882 Pe·
1999 3844 2000 3849 ¹

291 3904 376 3983 quod
390 3910 481 3965 antea
494 3905 533 3966 de
557 3906 670 3966 6161116
692 3907 800 3985 gratiae
822 3905 978 3983 docuerat,
1003 3910 1062 3971 hoc
1112 3908 1212 3988 lagius
1226 3909 1315 3971 initio
1335 3910 1487 3989 16661666,
1508 3923 1709 3993 peecatorum
1728 3914 1878 3977 remissio-

292 4002 397 4057 autem
409 3997 470 4058 tale
485 4016 549 4059 esse
569 3997 691 4075 dixerit,
708 4000 792 4077 quod
809 4019 823 4056 a
837 4018 892 4079 per
905 4003 1062 4080 poeniten-
1112 4018 1187 4062 nem
1200 4020 1219 4061 a
1232 4003 1443 4081 peccatoribus
1462 4023 1527 4067 non
1549 4005 1684 4068 obtineri
1703 4009 1808 4084 pam,
1827 4006 1880 4069 scd

291 4088 368 4148 tiam
390 4087 476 4168 digni
499 4090 580 4150 fiunt
605 4089 825 4165 misericordia,
834 4112 850 4150 1)
865 4093 989 4172 quando
1003 4094 1064 4156 hoc
1113 4092 1271 4153 exmerito
1285 4095 1485 4173 peanitentiae.
1503 4097 1623 4175 Postea,
1645 4115 1720 4161 cum
1743 4098 1878 4161 animad-

291 4178 395 4259 ipsum
409 4179 687 4257 anathematizavit,
706 4186 741 4242 61
754 4184 839 4244 testis
858 4190 904 4245 est
916 4186 1065 4264 Augusti·
1113 4189 1258 4261 verteret,
1271 4203 1337 4247 non
1357 4205 1427 4248 eam
1440 4205 1505 4250 6666
1522 4191 1658 4270 gratiam
1679 4195 1876 4274 precipuum,

293 4288 364 4346 nus,
385 4271 480 4331 ctiam
503 4274 651 4335 meritum
674 4273 758 4336 illius
784 4279 893 4355 gratiae
906 4279 1064 4341 sustulisse
1114 4277 1152 4338 16
1166 4295 1311 4357 quocum
1325 4279 1489 4343 Catholicis
1502 4280 1561 4343 sibi
1571 4287 1876 4358 66611616161666661,
1916 4313 1986 4368 pm

292 4360 426 4436 videtur,
441 4380 512 4439 quae
532 4363 643 4423 66616
656 4369 768 4424 natura
780 4365 879 4444 posita
894 4371 949 4443 est,
965 4368 1017 4428 sed
1031 4369 1065 4430 in
1115 4368 1168 4429 scd
1182 4369 1220 4431 de
1233 4369 1447 4453 illudisputarl
1466 4374 1675 4455 potissimum,
1691 4397 1764 4459 quas
1777 4377 1878 4441 ecdem
1903 4366 1996 4468 Ἃ·

293 4449 431 4508 16611666
451 4449 630 4527 voluntatis,
647 4458 678 4512 ct
700 4451 901 4515 inclinatione
913 4456 952 4517 ad
966 4459 1066 4537 poeni·
1115 4460 1155 4521 ad
1180 4479 1288 4523 omnes
1316 4469 1403 4525 actus
1426 4467 1607 4547 necessaria,
1629 4475 1694 4532 eta
1714 4467 1878 4551 beo-gratis

294 4538 435 4599 tentiam.
452 4541 610 4603 Postremo
624 4561 714 4613 cum,
730 4549 766 4604 ut
787 4544 870 4606 idem
888 4546 982 4607 refert
997 4549 1064 4610 Au·
1115 4570 1258 4615 concessa
1282 4554 1411 4633 dicitur;
1426 4576 1466 4620 ne
1486 4558 1567 4622 hanc
1583 4560 1682 4640 ipsam
1706 4560 1879 4643 gratiamin

295 4628 466 4709 gustinus¹,
483 4631 598 4711 duplex
611 4635 717 4711 gratita
733 4653 830 4713 genus
843 4637 1062 4718 distingueret:
1115 4644 1237 4722 actuali,
1253 4652 1289 4707 ut
1302 4655 1424 4726 vocant,
1439 4651 1609 4715 voluntatis
1620 4654 1809 4735 impulsione
1824 4670 1879 4734 pe-

295 4739 407 4796 nnum,
426 4724 510 4801 quod
533 4724 599 4784 6166
612 4727 730 4801 meritis
743 4728 905 4790 tribuitur.
923 4732 1066 4810 quodre·
1115 4736 1206 4797 sitam
1220 4756 1296 4815 essa,
1310 4745 1341 4800 et
1365 4742 1485 4821 quoties
1499 4744 1631 4823 6316166,
1644 4746 1738 4809 toties
1759 4745 1879 4810 666116-

294 4813 474 4875 missionem
496 4822 693 4894 peecatorum
711 4836 776 4879 csse
803 4820 946 4882 dicebant
964 4824 1065 4886 16116-
1115 4829 1237 4907 spirari,
1259 4839 1420 4910 cogeretur
1441 4852 1587 4914 asserere,
1612 4838 1652 4899 ad
1672 4840 1880 4901 remissiorem
2000 4867 2001 4870 ¹

295 4922 378 4980 rum,
394 4908 477 4985 quod
488 4908 606 4969 meritis
617 4909 766 4988 redditur,
781 4910 840 4972 boc
858 4918 904 4973 est
916 4920 1066 4980 aternam
1115 4930 1312 5000 peccatorum
1338 4925 1471 4989 libenter
1496 4934 1657 5010 receptum
1676 4931 1802 5008 habuit;
1814 4944 1881 5010 quc

294 4997 407 5072 vitam;
422 4998 507 5077 justa
529 5000 662 5080 suspicio
690 5008 747 5079 est,
761 5004 873 5066 merita
898 5023 951 5067 eos
971 5007 1066 5071 intel·
1116 5014 1213 5074 semel
1235 5019 1453 5081 tantummodo
1478 5039 1632 5099 concessa,
1657 5022 1803 5105 deinceps
1821 5039 1881 5084 non

294 5088 403 5149 lenisse
417 5108 482 5151 non
491 5090 653 5169 ejusmodi,
665 5112 736 5174 quae
750 5102 906 5176 naturam,
922 5100 1067 5165 etliberae
1115 5105 1228 5186 reipsa,
1244 5127 1387 5190 novaque
1410 5111 1569 5190 tribuitur,
1593 5115 1645 5177 sed
1671 5115 1880 5178 1661661616

295 5180 463 5241 voluntatis
485 5186 668 5245 exstantiam
697 5188 922 5268 praecederent,
956 5211 1067 5255 verum
1116 5197 1184 5258 1661
1194 5202 1355 5280 repetitur,
1371 5208 1408 5265 ut
1420 5205 1528 5267 scribit
1541 5207 1746 5286 Augustinus,
1761 5202 1881 5270 libretis

296 5289 367 5350 quae
381 5272 420 5333 ab
434 5273 573 5353 ipsajam
588 5276 671 5337 edita
689 5284 810 5358 sponte,
825 5300 860 5343 ac
873 5282 1068 5349 laudabiliter
1102 5295 1104 5297 ’
1117 5291 1217 5369 pratia
1229 5291 1351 5373 Christi,
1365 5314 1432 5376 cap.
1446 5315 1485 5359 11.
1502 5297 1553 5360 Sic
1566 5298 1651 5362 enim
1664 5299 1821 5365 volentem
1831 5313 1880 5380 ptr

258 5528 264 5541 Ι
325 5473 335 5516 1
352 5472 399 5518 tib.
416 5475 510 5531 1166161.
526 5482 547 5524 et
560 5478 596 5524 tte.
609 5480 656 5526 art.
672 5493 691 5526 e.
704 5491 725 5526 11
