4122 6184
180 3295 271 3338 Saaetm
283 3291 306 3335 in

211 3346 277 3390 terrls

190 3401 294 3444 invocare

184 3454 244 3502 licat.
258 3451 306 3508 pari

205 3507 292 3551 rollers

173 3568 195 3604 ct
207 3559 230 3603 ia
253 3558 315 3603 coiis

185 3614 297 3668 degentes.

333 402 372 461 48
837 392 1162 456 supereffluebant
1185 389 1402 454 DOGMATUM

335 567 514 651 quoniame!
529 563 744 646 adtemptat,
760 559 969 643 acly‘aoamilas
981 566 1008 619 et
1021 558 1102 619 vadis
1151 556 1286 636 exempli
1298 553 1536 616 soiauctoritate
1550 553 1741 615 sanxerunt?
1755 553 1922 617 Enimvero

337 660 370 721 ia
384 660 517 721 oratioue
530 656 690 741 probabis,
705 663 762 717 etc.
789 656 872 715 Tum
896 651 936 715 ad
953 650 1102 713 Pla'lemo·
1151 649 1304 709 mediator
1317 665 1400 708 unus
1413 652 1470 720 est,
1484 646 1592 708 itidem
1603 651 1638 707 ut
1647 647 1794 724 magister
1806 646 1920 724 unus⁸,

336 770 401 813 aera
415 750 439 813 ¹:
453 750 558 833 Spero,
583 750 691 831 lnquit,
724 767 780 830 per
812 745 958 808 orationes
979 750 1099 817 vestras,
1152 741 1301 817 Christus,
1327 745 1363 800 ut
1383 741 1484 816 Pater,
1512 741 1612 814 Deus3
1632 757 1734 818 neque
1748 745 1853 801 tamen
1866 740 1922 820 qui

336 843 448 905 donari
460 863 506 905 me
519 843 607 905 volis.
624 842 683 904 Ubi
697 846 728 902 et
740 857 827 920 spem
841 839 875 899 in
888 833 1024 899 hominis
1036 852 1103 894 ora·
1151 833 1211 894 hoc
1223 834 1256 893 in
1271 831 1439 911 Evangelio
1451 832 1571 912 legunt,
1586 832 1742 912 prohiberi
1752 851 1785 893 se
1797 839 1920 912 putant,

335 937 420 999 tione
434 936 601 999 constituit.
1151 925 1320 1005 quominus
1338 923 1510 1005 magistros,
1539 929 1571 985 et
1598 930 1701 1005 patres
1721 924 1797 985 alios
1819 925 1922 986 nomi·

377 1031 420 1090 ΙΙ.
439 1030 564 1091 Atenim
587 1025 760 1089 viventium
784 1040 904 1105 preces,
925 1025 957 1080 et
974 1017 1103 1079 adrora-
1153 1023 1240 1079 nent.

336 1122 437 1183 tiones
465 1121 608 1201 persequi
638 1117 768 1179 minime
794 1114 1020 1196 prohibemur,
1049 1108 1103 1170 sed
1192 1111 1251 1169 ΙΙΙ.
1265 1109 1307 1170 Ac
1322 1107 1483 1188 Scriptura
1497 1108 1610 1188 passim
1628 1109 1772 1186 ostendit,
1787 1109 1923 1189 Angelos
2044 1144 2045 1151 κ

337 1221 533 1276 mortuorum
556 1213 717 1273 duntaxat.
737 1208 877 1270 Primum
895 1205 965 1285 quis
983 1207 1103 1263 sanctos
1152 1205 1281 1272 sanctos,
1305 1206 1341 1262 ut
1357 1201 1396 1262 de
1418 1201 1596 1262 hominibus
1609 1202 1702 1262 modo
1715 1202 1791 1263 nihil
1807 1203 1919 1279 dicam,

338 1325 403 1368 esse
428 1312 569 1368 mortuos
590 1305 691 1365 dicere
705 1299 839 1362 audeat?
855 1297 995 1360 Christus
1020 1299 1103 1355 certe
1152 1294 1237 1372 quod
1256 1293 1331 1354 alias
1353 1294 1407 1355 liet
1428 1294 1645 1374 opportunius,
1664 1295 1782 1356 medios
1797 1296 1923 1357 seinter
1991 1284 2002 1313 ¹¹

337 1399 423 1460 rivos
436 1417 500 1460 esse
514 1394 683 1478 predicat'
694 1440 705 1472 ,
717 1397 857 1454 mortuos
878 1386 988 1450 haberi
1007 1390 1100 1459 vetat,
1153 1386 1264 1463 lleum,
1279 1392 1310 1448 et
1322 1385 1465 1447 hemines
1483 1386 1692 1466 interponere,
1708 1395 1743 1447 at
1755 1388 1869 1449 horum
1882 1387 1922 1449 ad

337 1505 374 1552 ut
399 1490 545 1564 Abraam,
576 1490 670 1563 lsaac,
693 1492 724 1547 et
750 1482 864 1546 Jacob:
882 1478 952 1543 Non
973 1478 1049 1541 erim
1062 1483 1104 1538 est
1153 1476 1244 1538 illum
1255 1478 1461 1555 necessitates,
1479 1484 1559 1556 vota,
1575 1485 1606 1539 et
1619 1479 1780 1557 desideria,
1796 1486 1828 1541 et
1840 1481 1924 1542 illius

337 1583 417 1646 Deus
430 1587 625 1656 mortuoram,
640 1576 688 1640 sed
701 1576 871 1639 viventium.
889 1572 970 1634 Sane
987 1571 1105 1649 Augus·
1154 1570 1192 1631 ad
1218 1571 1276 1631 hos
1307 1569 1468 1647 beneficia,
1505 1571 1728 1651 commodaque
1754 1572 1920 1652 perierant.

336 1677 420 1737 tinus
454 1674 641 1735 intractata
668 1669 707 1730 ad
735 1666 817 1730 Psal.
841 1681 937 1728 utrm
960 1661 1101 1738 adhaec,
1153 1662 1246 1741 Cujus
1269 1663 1303 1724 in
1327 1664 1439 1725 Vetere
1464 1665 1659 1725 Testemeuto
1677 1664 1927 1743 frequentissima
2046 1712 2047 1729 2

336 1768 445 1829 Coram
465 1763 600 1847 patribus
622 1780 721 1824 cerrum
746 1760 820 1841 lecit
842 1754 1010 1830 mirabilia,
1043 1759 1101 1815 ete.
1154 1759 1226 1814 sunt
1239 1754 1382 1835 exempla
1394 1773 1403 1830 ;
1418 1755 1533 1834 quibus
1547 1773 1611 1816 non
1625 1761 1707 1832 utor,
1722 1774 1763 1818 ne
1775 1756 1835 1817 hoc
1843 1756 1926 1817 dicat

341 1859 425 1921 cubi
448 1858 533 1925 dicit,
556 1855 723 1917 ostendisse
746 1856 844 1915 Deum
865 1849 931 1911 istis
949 1846 1105 1909 mirabilia
1153 1844 1232 1907 forte
1254 1846 1420 1927 quispiam,
1445 1848 1587 1908 nondum
1606 1848 1736 1908 unicum
1749 1848 1801 1909 illo
1815 1849 1928 1910 eonsti-

336 1948 589 2031 corampatribus
599 1946 799 2023 eorum,»ita
807 1942 926 2005 scribit:
945 1938 1104 2000 orlnforte
1154 1942 1259 1999 tutum
1290 1946 1431 2019 tempore
1463 1939 1558 2001 fuisse
1589 1938 1777 2002 mediatorem
1803 1940 1872 2015 Dei,
1897 1949 1926 2004 et

336 2044 446 2125 spiritu
459 2047 624 2124 praesentes
640 2044 730 2101 erant
741 2038 757 2098 l
778 2037 853 2116 quia
865 2031 989 2112 deipsis
1002 2029 1104 2091 Domi·
1155 2028 1305 2092 lomr'aam
1312 2030 1466 2094 Christum
1478 2030 1603 2094 aescae.
1614 2032 1694 2093 lllud
1707 2052 1746 2094 ex
1752 2034 1927 2095 Novodun·

337 2136 438 2198 nusin
447 2133 615 2214 Evangelio
625 2131 668 2193 ait
680 2152 686 2192 :
699 2124 941 2193 Oranesenimilli
949 2120 1101 2185 eivenit.»
1154 2126 1239 2183 taam
1251 2123 1418 2203 proferam,
1434 2123 1518 2203 quod
1529 2124 1689 2205 superiora
1702 2125 1802 2205 capita
1811 2126 1925 2188 docue-

338 2228 520 2291 Ambrosius
541 2227 617 2287 item
631 2223 921 2292 etviveresanctoa
938 2222 970 2279 et
983 2220 1105 2276 orantes
1155 2221 1240 2293 runt,
1270 2217 1450 2296 unicuique,
1479 2216 1588 2278 saltem
1612 2217 1763 2294 fidebam,
1792 2237 1884 2280 suum
1907 2238 1928 2280 a

339 2320 480 2382 exaudiri
499 2320 588 2380 docet
604 2316 654 2377 his
673 2313 796 2377 verbis:
817 2332 832 2369 o
853 2311 924 2372 Non
950 2306 1106 2369 mediocre
1156 2307 1219 2368 Deo
1242 2309 1401 2371 custodem
1422 2309 1531 2369 datum
1551 2327 1616 2371 esse
1634 2309 1799 2390 Angelum,
1820 2311 1875 2390 qui
1890 2311 1930 2372 iis

338 2413 433 2474 etiam
445 2413 569 2491 dogma,
587 2409 668 2489 quod
683 2408 746 2469 ait:
769 2400 991 2483 Vaesaapaials
998 2398 1107 2478 fratrae
1160 2400 1311 2479 consulat,
1328 2407 1359 2462 et
1372 2401 1553 2462 mediatoris
1565 2401 1666 2463 efficio
1678 2401 1835 2481 iungatur,
1851 2403 1930 2465 dum

338 2503 499 2566 tur'clamat
512 2499 720 2580 adme⁸‚·quia
733 2498 814 2559 lleus
824 2496 923 2575 justos
936 2508 1008 2552 suos
1021 2491 1107 2551 audit
1156 2498 1187 2553 et
1210 2494 1365 2554 commissi
1388 2492 1447 2554 sibi
1468 2493 1786 2574 quisquecommoda,
1816 2495 1933 2556 utilita-

339 2597 433 2659 etiam
463 2600 626 2669 mortuos,
655 2590 805 2671 quoniam
832 2588 895 2648 Iteo
918 2585 1039 2645 vivunt.
1069 2583 1107 2643 Et
1156 2589 1266 2664 tesqua
1279 2590 1426 2666 procurat
1439 2586 1734 2665 apudcommunem
1747 2588 1930 2665 Dominum,

340 2689 451 2750 merito
462 2705 519 2768 pro
529 2684 706 2746 viventibus
719 2681 885 2756 habentur,
900 2677 972 2757 quia
986 2673 1107 2736 etiamsi
1156 2683 1187 2738 et
1204 2678 1271 2757 ejus
1292 2678 1447 2740 orationes
1466 2678 1567 2740 eidem
1587 2685 1798 2759 repraesentat,
1817 2690 1847 2740 et
1861 2700 1932 2760 pec·

340 2780 480 2861 corporis
501 2776 693 2859 grutaverint
711 2779 857 2843 mortem,
886 2770 982 2830 vitam
1001 2772 1107 2828 temen
1156 2775 1297 2832 catorum
1319 2771 1455 2848 veniam,
1478 2771 1694 2851 caelestemque
1714 2772 1846 2851 gratiam
1865 2773 1932 2833 suis

339 2874 555 2954 incorpoream
584 2869 722 2950 capiunt.
744 2873 776 2928 ct
796 2862 1014 2925 illuminantia
1034 2878 1106 2921 suo·
1157 2867 1188 2922 et
1201 2862 1265 2942 ipse
1274 2863 1418 2944 precibus
1427 2863 1561 2925 vicissim
1575 2864 1728 2926 conciliat.
1749 2864 1834 2925 Nihil
1842 2866 1931 2926 enim

340 2984 412 3028 rum
439 2963 602 3044 splendore
636 2960 842 3032 meritorum,
877 2956 947 3016 luce
985 2969 1108 3034 quoque
1157 2955 1242 3017 aliud
1255 2956 1370 3017 Christi
1380 2954 1476 3017 verba
1496 2955 1550 3016 illa
1563 2956 1749 3036 significant,
1764 2956 1930 3035 quibusab

339 3058 485 3119 fruuntur
520 3062 645 3117 artemo.
685 3075 696 3111 a
731 3049 846 3113 Licebit
875 3064 949 3124 ergo
982 3048 1108 3107 Sanctos
1157 3053 1347 3128 contemptu,
1360 3053 1391 3108 et
1407 3047 1525 3126 injuria
1538 3049 1743 3128 parvulorum
1757 3049 1931 3110 absterrere

340 3151 514 3232 appellare,
550 3154 582 3209 et
622 3163 731 3208 eorum
770 3143 817 3205 uti
862 3138 1106 3214 intercessione,
1159 3140 1346 3202 nosvoluit:
1382 3138 1479 3201 Videte
1503 3159 1537 3201 ae
1565 3141 1759 3203 contemnam
1780 3159 1873 3202 anam
1893 3140 1930 3203 de

340 3244 366 3304 si
394 3243 481 3304 vivos
512 3240 680 3319 implorare
705 3234 905 3317 permittitur.
934 3231 1061 3308 Deinde,
1084 3228 1110 3291 si
1158 3232 1280 3315 pusillis
1294 3232 1370 3302 istis,
1395 3232 1450 3314 qai
1469 3230 1591 3294 credunt
1605 3233 1636 3294 ia
1649 3251 1718 3309 me,·
1735 3233 1931 3314 qaiarlnpeli

341 3340 505 3417 propterea
531 3336 709 3393 sanctorum
731 3328 778 3389 uti
797 3324 978 3407 patrocinio,
1006 3330 1037 3383 et
1056 3340 1109 3384 eos
1159 3344 1259 3387 eorum
1286 3324 1317 3385 ia
1340 3322 1419 3385 ecelis
1440 3343 1553 3408 semper
1576 3323 1674 3386 eidem
1698 3326 1807 3405 facicm
1828 3325 1932 3387 Patris

341 3430 486 3490 invocare
500 3443 564 3486 non
577 3424 659 3499 licet,
675 3420 824 3502 quoniam
836 3417 947 3479 urricus
960 3415 1111 3476 mediator
1160 3418 1227 3490 ma,
1244 3417 1300 3498 qui
1312 3416 1345 3476 io
1357 3415 1441 3478 celis
1453 3414 1608 3478 est⁷.Nam
1619 3435 1770 3498 quorsum
1777 3418 1835 3478 ista
1849 3418 1931 3479 ratio

343 3528 389 3583 est
407 3519 554 3593 Christus,
583 3515 634 3577 cui
655 3514 691 3575 fit
715 3512 838 3592 injuria,
863 3509 889 3570 si
909 3509 979 3588 quis
999 3512 1111 3587 praetcr
1160 3510 1305 3591 pertinet,
1335 3513 1370 3569 ut
1397 3509 1467 3570 ideo
1494 3515 1685 3590 temperetur
1715 3511 1755 3571 ab
1782 3509 1933 3571 laedendis

342 3615 432 3675 illum
459 3608 642 3672 convenitur
668 3605 764 3679 alius;
790 3602 925 3683 profecto
945 3600 1009 3662 sive
1022 3600 1111 3660 rivus
1161 3602 1308 3682 parvulis,
1336 3601 1420 3681 quod
1443 3601 1554 3680 Angeli
1581 3620 1691 3662 eorum
1713 3603 1813 3663 Deum
1827 3619 1934 3663 coram

343 3706 445 3767 adhuc
465 3703 492 3763 is
514 3702 564 3777 sit,
586 3699 651 3760 sive
666 3697 733 3777 jam
752 3694 914 3757 excesserit
934 3693 1038 3767 evita,
1053 3710 1111 3771 par
1161 3695 1283 3756 assidue
1309 3699 1509 3770 contuentur,
1538 3693 1599 3755 nisi
1624 3693 1701 3755 illud
1728 3695 1930 3773 intelligatur,

344 3812 390 3860 est
402 3793 554 3873 sacrilegii
566 3788 816 3852 lormaadillum
834 3792 985 3866 tanquam
999 3784 1113 3845 media·
1162 3806 1244 3848 curae
1263 3786 1374 3847 iisdem
1397 3803 1462 3846 esse
1481 3805 1538 3867 pro
1561 3787 1708 3847 custodiae
1728 3805 1869 3856 munere,
1895 3794 1934 3848 ut

343 3898 434 3951 torem
457 3885 635 3965 confugere.
658 3882 700 3943 Ut
724 3880 819 3952 enim,
848 3877 998 3958 quoniam
1014 3875 1113 3938 latriae
1162 3879 1244 3959 apud
1259 3881 1356 3940 Deum
1370 3896 1426 3958 pro
1445 3878 1506 3937 illis
1526 3878 1742 3940 intercedant?
1759 3881 1824 3941 Hoc
1838 3879 1932 3941 medo

343 3984 429 4046 cultu
442 3979 528 4041 nefas
546 3983 592 4039 est
610 3975 706 4036 alium
725 3971 876 4045 venerari,
892 3988 986 4051 quam
1000 3969 1110 4046 Deum,
1161 3974 1265 4035 locum
1292 3972 1377 4032 hunc
1402 3970 1537 4031 Hilarius
1566 3972 1731 4033 enarravit.
1762 3994 1778 4031 s
1805 3972 1927 4051 Angeli,

342 4078 377 4137 in
390 4075 499 4137 eadem
513 4077 558 4133 est
567 4086 669 4140 eausa,
684 4065 813 4146 parique
827 4063 940 4125 scelere
956 4061 1112 4124 constrin-
1162 4065 1275 4147 inquit,
1297 4062 1483 4144 pusillorum
1506 4069 1644 4142 praesunt
1666 4063 1806 4124 fideliam
1819 4065 1934 4125 oratio·

343 4169 438 4249 gitta,
460 4164 515 4245 qui
537 4162 726 4233 autricum,
754 4164 810 4219 aut
826 4165 987 4218 mortuum
1005 4171 1114 4234 quem·
1162 4157 1265 4219 nibus.
1290 4157 1424 4216 Praecsse
1444 4155 1588 4233 Angelos,
1608 4154 1748 4216 absoluta
1766 4157 1934 4218 auctoritas

343 4261 428 4341 piam
454 4259 573 4318 honore
599 4254 653 4315 illo
680 4251 785 4327 afficit,
809 4268 867 4311 nec
887 4248 930 4309 ibi
948 4248 1114 4309 discrimen
1163 4256 1219 4316 est.
1232 4249 1428 4311 Salvatorum
1440 4246 1598 4326 igiturper
1608 4247 1768 4309 Christum
1776 4249 1933 4311 orationes

344 4352 424 4414 illud
436 4349 511 4427 risi,
527 4354 620 4427 atque
633 4344 749 4406 mortui
766 4343 870 4404 locum
890 4339 1004 4416 babet,
1018 4340 1072 4416 ita,
1087 4337 1114 4398 si
1163 4342 1274 4422 Angeli
1297 4340 1435 4420 quotidie
1457 4341 1520 4400 Deo
1543 4338 1690 4400 offerunt.
1713 4342 1795 4420 Ergo
1809 4341 1932 4419 pericu·

344 4445 379 4505 in
392 4447 493 4505 totum
510 4439 713 4501 mediatorem
733 4453 871 4511 omnem,
887 4437 999 4513 praeter
1014 4431 1116 4492 (ibris-
1162 4433 1226 4496 lose
1258 4435 1310 4495 ille
1344 4432 1564 4501 contemnitur,
1595 4432 1683 4511 cujus
1708 4433 1869 4509 desideria,
1896 4452 1934 4495 ae

344 4544 424 4613 tum,
455 4531 625 4614 Apostolico
653 4530 704 4589 illa
726 4527 879 4589 sententia
900 4529 1028 4601 resecat,
1048 4542 1114 4584 non
1162 4526 1387 4608 postulationes
1419 4524 1459 4585 ad
1491 4528 1655 4599 aeternum,
1692 4530 1723 4585 et
1744 4524 1933 4586 invisibilem

345 4627 444 4709 magis
453 4622 797 4700 viventemincorpore,
808 4636 903 4699 quam
912 4635 985 4680 cum
993 4616 1113 4676 Christo
1164 4621 1262 4681 Deum
1288 4616 1453 4679 ambitioso
1480 4617 1672 4695 Angelorum
1703 4617 1866 4695 famulatu,
1896 4637 1934 4681 ae

346 4724 528 4797 regnantem
542 4717 685 4776 invocaro
692 4711 882 4773 conceditur.
899 4709 1022 4784 Quodsi
1032 4708 1113 4769 dicto
1163 4711 1336 4772 ministerio
1350 4709 1575 4789 pervehuntur.
1591 4731 1607 4768 a

345 4816 389 4876 illi
401 4810 577 4894 Apostolico
590 4803 853 4886 interpretationis
870 4801 989 4881 aliquid
1002 4800 1111 4880 adjun-
1203 4804 1257 4863 IV.
1266 4802 1413 4881 idemque
1420 4820 1527 4863 sensus
1538 4801 1597 4862 luit
1608 4807 1639 4863 et
1648 4802 1781 4864 aliorum
1788 4804 1932 4878 Petrum,

345 4925 418 4986 gere
431 4908 584 4984 coguntur
597 4899 667 4980 ipsi,
682 4916 723 4958 ne
737 4896 787 4958 rel
804 4894 899 4957 esuis
912 4894 1112 4971 irrideantur,
1164 4913 1299 4975 quorum
1312 4895 1493 4956 auctoritate
1513 4913 1607 4975 supra
1619 4896 1760 4972 tutelam,
1779 4914 1814 4956 ac
1827 4901 1932 4976 patro·

345 5020 381 5062 ao
405 5000 616 5067 damnentur3
644 5010 699 5052 cur
726 5007 783 5050 nos
810 5006 847 5050 ea
865 4986 1033 5068 prohibent
1056 4984 1111 5063 uti,
1163 4987 1281 5049 oinium
1304 4986 1481 5067 angelicum
1500 4986 1709 5063 asseruimus3
1729 4987 1933 5068 nequequid·

345 5108 452 5174 quam,
477 5092 513 5149 ut
532 5087 566 5147 in
589 5082 780 5158 adoratione,
806 5080 849 5141 sie
872 5079 906 5140 in
918 5078 1114 5140 invocatione
1163 5098 1259 5159 quam
1281 5080 1409 5141 insitum
1429 5079 1528 5159 magis
1548 5085 1593 5141 est
1606 5079 1851 5141 Christianorum
1864 5098 1932 5141 om·

346 5188 535 5252 sanctorum,
573 5175 780 5256 Augustinus,
812 5172 977 5251 caeterique
1008 5171 1115 5232 Patres
1163 5173 1253 5234 nium
1280 5172 1403 5249 animis,
1431 5189 1527 5253 quam
1549 5172 1643 5247 istud,
1667 5171 1864 5254 interpellare
1876 5191 1933 5253 pro

345 5282 571 5358 lumexpressa
593 5268 768 5344 verbomm,
790 5271 859 5327 tum
877 5264 969 5326 tacita
982 5281 1067 5342 usus,
1082 5268 1114 5325 et
1164 5265 1255 5327 nobis
1274 5265 1410 5346 Angelos
1436 5267 1546 5340 Deum,
1575 5283 1612 5327 ae
1636 5265 1755 5327 medios
1794 5272 1825 5328 et
1849 5265 1935 5328 velut

375 5516 386 5561 l
399 5517 460 5560 Gom.
473 5522 525 5557 riu.
535 5507 585 5553 -2
597 5505 671 5551 natm.
683 5514 736 5557 sxa,
750 5501 785 5547 ra.
796 5525 824 5537 -
834 5503 848 5548 ³
858 5504 908 5550 lae.
920 5514 953 5557 rx.
967 5503 1007 5550 un.
1020 5503 1175 5557 limitabat
1186 5505 1250 5560 caia
1268 5517 1316 5563 rap.
1330 5516 1359 5550 u.
1371 5526 1396 5539 ·-
1410 5504 1486 5552 taes.
1500 5517 1530 5558 rr,
1544 5504 1631 5550 taes
1653 5504 1728 5552 uasa.
1748 5516 1810 5558 xxrrr.
1821 5505 1842 5557 a,
1861 5505 1896 5554 tu.
1906 5525 1934 5542 -

345 5582 360 5628 a
373 5582 382 5626 l
395 5577 486 5625 ltmotb.
497 5585 524 5626 ιι,
536 5574 557 5618 5.
569 5570 618 5613 -l
632 5568 707 5614 Hattls.
718 5577 780 5618 xvrn,
793 5566 827 5613 to.
