4004 6168
567 358 616 419 DE
635 358 799 423 urtelclo
822 359 899 425 SEX
921 362 1091 426 DIERUM.
1565 364 1623 425 bd'l

50 522 239 602 promissione
254 538 261 583 r
278 542 351 587 nam
365 525 409 586 ita
427 524 555 589 eoribitr
575 547 591 585 e
608 526 678 588 ideo
697 533 804 589 sutem
852 528 1014 592 abundans
1036 531 1152 611 largius
1178 532 1298 595 tribuit.
1315 552 1331 592 r
1349 532 1517 613 Gregorius
1535 532 1623 593 bom.

48 613 151 692 justitia
164 615 218 675 Dei
232 616 316 677 diota
335 622 390 692 eet,
409 634 480 697 qne
493 618 618 680 videtur
631 634 696 680 esee
710 619 804 681 mise·
852 639 964 682 xxxvrr
977 622 1009 682 io
1018 622 1078 685 Eo.
1096 645 1111 682 a
1126 626 1218 701 Eum,
1235 625 1284 686 eui
1297 625 1363 704 ipse
1376 624 1497 687 debitor
1510 622 1622 700 iuerat,

51 705 306 785 rieordia,qulade
317 710 519 788 promissione
527 710 682 790 originem
691 711 802 773 habete
853 731 892 775 ex
912 713 1117 792 promissione
1140 717 1233 796 erepit
1256 716 1371 779 habere
1396 716 1619 778 debitorem.»

51 803 78 858 et
87 815 153 859 eum
165 800 353 878 promissum
367 802 422 863 Dei
435 802 586 880 redditur,
606 802 726 881 justitia
749 804 805 864 Dei
853 805 970 867 Loeum
983 806 1068 867 hune
1081 812 1182 870 totum
1194 808 1343 871 oeneludo
1357 807 1468 871 illustri
1488 806 1625 869 testimo·

51 889 157 951 dirimo
183 912 200 948 r
224 892 307 965 Quid
331 894 576 973 Gbrysostomus‚
600 895 656 974 qui
685 896 803 957 donum
854 896 907 957 nio
922 899 1070 960 Bernerdi
1080 917 1116 963 ev
1128 900 1182 962 lib.
1194 899 1230 962 de
1246 899 1330 964 Grat.
1345 907 1372 960 et
1385 899 1438 962 tit.
1450 897 1515 961 orb.
1532 899 1623 972 «Quo

52 997 175 1059 superare
210 982 413 1046 beatitudinis
443 986 681 1049 beneficentiam
718 988 806 1067 sequi
854 995 955 1068 paeto,
968 990 1082 1070 inquit,
1098 1010 1286 1072 eam‚quam
1300 992 1359 1054 sibi
1369 990 1535 1072 repositam
1546 1008 1625 1070 pree-

52 1072 115 1135 dirit
127 1076 199 1153 ejus,
220 1077 277 1154 qui
298 1078 450 1156 promisit,
476 1097 541 1140 non
560 1097 635 1141 vero
658 1080 735 1158 ejus,
750 1081 803 1158 qui
855 1083 960 1154 sumit,
983 1100 1130 1147 eoronam
1149 1098 1239 1147 voest
1264 1085 1380 1147 Pardus
1397 1083 1550 1163 justitiae?
1575 1084 1625 1143 Au

53 1165 146 1246 resipit
169 1166 456 1231 conditionemio
489 1173 532 1246 Is,
565 1170 619 1251 qui
652 1170 806 1235 laboravit
855 1174 1004 1253 quoniam
1020 1176 1113 1255 juste,
1134 1178 1212 1257 jam,
1234 1184 1265 1239 et
1288 1176 1442 1239 exdebito
1457 1176 1625 1255 requiritur

54 1257 205 1319 necessario
220 1278 364 1338 saronas,
380 1266 411 1322 et
429 1262 558 1342 premia
580 1264 779 1342 consequitur
795 1283 804 1325 r
855 1267 1083 1348 quodcumque,
1095 1270 1146 1330 vel
1158 1270 1254 1348 gratis
1265 1269 1455 1348 promittitur
1465 1268 1625 1347 lDenique

54 1358 115 1409 mm
126 1366 190 1429 spes
205 1368 273 1413 non
297 1353 463 1432 pudefacit,
491 1355 565 1435 quia
591 1355 648 1417 Dei
670 1362 716 1417 eet
736 1375 806 1436 pro·
855 1359 908 1432 ait,
923 1363 983 1420 seio
995 1360 1046 1420 roi
1060 1358 1183 1436 credidi,
1201 1370 1227 1422 et
1241 1366 1335 1421 retus
1352 1380 1428 1435 eom,
1443 1360 1625 1441 quiopoteos

56 1440 162 1501 missio:
197 1447 229 1503 et
251 1443 335 1506 dona
362 1444 513 1524 promissa
540 1453 714 1526 sequuntur
739 1448 807 1527 ejus
856 1457 898 1510 est
917 1448 1080 1531 depositum
1095 1469 1192 1513 meum
1212 1470 1337 1515 severe.
1353 1453 1408 1513 Dei
1425 1451 1623 1531 promissum,

56 1532 109 1609 ejus
129 1538 280 1611 naturam,
308 1536 362 1616 qui
390 1538 577 1616 promisit»
613 1540 807 1619 Augustinus
856 1560 948 1603 suum
973 1544 1108 1622 appellat
1132 1544 1326 1623 depositum:
1348 1551 1379 1606 et
1403 1545 1474 1623 quia
1497 1543 1626 1605 eredidit

57 1624 132 1686 etism
163 1625 310 1689 Eoorrat.
341 1634 372 1690 io
407 1629 520 1692 Psolm.
549 1649 668 1693 mnu
692 1651 726 1693 n.
755 1636 804 1695 te.
856 1635 1066 1714 promittenti,
1102 1637 1233 1697 fidenter
1267 1638 1457 1715 promissum
1487 1635 1623 1715 repetito

60 1716 168 1791 «Unde,
190 1718 306 1798 iuquit,
330 1720 452 1783 debitor
472 1723 586 1785 Deus‘l
610 1725 737 1804 derepit
750 1725 806 1787 ali·
856 1726 1043 1805 promissum
1057 1727 1184 1807 quidem
1198 1745 1237 1788 ex
1250 1728 1470 1801 misericordia,
1494 1728 1547 1788 sed
1558 1726 1625 1804 jam

58 1806 203 1887 qrridlilui
212 1811 307 1873 debet
317 1813 434 1893 aliquid
446 1814 551 1875 Deus'l
564 1816 804 1891 Emevldemus,
856 1818 1022 1896 exjustitia
1051 1819 1300 1898 persolvendum.
1331 1821 1384 1879 Est
1410 1837 1495 1898 ergo,
1531 1836 1626 1896 quam

58 1899 117 1978 quio
141 1906 221 1963 tenet
243 1922 321 1965 eum
346 1905 518 1968 debitorem
536 1909 677 1969 Paulus:
698 1927 807 1971 eonse-
856 1909 973 1970 Poulus
984 1916 1133 1988 expectat,
1145 1929 1260 1971 eorona
1273 1910 1413 1989 justitiae,
1431 1910 1485 1971 sed
1496 1910 1626 1988 justitior

60 1996 184 2055 rumsert
193 1995 451 2071 miserirordiam,
474 1999 601 2076 exigens
617 2001 804 2063 veritatemr
856 2000 921 2075 Dei,
936 2020 1001 2062 uon
1028 2021 1104 2063 sum.
1133 2003 1260 2064 iussum
1288 2003 1401 2082 quippe
1421 2008 1478 2077 est,
1506 2007 1541 2062 ut
1558 2002 1626 2061 red-

60 2081 141 2144 reddet
151 2085 232 2157 milti,
248 2088 365 2168 inquit,
380 2088 525 2151 Dominus
535 2092 567 2151 io
577 2092 632 2153 illo
645 2092 704 2155 die.
725 2093 806 2161 Quid
856 2092 919 2167 dat,
927 2093 1011 2171 quod
1025 2094 1116 2155 debet
1129 2114 1137 2155 ι
1153 2093 1245 2155 debet
1256 2098 1372 2170 autem,
1384 2093 1626 2173 quodpollieitus

61 2175 223 2254 tlbireddet,
238 2181 302 2241 nisi
324 2182 408 2260 quod
421 2181 478 2242 tihi
505 2183 726 2247 debetiUude
749 2185 806 2247 tibi
855 2188 911 2245 est.
931 2204 944 2230 ν

61 2266 242 2343 debatiQuid
255 2271 286 2333 ei
297 2271 404 2333 dedisti
418 2275 433 2333 'l
448 2273 519 2348 (luis
530 2276 617 2355 prior
639 2275 719 2338 dedit
741 2277 804 2355 illi,
892 2276 938 2345 ‚Ut
953 2277 987 2336 in
1004 2276 1063 2338 hoe
1081 2277 1234 2356 praeeipue
1250 2276 1381 2338 articulo
1396 2293 1467 2338 enm
1488 2277 1628 2357 antiquis

62 2361 269 2425 etretm'laetar
282 2365 313 2426 ei
334 2367 348 2424 l
371 2365 549 2428 Debitorem
569 2369 720 2430 Dominus
742 2369 807 2449 ipse
855 2366 1007 2428 hereticis
1026 2369 1194 2429 adversarii
1217 2370 1431 2443 eonsentient3
1457 2368 1501 2428 ita
1521 2374 1627 2430 senua

63 2468 88 2509 se
104 2453 174 2530 lesit,
200 2474 265 2517 non
291 2456 479 2535 desipiendo,
497 2460 551 2520 sed
569 2461 804 2539 promittendo:
856 2458 955 2538 ipsos,
997 2460 1116 2538 aliquot
1156 2459 1359 2521 coneiliorum
1399 2458 1625 2537 sanctionibus,

63 2559 113 2602 non
135 2544 161 2604 ei
180 2545 294 2609 dieitur
320 2548 426 2625 redde,
457 2550 539 2629 quod
562 2552 724 2632 aoeepisti3
754 2555 808 2615 sed
857 2549 1044 2612 catholicum
1064 2552 1189 2629 dogma,
1218 2551 1277 2611 hae
1304 2550 1439 2612 maxime
1465 2568 1504 2610 ex
1526 2557 1625 2631 parte,

63 2635 147 2711 adde,
173 2640 253 2716 quod
267 2640 449 2720 promisisti,
466 2662 481 2699 e
501 2643 587 2704 {dem
600 2662 694 2705 serm,
716 2662 809 2707 arom
856 2646 1005 2710 tutamur,
1030 2642 1207 2704 viennense
1235 2641 1418 2710 eonsilium.
1434 2641 1530 2722 quod,
1546 2641 1629 2703 inter

64 2722 162 2789 deteri.
175 2729 274 2809 ipset,
292 2731 379 2794 Rom.
389 2749 448 2794 vm
459 2738 491 2794 et
502 2736 552 2807 30,
569 2736 604 2795 31
617 2754 683 2815 oap.
700 2754 721 2798 11
735 2740 806 2799 o.2.
859 2732 1080 2806 OEoumeniea‚
1125 2735 1428 2813 decimumquintum
1467 2735 1628 2796 numerari

68 2817 121 2876 «In
131 2819 183 2895 bis,
197 2824 344 2902 quaejam
357 2823 519 2893 babemus,
534 2826 696 2888 laudemus
710 2831 809 2890 Deum
858 2824 946 2901 solet,
961 2844 981 2886 e
994 2825 1150 2887 [lementa
1163 2827 1192 2887 V
1207 2827 1300 2887 Rom.
1317 2832 1404 2905 pont.
1425 2831 1627 2886 eonvoeatum

66 2907 226 2987 largitorem,
247 2914 281 2976 in
309 2916 368 2992 his,
393 2935 463 2996 qum
485 2918 628 2979 noudum
645 2920 808 2991 babemus,
858 2922 919 2991 est,
935 2934 1008 2978 eum
1023 2916 1090 2978 aliis
1102 2918 1202 2978 trihus
1213 2917 1251 2978 de
1265 2916 1383 2993 oensis,
1404 2922 1470 2977 lum
1482 2917 1576 2979 etiam
1588 2917 1628 2978 ob

66 3007 182 3064 tenemus
197 3004 381 3069 debitorem.
406 3007 533 3069 Debitor
556 3011 639 3070 enim
653 3010 750 3073 iaetus
764 3018 810 3074 eet
858 3025 978 3069 errores
1001 3008 1082 3070 Petri
1098 3009 1117 3068 J
1119 3010 1230 3069 oannis
1248 3056 1256 3086 ,
1272 3008 1513 3082 Fratieellorum,
1523 3009 1627 3069 Duloi-

67 3109 116 3153 uon
127 3095 232 3176 aliquid
251 3117 269 3159 a
289 3097 380 3159 nobis
405 3099 594 3179 accipiendo,
611 3102 664 3163 sed
683 3105 766 3182 quod
780 3105 809 3165 ei
858 3100 1027 3175 mistarum,
1059 3101 1294 3179 Beguardorum
1324 3118 1361 3161 eo
1395 3100 1605 3179 Deguinarum
1617 3121 1626 3176 ;

67 3184 166 3263 placuit,
198 3190 416 3269 promittendo.
447 3192 546 3253 Aliter
568 3194 654 3254 enim
678 3194 810 3258 dicimus
856 3190 939 3252 iuter
963 3191 1020 3251 hos
1039 3197 1145 3252 autem
1168 3209 1305 3261 errores.
1320 3192 1375 3270 qui
1389 3209 1497 3254 omnes
1517 3210 1627 3253 reeen-

67 3275 173 3355 homioi,
182 3281 366 3356 debesmibi,
377 3302 446 3362 quae
453 3283 632 3359 deditibi‚et
639 3287 727 3349 aliter
737 3290 809 3351 diei·
857 3287 964 3344 seutur
974 3300 1041 3362 oep.
1054 3282 1105 3344 Ad
1111 3291 1242 3344 andrum
1252 3281 1286 3344 de
1297 3282 1468 3357 Hoeretieis,
1479 3288 1524 3344 est
1537 3300 1625 3345 num.

68 3371 397 3453 mus‚tebesmihi‚quis
411 3376 808 3455 promisistimihi.Quondo
858 3375 1004 3454 quintus,
1029 3374 1068 3435 ub
1090 3375 1262 3454 eodemque
1289 3374 1419 3436 coneilio
1443 3373 1626 3450 damnatus3

69 3458 135 3534 diois,
159 3464 247 3527 debes
259 3467 350 3539 mihi,
372 3468 446 3546 quia
472 3468 545 3528 dedi
568 3469 635 3544 tibi,
652 3488 670 3530 a
686 3480 716 3533 te
737 3490 809 3551 pro·
858 3483 981 3546 nempe,
1003 3465 1181 3539 erroelibet
1195 3466 1410 3527 intellectualis
1424 3470 1535 3526 natura
1549 3466 1583 3526 in
1596 3484 1629 3527 se

69 3551 337 3632 neumnensium,
348 3558 403 3618 sed
420 3564 610 3636 mutuatum,
624 3579 690 3621 non
711 3563 808 3624 dona·
857 3557 925 3637 ipsa
952 3556 1134 3618 naturaliter
1154 3565 1200 3619 est
1231 3558 1345 3619 beata:
1373 3561 1404 3619 et
1431 3557 1538 3619 anime
1564 3577 1629 3620 non

69 3644 130 3703 blm.
143 3646 262 3719 Qando
281 3653 386 3710 autem
402 3649 491 3726 dieis,
507 3649 600 3712 debes
620 3652 710 3729 milri,
733 3654 808 3733 qnia
856 3648 976 3727 indiget
1009 3647 1127 3710 lumine
1157 3650 1275 3728 gloriae,
1301 3649 1399 3729 ipsam
1423 3649 1563 3711 elevante
1589 3651 1626 3710 ad

70 3735 205 3808 promisisti
230 3739 319 3815 mihi,
348 3747 384 3802 tu
411 3741 490 3803 nibil
513 3741 635 3820 dedisti,
647 3750 678 3805 et
702 3751 808 3808 tameo
857 3742 956 3802 Deum
981 3740 1161 3815 Videndum,
1192 3747 1222 3802 el
1246 3759 1283 3803 ²0
1305 3740 1393 3802 beaw
1415 3741 1624 3802 fruendum»

70 3822 281 3903 exigiallouitas
291 3832 375 3893 enim
385 3833 804 3913 ejus‚quipromisit‚dolrit.r
857 3833 995 3894 Profeoto
1009 3835 1122 3895 veritas
1140 3852 1159 3894 a
1184 3833 1314 3894 oonsilio
1329 3838 1453 3907 asserta,
1469 3839 1500 3893 et
1513 3833 1629 3894 sancita

70 3914 130 3977 Item
140 3937 224 3985 steten⁶
235 3941 320 3986 mmv
333 3924 407 3986 suar
420 3924 455 3986 de
469 3926 631 4006 Pompilii
649 3946 676 3990 o.
693 3947 713 3988 v
726 3949 757 3990 o.
774 3932 804 3993 6.
856 3943 919 3985 uon
931 3931 1036 4000 staret,
1052 3925 1077 3984 si
1087 3926 1192 3985 anime
1203 3925 1350 3998 hominis,
1365 3924 1450 4003 quod
1461 3924 1627 3984 adversarii

73 4008 244 4077 «laudemus
271 4034 358 4096 erge,
386 4016 494 4077 freber
515 4019 700 4093 Dominum,
734 4023 807 4100 quta
855 4017 978 4089 docent,
990 4016 1056 4076 sine
1071 4015 1193 4093 speeieli
1205 4015 1305 4094 gratie
1313 4016 1378 4089 Dei,
1393 4015 1627 4077 etaereatiouis

70 4097 216 4174 ejusddelia
228 4109 379 4187 promissa
393 4108 717 4185 retinemue,noudom
727 4130 809 4189 aere·
856 4107 939 4169 dono
952 4108 1112 4183 distincta,
1135 4112 1207 4185 apta
1228 4112 1308 4167 esset
1330 4123 1369 4167 ex
1382 4124 1459 4183 sese,
1474 4114 1564 4186 atque
1588 4125 1626 4168 ex

70 4191 159 4266 pimus.
190 4199 302 4260 Porum
331 4201 456 4278 putatis,
485 4200 558 4279 quia
589 4203 807 4280 promissorem
856 4203 977 4259 suamet
1002 4198 1180 4259 conditione
1203 4198 1242 4259 ad
1258 4198 1411 4258 visionem
1437 4197 1492 4258 Dei
1516 4215 1624 4259 eonse-

71 4286 193 4364 ltuemus,
207 4296 241 4351 ut
249 4292 317 4371 jorn
338 4291 511 4352 debitorem
530 4291 716 4370 exigamus?
736 4296 808 4357 Pro-
856 4290 1028 4369 quendam:
1045 4295 1147 4369 posset
1160 4290 1245 4351 enim
1259 4291 1322 4351 suis
1336 4289 1466 4365 viribus,
1482 4296 1513 4350 et
1529 4289 1621 4352 lacul-

72 4373 157 4437 misror
175 4381 249 4443 Deus
268 4381 390 4443 debitor
403 4382 502 4444 iaetus
524 4389 571 4444 est
587 4383 723 4447 bonitate
737 4403 805 4465 sua,
855 4383 970 4444 tatibus
990 4381 1111 4461 assequi
1129 4400 1165 4443 ea
1180 4382 1298 4458 omnin,
1315 4399 1386 4460 qum
1401 4382 1441 4442 ad
1456 4382 1625 4444 videndum

73 4482 120 4526 nou
130 4475 320 4553 prerogotiva
334 4481 450 4536 nostra.
466 4497 482 4532 rr
499 4476 661 4554 Augustini
671 4478 808 4558 vestigiis
856 4475 956 4535 Deum
976 4480 1049 4535 sunt
1061 4473 1249 4535 necessaria:
1274 4479 1367 4552 atque
1381 4473 1424 4533 ita
1438 4490 1531 4553 supra
1544 4475 1625 4538 vires

72 4553 190 4625 insum
200 4572 304 4628 auctor
318 4566 372 4627 lib.
389 4564 425 4627 de
439 4584 499 4628 voe.
517 4565 601 4630 Geot.
616 4568 636 4629 l.
652 4571 677 4632 1.
697 4590 714 4627 o
733 4571 803 4632 Non
857 4584 928 4628 sues
941 4565 1062 4635 eleuorr',
1079 4571 1172 4644 atque
1191 4565 1280 4627 evehi
1292 4581 1357 4625 uon
1366 4564 1529 4644 indigeret.
1547 4567 1624 4627 Prae-

73 4643 147 4713 boos
158 4658 286 4734 pretium
299 4657 430 4735 solvens,
451 4659 504 4719 sed
527 4658 648 4720 divitias
660 4660 806 4723 bonitatis
854 4663 938 4719 terea
955 4658 1006 4718 hie
1019 4658 1097 4718 illud
1110 4657 1224 4719 iterum
1237 4656 1441 4718 animadverti
1450 4659 1624 4738 volo,quod

73 4743 226 4826 meineos,
247 4768 324 4831 quos
344 4750 411 4811 sine
431 4751 577 4830 operibus
594 4751 689 4831 eligit,
706 4754 806 4816 effun-
855 4756 913 4811 ert.
930 4767 975 4824 rv,
996 4750 1025 4828 ᾖ.
1044 4749 1063 4808 D
1081 4749 1202 4810 notavi:
1225 4748 1402 4828 Pelagium,
1432 4750 1466 4810 in
1488 4749 1624 4811 hominis

73 4828 289 4904 densrutetiam
299 4843 343 4911 hi,
360 4844 414 4921 qui
434 4844 467 4903 iu
487 4843 587 4904 multo
598 4843 703 4907 labore
717 4847 807 4908 suda·
855 4841 1245 4903 naturalabemaovitium
1258 4840 1381 4901 nullum
1395 4841 1517 4921 penitus
1530 4860 1625 4920 agne

73 4931 138 5003 runt,
158 4948 210 4993 nee
228 4935 371 5013 amplius,
393 4951 487 5013 quam
505 4935 665 4996 novissimi
685 4955 808 5017 aceepe
854 4935 949 4996 visse:
966 4934 1150 4995 damnatum
1164 4940 1269 4995 tamen
1294 4933 1334 4994 alr
1354 4933 1488 4995 Eeolesia
1514 4932 1621 5012 luisse,

74 5020 140 5094 mul,
165 5022 331 5106 intelligant
361 5026 480 5086 donum
514 5044 548 5088 se
580 5026 707 5106 malim,
741 5048 807 5091 non
856 5044 919 5086 uon
941 5025 1011 5086 ideo
1025 5032 1163 5101 tautum,
1180 5026 1253 5104 quia
1269 5032 1415 5086 naturam
1430 5025 1532 5085 adhue
1547 5025 1623 5087 inte-

74 5119 176 5181 ⁰ltr¹1m
188 5119 332 5198 aerepisse
346 5117 529 5179 mercedem.
545 5138 561 5175 o
580 5119 760 5197 Fulgentius
774 5121 807 5181 in
855 5134 944 5196 mam
965 5116 1080 5190 docuit,
1108 5122 1139 5177 et
1161 5117 1338 5196 originariae
1351 5116 1428 5176 labis
1441 5123 1620 5194 expertem3

75 5199 140 5271 ΡΜ.
153 5203 200 5268 lib,
214 5211 253 5271 od
265 5209 390 5271 Mooim.
409 5209 493 5270 ollle
516 5216 622 5271 auotor
637 5217 682 5273 est
699 5213 806 5289 debiti,
856 5209 1035 5285 sedetiam,
1050 5209 1124 5288 quie
1137 5215 1297 5284 naturam,
1322 5225 1416 5287 quam
1430 5208 1521 5286 plane
1535 5210 1622 5269 ineo·

75 5287 115 5361 qul
127 5301 218 5358 auetm
230 5304 273 5361 est
288 5301 374 5362 doni.
389 5322 405 5360 rr
430 5302 513 5362 Nam
534 5308 565 5361 et
582 5304 733 5382 seipsum
753 5322 808 5365 sua
856 5302 1120 5381 lumemputebet,
1133 5319 1220 5381 posse
1228 5301 1305 5361 dixit
1314 5299 1354 5360 ed
1365 5299 1519 5360 rmlestem
1530 5300 1623 5361 beuti·

76 5373 338 5481 tuimetipsius
355 5399 400 5455 est
417 5393 517 5453 faeere
531 5393 702 5455 debitorem
719 5416 726 5455 ε
742 5414 807 5455 non
856 5395 998 5455 tudinem
1011 5413 1050 5455 ex
1064 5412 1144 5468 sese,
1167 5399 1260 5472 atque
1283 5410 1322 5452 ex
1345 5392 1408 5452 suis
1430 5391 1623 5452 naturalibus

76 5484 133 5544 qum
141 5477 313 5561 indigensob
326 5484 430 5565 aliquo
443 5486 578 5565 aeeepit;
593 5487 809 5566 sedquoniam
856 5486 1052 5549 facultatibus
1073 5485 1233 5566 pertenire
1246 5504 1253 5545 r
1268 5483 1451 5564 habitosque
1465 5500 1530 5546 esse
1543 5484 1621 5546 duos
