<?xml version="1.0" encoding="UTF-8"?>
<!DOCTYPE html PUBLIC "-//W3C//DTD XHTML 1.0 Transitional//EN"
    "http://www.w3.org/TR/xhtml1/DTD/xhtml1-transitional.dtd">
<html xmlns="http://www.w3.org/1999/xhtml" xml:lang="en" lang="en">
 <head>
  <title>
</title>
<meta http-equiv="Content-Type" content="text/html;charset=utf-8" />
  <meta name='ocr-system' content='tesseract 3.04.00' />
  <meta name='ocr-capabilities' content='ocr_page ocr_carea ocr_par ocr_line ocrx_word'/>
</head>
<body>
  <div class='ocr_page' id='page_1' title='image "./dogmatatheologi00goog_0167.png"; bbox 0 0 3984 6176; ppageno 0'>
   <div class='ocr_carea' id='block_1_1' title="bbox 308 304 1387 371">
    <p class='ocr_par' dir='ltr' id='par_1_1' title="bbox 308 304 1387 371">
     <span class='ocr_line' id='line_1_1' title="bbox 308 304 1387 371; baseline -0.001 -1"><span class='ocrx_word' id='word_1_1' title='bbox 308 305 367 371; x_wconf 79' lang='lat' dir='ltr'><strong>tte</strong></span> <span class='ocrx_word' id='word_1_2' title='bbox 824 304 1149 369; x_wconf 75' lang='lat' dir='ltr'><strong>rummclccuutt</strong></span> <span class='ocrx_word' id='word_1_3' title='bbox 1169 305 1387 369; x_wconf 70' lang='lat' dir='ltr'><strong>officiarum</strong></span> 
     </span>
    </p>
   </div>
   <div class='ocr_carea' id='block_1_2' title="bbox 266 467 1963 1290">
    <p class='ocr_par' dir='ltr' id='par_1_2' title="bbox 266 467 1963 1290">
     <span class='ocr_line' id='line_1_2' title="bbox 266 467 1963 552; baseline -0.004 -19"><span class='ocrx_word' id='word_1_4' title='bbox 266 496 272 505; x_wconf 95' lang='lat'>·</span> <span class='ocrx_word' id='word_1_5' title='bbox 307 471 451 552; x_wconf 79' lang='lat' dir='ltr'><strong>legerunt</strong></span> <span class='ocrx_word' id='word_1_6' title='bbox 475 488 494 531; x_wconf 91' lang='lat' dir='ltr'><strong>a</strong></span> <span class='ocrx_word' id='word_1_7' title='bbox 517 469 613 532; x_wconf 86' lang='lat' dir='ltr'><strong>verbo</strong></span> <span class='ocrx_word' id='word_1_8' title='bbox 637 488 709 549; x_wconf 69' lang='lat' dir='ltr'><strong>unu.</strong></span> <span class='ocrx_word' id='word_1_9' title='bbox 734 470 860 535; x_wconf 86' lang='lat' dir='ltr'><strong>Eurdite</strong></span> <span class='ocrx_word' id='word_1_10' title='bbox 883 475 1081 532; x_wconf 84' lang='lat' dir='ltr'><strong>veronoster</strong></span> <span class='ocrx_word' id='word_1_11' title='bbox 1128 473 1228 549; x_wconf 63' lang='lat' dir='ltr'><strong>eritne,</strong></span> <span class='ocrx_word' id='word_1_12' title='bbox 1248 471 1286 533; x_wconf 86' lang='lat' dir='ltr'><strong>de</strong></span> <span class='ocrx_word' id='word_1_13' title='bbox 1310 490 1372 552; x_wconf 89' lang='lat' dir='ltr'><strong>qua</strong></span> <span class='ocrx_word' id='word_1_14' title='bbox 1389 471 1525 534; x_wconf 79' lang='lat' dir='ltr'>diximus</span> <span class='ocrx_word' id='word_1_15' title='bbox 1542 469 1725 533; x_wconf 85' lang='lat' dir='ltr'><strong>insecundo</strong></span> <span class='ocrx_word' id='word_1_16' title='bbox 1738 467 1774 531; x_wconf 81' lang='lat' dir='ltr'><strong>dc</strong></span> <span class='ocrx_word' id='word_1_17' title='bbox 1797 469 1886 532; x_wconf 82' lang='lat' dir='ltr'><strong>l&#39;riai-</strong></span> <span class='ocrx_word' id='word_1_18' title='bbox 1962 490 1963 527; x_wconf 74' lang='lat'><strong><em>;</em></strong></span> 
     </span>
     <span class='ocr_line' id='line_1_3' title="bbox 307 561 1462 645; baseline 0 -21"><span class='ocrx_word' id='word_1_19' title='bbox 307 564 460 643; x_wconf 82' lang='lat' dir='ltr'><strong>interpres</strong></span> <span class='ocrx_word' id='word_1_20' title='bbox 497 581 601 624; x_wconf 82' lang='lat' dir='ltr'><strong>nocam</strong></span> <span class='ocrx_word' id='word_1_21' title='bbox 635 580 696 623; x_wconf 81' lang='lat' dir='ltr'><strong>reru</strong></span> <span class='ocrx_word' id='word_1_22' title='bbox 723 561 890 626; x_wconf 82' lang='lat' dir='ltr'><strong>transtulit.</strong></span> <span class='ocrx_word' id='word_1_23' title='bbox 924 563 970 624; x_wconf 90' lang='lat' dir='ltr'><strong>lta</strong></span> <span class='ocrx_word' id='word_1_24' title='bbox 994 562 1079 623; x_wconf 89' lang='lat' dir='ltr'><strong>enim</strong></span> <span class='ocrx_word' id='word_1_25' title='bbox 1129 566 1198 638; x_wconf 86' lang='lat' dir='ltr'><strong>tote,</strong></span> <span class='ocrx_word' id='word_1_26' title='bbox 1214 564 1312 643; x_wconf 83' lang='lat' dir='ltr'><strong>cupite</strong></span> <span class='ocrx_word' id='word_1_27' title='bbox 1325 564 1428 645; x_wconf 88' lang='lat' dir='ltr'><strong>primo</strong></span> <span class='ocrx_word' id='word_1_28' title='bbox 1438 565 1462 626; x_wconf 82' lang='lat'><strong>*.</strong></span> 
     </span>
     <span class='ocr_line' id='line_1_4' title="bbox 309 653 1888 737; baseline 0 -20"><span class='ocrx_word' id='word_1_29' title='bbox 309 655 432 717; x_wconf 77' lang='lat' dir='ltr'><strong>Hebraei</strong></span> <span class='ocrx_word' id='word_1_30' title='bbox 452 653 584 716; x_wconf 86' lang='lat' dir='ltr'><strong>verbum</strong></span> <span class='ocrx_word' id='word_1_31' title='bbox 604 671 683 730; x_wconf 67' lang='lat' dir='ltr'><strong>mitt,</strong></span> <span class='ocrx_word' id='word_1_32' title='bbox 700 654 784 734; x_wconf 92' lang='lat' dir='ltr'><strong>quod</strong></span> <span class='ocrx_word' id='word_1_33' title='bbox 796 655 921 735; x_wconf 83' lang='lat' dir='ltr'><strong>proprie</strong></span> <span class='ocrx_word' id='word_1_34' title='bbox 935 659 981 716; x_wconf 85' lang='lat' dir='ltr'><strong>est</strong></span> <span class='ocrx_word' id='word_1_35' title='bbox 995 653 1080 715; x_wconf 83' lang='lat' dir='ltr'><strong>inuo-</strong></span> <span class='ocrx_word' id='word_1_36' title='bbox 1169 656 1227 717; x_wconf 83' lang='lat' dir='ltr'><strong>IX.</strong></span> <span class='ocrx_word' id='word_1_37' title='bbox 1244 657 1434 736; x_wconf 76' lang='lat' dir='ltr'><strong>Utigiturad</strong></span> <span class='ocrx_word' id='word_1_38' title='bbox 1447 657 1479 718; x_wconf 93' lang='lat' dir='ltr'><strong>id</strong></span> <span class='ocrx_word' id='word_1_39' title='bbox 1488 662 1636 733; x_wconf 85' lang='lat' dir='ltr'><strong>reuertar,</strong></span> <span class='ocrx_word' id='word_1_40' title='bbox 1649 656 1734 737; x_wconf 93' lang='lat' dir='ltr'><strong>quod</strong></span> <span class='ocrx_word' id='word_1_41' title='bbox 1747 654 1888 735; x_wconf 81' lang='lat' dir='ltr'><strong>explicere</strong></span> 
     </span>
     <span class='ocr_line' id='line_1_5' title="bbox 310 746 1887 831; baseline -0.003 -20"><span class='ocrx_word' id='word_1_42' title='bbox 310 767 390 824; x_wconf 85' lang='lat' dir='ltr'><strong>core,</strong></span> <span class='ocrx_word' id='word_1_43' title='bbox 408 748 447 808; x_wconf 91' lang='lat' dir='ltr'><strong>de</strong></span> <span class='ocrx_word' id='word_1_44' title='bbox 480 748 590 809; x_wconf 90' lang='lat' dir='ltr'><strong>muudi</strong></span> <span class='ocrx_word' id='word_1_45' title='bbox 612 748 766 809; x_wconf 81' lang='lat' dir='ltr'><strong>mentione</strong></span> <span class='ocrx_word' id='word_1_46' title='bbox 797 747 897 808; x_wconf 82' lang='lat' dir='ltr'><strong>solent</strong></span> <span class='ocrx_word' id='word_1_47' title='bbox 916 764 1078 827; x_wconf 83' lang='lat' dir='ltr'><strong>ustupure,</strong></span> <span class='ocrx_word' id='word_1_48' title='bbox 1130 765 1294 828; x_wconf 73' lang='lat' dir='ltr'><strong>creperum,</strong></span> <span class='ocrx_word' id='word_1_49' title='bbox 1319 768 1385 810; x_wconf 92' lang='lat' dir='ltr'><strong>uon</strong></span> <span class='ocrx_word' id='word_1_50' title='bbox 1409 754 1510 831; x_wconf 86' lang='lat' dir='ltr'><strong>potest</strong></span> <span class='ocrx_word' id='word_1_51' title='bbox 1532 767 1571 810; x_wconf 86' lang='lat' dir='ltr'><strong>ex</strong></span> <span class='ocrx_word' id='word_1_52' title='bbox 1584 749 1638 810; x_wconf 92' lang='lat' dir='ltr'><strong>illo</strong></span> <span class='ocrx_word' id='word_1_53' title='bbox 1660 750 1797 811; x_wconf 83' lang='lat' dir='ltr'><strong>Geneseoo</strong></span> <span class='ocrx_word' id='word_1_54' title='bbox 1807 746 1887 808; x_wconf 88' lang='lat' dir='ltr'><strong>initio</strong></span> 
     </span>
     <span class='ocr_line' id='line_1_6' title="bbox 308 837 1886 921; baseline -0.001 -20"><span class='ocrx_word' id='word_1_55' title='bbox 308 839 480 921; x_wconf 77' lang='lat' dir='ltr'><strong>presertim</strong></span> <span class='ocrx_word' id='word_1_56' title='bbox 497 839 553 919; x_wconf 91' lang='lat' dir='ltr'><strong>qui</strong></span> <span class='ocrx_word' id='word_1_57' title='bbox 566 840 684 900; x_wconf 90' lang='lat' dir='ltr'><strong>librum</strong></span> <span class='ocrx_word' id='word_1_58' title='bbox 702 840 742 900; x_wconf 78' lang='lat' dir='ltr'><strong>tt.</strong></span> <span class='ocrx_word' id='word_1_59' title='bbox 768 839 870 912; x_wconf 82' lang='lat' dir='ltr'><strong>blesis,</strong></span> <span class='ocrx_word' id='word_1_60' title='bbox 885 837 971 900; x_wconf 79' lang='lat' dir='ltr'><strong>More</strong></span> <span class='ocrx_word' id='word_1_61' title='bbox 985 838 1081 900; x_wconf 81' lang='lat' dir='ltr'><strong>Nede</strong></span> <span class='ocrx_word' id='word_1_62' title='bbox 1129 840 1281 916; x_wconf 89' lang='lat' dir='ltr'><strong>concludi,</strong></span> <span class='ocrx_word' id='word_1_63' title='bbox 1299 842 1399 903; x_wconf 86' lang='lat' dir='ltr'><strong>Deum</strong></span> <span class='ocrx_word' id='word_1_64' title='bbox 1421 859 1461 902; x_wconf 79' lang='lat' dir='ltr'><strong>ex</strong></span> <span class='ocrx_word' id='word_1_65' title='bbox 1473 841 1571 902; x_wconf 89' lang='lat' dir='ltr'><strong>nihilo</strong></span> <span class='ocrx_word' id='word_1_66' title='bbox 1585 845 1695 902; x_wconf 85' lang='lat' dir='ltr'><strong>cuncta</strong></span> <span class='ocrx_word' id='word_1_67' title='bbox 1709 856 1886 920; x_wconf 74' lang='lat' dir='ltr'><strong>procreasse,</strong></span> 
     </span>
     <span class='ocr_line' id='line_1_7' title="bbox 309 929 1888 1014; baseline -0.003 -20"><span class='ocrx_word' id='word_1_68' title='bbox 309 929 387 994; x_wconf 76' lang='lat' dir='ltr'><strong>clim</strong></span> <span class='ocrx_word' id='word_1_69' title='bbox 403 949 441 991; x_wconf 86' lang='lat' dir='ltr'><strong>ex</strong></span> <span class='ocrx_word' id='word_1_70' title='bbox 461 930 592 993; x_wconf 86' lang='lat' dir='ltr'><strong>Arabico</strong></span> <span class='ocrx_word' id='word_1_71' title='bbox 614 931 648 991; x_wconf 91' lang='lat' dir='ltr'><strong>in</strong></span> <span class='ocrx_word' id='word_1_72' title='bbox 662 930 828 992; x_wconf 75' lang='lat' dir='ltr'><strong>Hebraeum</strong></span> <span class='ocrx_word' id='word_1_73' title='bbox 842 930 1008 992; x_wconf 86' lang='lat' dir='ltr'><strong>transtulit.</strong></span> <span class='ocrx_word' id='word_1_74' title='bbox 1021 931 1080 1010; x_wconf 72' lang='lat' dir='ltr'><strong>Igi-</strong></span> <span class='ocrx_word' id='word_1_75' title='bbox 1130 931 1156 992; x_wconf 92' lang='lat' dir='ltr'><strong>si</strong></span> <span class='ocrx_word' id='word_1_76' title='bbox 1180 932 1277 994; x_wconf 90' lang='lat' dir='ltr'><strong>solum</strong></span> <span class='ocrx_word' id='word_1_77' title='bbox 1313 932 1482 995; x_wconf 87' lang='lat' dir='ltr'><strong>verborum</strong></span> <span class='ocrx_word' id='word_1_78' title='bbox 1507 933 1583 1011; x_wconf 90' lang='lat' dir='ltr'><strong>vim,</strong></span> <span class='ocrx_word' id='word_1_79' title='bbox 1616 932 1888 1014; x_wconf 81' lang='lat' dir='ltr'><strong>proprietatemque</strong></span> 
     </span>
     <span class='ocr_line' id='line_1_8' title="bbox 314 1021 1963 1104; baseline -0.002 -19"><span class='ocrx_word' id='word_1_80' title='bbox 314 1030 366 1085; x_wconf 90' lang='lat' dir='ltr'><strong>tur</strong></span> <span class='ocrx_word' id='word_1_81' title='bbox 379 1041 441 1093; x_wconf 76' lang='lat' dir='ltr'><strong>tm:</strong></span> <span class='ocrx_word' id='word_1_82' title='bbox 455 1042 520 1084; x_wconf 92' lang='lat' dir='ltr'><strong>uon</strong></span> <span class='ocrx_word' id='word_1_83' title='bbox 543 1023 701 1085; x_wconf 82' lang='lat' dir='ltr'><strong>estaolum</strong></span> <span class='ocrx_word' id='word_1_84' title='bbox 721 1041 759 1084; x_wconf 89' lang='lat' dir='ltr'><strong>ex</strong></span> <span class='ocrx_word' id='word_1_85' title='bbox 780 1022 878 1084; x_wconf 88' lang='lat' dir='ltr'><strong>nihilo</strong></span> <span class='ocrx_word' id='word_1_86' title='bbox 895 1021 1033 1103; x_wconf 85' lang='lat' dir='ltr'><strong>prolerre</strong></span> <span class='ocrx_word' id='word_1_87' title='bbox 1046 1024 1080 1084; x_wconf 89' lang='lat' dir='ltr'><strong>in</strong></span> <span class='ocrx_word' id='word_1_88' title='bbox 1130 1028 1258 1104; x_wconf 90' lang='lat' dir='ltr'><strong>spectes,</strong></span> <span class='ocrx_word' id='word_1_89' title='bbox 1287 1025 1340 1087; x_wconf 89' lang='lat' dir='ltr'><strong>sed</strong></span> <span class='ocrx_word' id='word_1_90' title='bbox 1367 1042 1417 1086; x_wconf 92' lang='lat' dir='ltr'><strong>res</strong></span> <span class='ocrx_word' id='word_1_91' title='bbox 1438 1025 1654 1086; x_wconf 87' lang='lat' dir='ltr'><strong>tantummodo</strong></span> <span class='ocrx_word' id='word_1_92' title='bbox 1676 1023 1819 1084; x_wconf 93' lang='lat' dir='ltr'><strong>nondum</strong></span> <span class='ocrx_word' id='word_1_93' title='bbox 1841 1041 1887 1083; x_wconf 87' lang='lat' dir='ltr'><strong>ex·</strong></span> <span class='ocrx_word' id='word_1_94' title='bbox 1962 1048 1963 1093; x_wconf 54' lang='grc' dir='ltr'>ι</span> 
     </span>
     <span class='ocr_line' id='line_1_9' title="bbox 310 1114 1963 1196; baseline -0.002 -19"><span class='ocrx_word' id='word_1_95' title='bbox 310 1116 423 1192; x_wconf 90' lang='lat' dir='ltr'><strong>lucem,</strong></span> <span class='ocrx_word' id='word_1_96' title='bbox 438 1115 491 1176; x_wconf 90' lang='lat' dir='ltr'><strong>sed</strong></span> <span class='ocrx_word' id='word_1_97' title='bbox 505 1114 549 1192; x_wconf 93' lang='lat' dir='ltr'><strong>id,</strong></span> <span class='ocrx_word' id='word_1_98' title='bbox 568 1115 652 1194; x_wconf 92' lang='lat' dir='ltr'><strong>quod</strong></span> <span class='ocrx_word' id='word_1_99' title='bbox 677 1120 768 1176; x_wconf 87' lang='lat' dir='ltr'><strong>antea</strong></span> <span class='ocrx_word' id='word_1_100' title='bbox 781 1134 846 1176; x_wconf 92' lang='lat' dir='ltr'><strong>non</strong></span> <span class='ocrx_word' id='word_1_101' title='bbox 860 1120 936 1187; x_wconf 88' lang='lat' dir='ltr'><strong>erat,</strong></span> <span class='ocrx_word' id='word_1_102' title='bbox 952 1120 1079 1176; x_wconf 87' lang='lat' dir='ltr'><strong>utcum-</strong></span> <span class='ocrx_word' id='word_1_103' title='bbox 1129 1121 1245 1178; x_wconf 89' lang='lat' dir='ltr'><strong>stantes</strong></span> <span class='ocrx_word' id='word_1_104' title='bbox 1258 1135 1296 1178; x_wconf 82' lang='lat' dir='ltr'><strong>ea</strong></span> <span class='ocrx_word' id='word_1_105' title='bbox 1318 1116 1385 1178; x_wconf 88' lang='lat' dir='ltr'><strong>aliis</strong></span> <span class='ocrx_word' id='word_1_106' title='bbox 1392 1117 1459 1196; x_wconf 87' lang='lat' dir='ltr'><strong>jam</strong></span> <span class='ocrx_word' id='word_1_107' title='bbox 1469 1116 1670 1193; x_wconf 84' lang='lat' dir='ltr'><strong>exstantibus,</strong></span> <span class='ocrx_word' id='word_1_108' title='bbox 1686 1121 1839 1194; x_wconf 88' lang='lat' dir='ltr'><strong>tanquam</strong></span> <span class='ocrx_word' id='word_1_109' title='bbox 1856 1132 1889 1175; x_wconf 90' lang='lat' dir='ltr'><strong>ex</strong></span> <span class='ocrx_word' id='word_1_110' title='bbox 1962 1152 1963 1161; x_wconf 67' lang='lat'><strong>.</strong></span> 
     </span>
     <span class='ocr_line' id='line_1_10' title="bbox 314 1207 1887 1290; baseline -0.003 -22"><span class='ocrx_word' id='word_1_111' title='bbox 314 1226 374 1288; x_wconf 87' lang='lat' dir='ltr'><strong>que</strong></span> <span class='ocrx_word' id='word_1_112' title='bbox 397 1207 578 1288; x_wconf 87' lang='lat' dir='ltr'><strong>producere,</strong></span> <span class='ocrx_word' id='word_1_113' title='bbox 600 1207 864 1286; x_wconf 89' lang='lat' dir='ltr'><strong>quemadmodum</strong></span> <span class='ocrx_word' id='word_1_114' title='bbox 890 1208 996 1269; x_wconf 77' lang='lat' dir='ltr'><strong>eruca</strong></span> <span class='ocrx_word' id='word_1_115' title='bbox 1018 1225 1080 1268; x_wconf 83' lang='lat' dir='ltr'><strong>vox</strong></span> <span class='ocrx_word' id='word_1_116' title='bbox 1130 1208 1269 1285; x_wconf 88' lang='lat' dir='ltr'><strong>materia,</strong></span> <span class='ocrx_word' id='word_1_117' title='bbox 1285 1208 1459 1271; x_wconf 86' lang='lat' dir='ltr'><strong>fabricasse.</strong></span> <span class='ocrx_word' id='word_1_118' title='bbox 1476 1210 1574 1285; x_wconf 87' lang='lat' dir='ltr'><strong>Quam</strong></span> <span class='ocrx_word' id='word_1_119' title='bbox 1584 1208 1711 1290; x_wconf 89' lang='lat' dir='ltr'><strong>quidem</strong></span> <span class='ocrx_word' id='word_1_120' title='bbox 1725 1212 1887 1269; x_wconf 88' lang='lat' dir='ltr'><strong>commuta-</strong></span> 
     </span>
    </p>
   </div>
   <div class='ocr_carea' id='block_1_3' title="bbox 800 1473 1402 1538">
    <p class='ocr_par' dir='ltr' id='par_1_3' title="bbox 800 1473 1402 1538">
     <span class='ocr_line' id='line_1_11' title="bbox 800 1473 1402 1538; baseline 0.003 -3"><span class='ocrx_word' id='word_1_121' title='bbox 800 1473 980 1538; x_wconf 80' lang='lat' dir='ltr'>MONITUM</span> <span class='ocrx_word' id='word_1_122' title='bbox 1002 1473 1188 1536; x_wconf 83' lang='lat' dir='ltr'><strong>RECENTIS</strong></span> <span class='ocrx_word' id='word_1_123' title='bbox 1210 1474 1402 1537; x_wconf 73' lang='lat' dir='ltr'><strong>muttonis,</strong></span> 
     </span>
    </p>
   </div>
   <div class='ocr_carea' id='block_1_4' title="bbox 308 1713 1963 2090">
    <p class='ocr_par' dir='ltr' id='par_1_4' title="bbox 308 1713 1963 2090">
     <span class='ocr_line' id='line_1_12' title="bbox 344 1713 1963 1785; baseline -0.002 -13"><span class='ocrx_word' id='word_1_124' title='bbox 344 1721 419 1781; x_wconf 81' lang='lat' dir='ltr'><strong>‘Qua</strong></span> <span class='ocrx_word' id='word_1_125' title='bbox 433 1722 558 1785; x_wconf 88' lang='lat' dir='ltr'><strong>sequuntur</strong></span> <span class='ocrx_word' id='word_1_126' title='bbox 572 1723 631 1771; x_wconf 82' lang='lat' dir='ltr'><strong>uota</strong></span> <span class='ocrx_word' id='word_1_127' title='bbox 643 1717 848 1771; x_wconf 86' lang='lat' dir='ltr'><strong>auctoremhabeut</strong></span> <span class='ocrx_word' id='word_1_128' title='bbox 861 1717 890 1770; x_wconf 86' lang='lat' dir='ltr'><strong>u.</strong></span> <span class='ocrx_word' id='word_1_129' title='bbox 905 1717 973 1769; x_wconf 83' lang='lat' dir='ltr'><strong>Emit.</strong></span> <span class='ocrx_word' id='word_1_130' title='bbox 984 1718 1078 1785; x_wconf 80' lang='lat' dir='ltr'><strong>linques</strong></span> <span class='ocrx_word' id='word_1_131' title='bbox 1129 1713 1231 1766; x_wconf 83' lang='lat' dir='ltr'><strong>laudaut</strong></span> <span class='ocrx_word' id='word_1_132' title='bbox 1253 1719 1369 1769; x_wconf 81' lang='lat' dir='ltr'><strong>terram...</strong></span> <span class='ocrx_word' id='word_1_133' title='bbox 1399 1714 1516 1782; x_wconf 84' lang='lat' dir='ltr'><strong>Sapientia</strong></span> <span class='ocrx_word' id='word_1_134' title='bbox 1538 1715 1587 1782; x_wconf 71' lang='lat' dir='ltr'><strong>eius</strong></span> <span class='ocrx_word' id='word_1_135' title='bbox 1609 1715 1889 1783; x_wconf 62' lang='lat' dir='ltr'><strong>cummutationem.</strong></span> <span class='ocrx_word' id='word_1_136' title='bbox 1962 1742 1963 1783; x_wconf 75' lang='lat'><em>3</em></span> 
     </span>
     <span class='ocr_line' id='line_1_13' title="bbox 308 1789 1348 1860; baseline -0.008 -10"><span class='ocrx_word' id='word_1_137' title='bbox 308 1796 375 1850; x_wconf 87' lang='lat' dir='ltr'><strong>Pedii</strong></span> <span class='ocrx_word' id='word_1_138' title='bbox 388 1795 512 1858; x_wconf 69' lang='lat' dir='ltr'><strong>morentii,</strong></span> <span class='ocrx_word' id='word_1_139' title='bbox 533 1793 557 1846; x_wconf 89' lang='lat' dir='ltr'><strong>iu</strong></span> <span class='ocrx_word' id='word_1_140' title='bbox 575 1794 667 1847; x_wconf 79' lang='lat' dir='ltr'><strong>diecesi</strong></span> <span class='ocrx_word' id='word_1_141' title='bbox 688 1793 797 1856; x_wconf 84' lang='lat' dir='ltr'><strong>llbieusi,</strong></span> <span class='ocrx_word' id='word_1_142' title='bbox 816 1794 949 1860; x_wconf 85' lang='lat' dir='ltr'><strong>parcebam.</strong></span> <span class='ocrx_word' id='word_1_143' title='bbox 969 1794 1078 1860; x_wconf 88' lang='lat' dir='ltr'><strong>uobisque</strong></span> <span class='ocrx_word' id='word_1_144' title='bbox 1130 1789 1245 1841; x_wconf 74' lang='lat' dir='ltr'><strong>movet.</strong></span> <span class='ocrx_word' id='word_1_145' title='bbox 1262 1789 1287 1842; x_wconf 83' lang='lat' dir='ltr'><strong>a.</strong></span> <span class='ocrx_word' id='word_1_146' title='bbox 1306 1789 1348 1843; x_wconf 83' lang='lat' dir='ltr'><strong>tt.</strong></span> 
     </span>
     <span class='ocr_line' id='line_1_14' title="bbox 308 1863 1889 1936; baseline -0.004 -12"><span class='ocrx_word' id='word_1_147' title='bbox 308 1872 378 1936; x_wconf 71' lang='lat' dir='ltr'><strong>longa</strong></span> <span class='ocrx_word' id='word_1_148' title='bbox 390 1869 553 1923; x_wconf 88' lang='lat' dir='ltr'><strong>consuetudine</strong></span> <span class='ocrx_word' id='word_1_149' title='bbox 573 1868 704 1921; x_wconf 79' lang='lat' dir='ltr'><strong>viciniorem</strong></span> <span class='ocrx_word' id='word_1_150' title='bbox 724 1883 792 1934; x_wconf 88' lang='lat' dir='ltr'><strong>quam</strong></span> <span class='ocrx_word' id='word_1_151' title='bbox 805 1868 858 1921; x_wconf 90' lang='lat' dir='ltr'><strong>loco</strong></span> <span class='ocrx_word' id='word_1_152' title='bbox 876 1873 899 1921; x_wconf 89' lang='lat' dir='ltr'><strong>et</strong></span> <span class='ocrx_word' id='word_1_153' title='bbox 910 1870 965 1921; x_wconf 89' lang='lat' dir='ltr'><strong>situ.</strong></span> <span class='ocrx_word' id='word_1_154' title='bbox 984 1869 1006 1921; x_wconf 88' lang='lat' dir='ltr'><strong>la</strong></span> <span class='ocrx_word' id='word_1_155' title='bbox 1019 1870 1079 1922; x_wconf 91' lang='lat' dir='ltr'><strong>euim</strong></span> <span class='ocrx_word' id='word_1_156' title='bbox 1160 1864 1277 1916; x_wconf 80' lang='lat' dir='ltr'><strong>Materiam</strong></span> <span class='ocrx_word' id='word_1_157' title='bbox 1293 1878 1307 1916; x_wconf 89' lang='lat' dir='ltr'><strong>a</strong></span> <span class='ocrx_word' id='word_1_158' title='bbox 1324 1865 1370 1917; x_wconf 83' lang='lat' dir='ltr'><strong>lieo</strong></span> <span class='ocrx_word' id='word_1_159' title='bbox 1388 1863 1531 1930; x_wconf 89' lang='lat' dir='ltr'><strong>productum,</strong></span> <span class='ocrx_word' id='word_1_160' title='bbox 1550 1880 1563 1917; x_wconf 88' lang='lat' dir='ltr'><strong>e</strong></span> <span class='ocrx_word' id='word_1_161' title='bbox 1581 1866 1661 1928; x_wconf 89' lang='lat' dir='ltr'><strong>ulbilo,</strong></span> <span class='ocrx_word' id='word_1_162' title='bbox 1672 1864 1754 1919; x_wconf 86' lang='lat' dir='ltr'><strong>rudem</strong></span> <span class='ocrx_word' id='word_1_163' title='bbox 1770 1866 1889 1931; x_wconf 80' lang='lat' dir='ltr'><strong>intormem,</strong></span> 
     </span>
     <span class='ocr_line' id='line_1_15' title="bbox 308 1939 1890 2011; baseline -0.003 -11"><span class='ocrx_word' id='word_1_164' title='bbox 308 1947 415 2001; x_wconf 80' lang='lat' dir='ltr'><strong>scientim</strong></span> <span class='ocrx_word' id='word_1_165' title='bbox 430 1951 478 1997; x_wconf 87' lang='lat' dir='ltr'><strong>tuor</strong></span> <span class='ocrx_word' id='word_1_166' title='bbox 492 1944 660 1997; x_wconf 75' lang='lat' dir='ltr'><strong>mamemadms</strong></span> <span class='ocrx_word' id='word_1_167' title='bbox 679 1948 725 1995; x_wconf 91' lang='lat' dir='ltr'><strong>tum</strong></span> <span class='ocrx_word' id='word_1_168' title='bbox 753 1944 857 2011; x_wconf 71' lang='lat' dir='ltr'><strong>physicas</strong></span> <span class='ocrx_word' id='word_1_169' title='bbox 870 1944 971 2011; x_wconf 89' lang='lat' dir='ltr'><strong>apprime</strong></span> <span class='ocrx_word' id='word_1_170' title='bbox 984 1946 1079 2008; x_wconf 86' lang='lat' dir='ltr'><strong>callem,</strong></span> <span class='ocrx_word' id='word_1_171' title='bbox 1128 1939 1287 1991; x_wconf 70' lang='lat' dir='ltr'><strong>elementarem</strong></span> <span class='ocrx_word' id='word_1_172' title='bbox 1311 1939 1458 2006; x_wconf 70' lang='lat' dir='ltr'><strong>equaliter</strong></span> <span class='ocrx_word' id='word_1_173' title='bbox 1475 1940 1549 1993; x_wconf 84' lang='lat' dir='ltr'><strong>Verbo</strong></span> <span class='ocrx_word' id='word_1_174' title='bbox 1568 1955 1611 1994; x_wconf 85' lang='lat' dir='ltr'><strong>suc</strong></span> <span class='ocrx_word' id='word_1_175' title='bbox 1629 1941 1705 1994; x_wconf 83' lang='lat' dir='ltr'><strong>educit</strong></span> <span class='ocrx_word' id='word_1_176' title='bbox 1723 1941 1776 1993; x_wconf 82' lang='lat' dir='ltr'><strong>coli</strong></span> <span class='ocrx_word' id='word_1_177' title='bbox 1793 1946 1890 2008; x_wconf 83' lang='lat' dir='ltr'><strong>terreque</strong></span> 
     </span>
     <span class='ocr_line' id='line_1_16' title="bbox 310 2015 1891 2090; baseline -0.006 -14"><span class='ocrx_word' id='word_1_178' title='bbox 310 2038 358 2090; x_wconf 85' lang='lat' dir='ltr'><strong>pra</strong></span> <span class='ocrx_word' id='word_1_179' title='bbox 374 2022 464 2075; x_wconf 84' lang='lat' dir='ltr'><strong>cotecis</strong></span> <span class='ocrx_word' id='word_1_180' title='bbox 477 2035 518 2088; x_wconf 90' lang='lat' dir='ltr'><strong>par</strong></span> <span class='ocrx_word' id='word_1_181' title='bbox 531 2024 579 2072; x_wconf 86' lang='lat' dir='ltr'><strong>erat</strong></span> <span class='ocrx_word' id='word_1_182' title='bbox 591 2019 630 2086; x_wconf 91' lang='lat' dir='ltr'><strong>qul</strong></span> <span class='ocrx_word' id='word_1_183' title='bbox 646 2019 799 2086; x_wconf 87' lang='lat' dir='ltr'><strong>sophismata.</strong></span> <span class='ocrx_word' id='word_1_184' title='bbox 817 2034 868 2086; x_wconf 87' lang='lat' dir='ltr'><strong>qua</strong></span> <span class='ocrx_word' id='word_1_185' title='bbox 888 2035 916 2072; x_wconf 84' lang='lat' dir='ltr'><strong>ex</strong></span> <span class='ocrx_word' id='word_1_186' title='bbox 930 2020 967 2073; x_wconf 86' lang='lat' dir='ltr'><strong>his</strong></span> <span class='ocrx_word' id='word_1_187' title='bbox 979 2022 1081 2073; x_wconf 87' lang='lat' dir='ltr'><strong>scientiis</strong></span> <span class='ocrx_word' id='word_1_188' title='bbox 1129 2019 1243 2076; x_wconf 89' lang='lat' dir='ltr'><strong>ornatum,</strong></span> <span class='ocrx_word' id='word_1_189' title='bbox 1263 2023 1389 2082; x_wconf 84' lang='lat' dir='ltr'><strong>cunctaque</strong></span> <span class='ocrx_word' id='word_1_190' title='bbox 1408 2015 1521 2067; x_wconf 88' lang='lat' dir='ltr'><strong>mirabilia</strong></span> <span class='ocrx_word' id='word_1_191' title='bbox 1540 2030 1591 2082; x_wconf 86' lang='lat' dir='ltr'><strong>qua</strong></span> <span class='ocrx_word' id='word_1_192' title='bbox 1607 2016 1687 2069; x_wconf 89' lang='lat' dir='ltr'><strong>oculos</strong></span> <span class='ocrx_word' id='word_1_193' title='bbox 1703 2021 1842 2084; x_wconf 84' lang='lat' dir='ltr'><strong>mentemque</strong></span> <span class='ocrx_word' id='word_1_194' title='bbox 1851 2022 1891 2068; x_wconf 83' lang='lat' dir='ltr'><strong>mu</strong></span> 
     </span>
    </p>
   </div>
   <div class='ocr_carea' id='block_1_5' title="bbox 309 2090 1963 2245">
    <p class='ocr_par' dir='ltr' id='par_1_5' title="bbox 309 2090 1963 2245">
     <span class='ocr_line' id='line_1_17' title="bbox 309 2090 1963 2162; baseline -0.006 -6"><span class='ocrx_word' id='word_1_195' title='bbox 309 2103 418 2156; x_wconf 77' lang='lat' dir='ltr'><strong>tiramus</strong></span> <span class='ocrx_word' id='word_1_196' title='bbox 435 2100 585 2155; x_wconf 72' lang='lat' dir='ltr'><strong>umrmiooem</strong></span> <span class='ocrx_word' id='word_1_197' title='bbox 605 2098 728 2151; x_wconf 88' lang='lat' dir='ltr'><strong>llosaicam</strong></span> <span class='ocrx_word' id='word_1_198' title='bbox 747 2105 865 2162; x_wconf 88' lang='lat' dir='ltr'><strong>eruuntur,</strong></span> <span class='ocrx_word' id='word_1_199' title='bbox 881 2105 904 2152; x_wconf 87' lang='lat' dir='ltr'><strong>et</strong></span> <span class='ocrx_word' id='word_1_200' title='bbox 919 2101 1083 2153; x_wconf 77' lang='lat' dir='ltr'><strong>mudeuurt</strong></span> <span class='ocrx_word' id='word_1_201' title='bbox 1129 2091 1265 2157; x_wconf 85' lang='lat' dir='ltr'><strong>sapientum,</strong></span> <span class='ocrx_word' id='word_1_202' title='bbox 1298 2095 1344 2142; x_wconf 76' lang='lat' dir='ltr'><strong>tem</strong></span> <span class='ocrx_word' id='word_1_203' title='bbox 1376 2090 1522 2156; x_wconf 83' lang='lat' dir='ltr'><strong>insipientum</strong></span> <span class='ocrx_word' id='word_1_204' title='bbox 1556 2091 1705 2144; x_wconf 69' lang='lat' dir='ltr'><strong>mmulceedc</strong></span> <span class='ocrx_word' id='word_1_205' title='bbox 1737 2093 1890 2159; x_wconf 68' lang='lat' dir='ltr'><strong>membrum,</strong></span> <span class='ocrx_word' id='word_1_206' title='bbox 1962 2130 1963 2145; x_wconf 45' lang='grc' dir='ltr'>ι</span> 
     </span>
     <span class='ocr_line' id='line_1_18' title="bbox 310 2160 1963 2245; baseline -0.003 -14"><span class='ocrx_word' id='word_1_207' title='bbox 310 2177 448 2245; x_wconf 84' lang='lat' dir='ltr'><strong>exploderat.</strong></span> <span class='ocrx_word' id='word_1_208' title='bbox 478 2172 533 2241; x_wconf 61' lang='lat' dir='ltr'><strong>mus</strong></span> <span class='ocrx_word' id='word_1_209' title='bbox 549 2180 615 2227; x_wconf 88' lang='lat' dir='ltr'><strong>notas</strong></span> <span class='ocrx_word' id='word_1_210' title='bbox 641 2173 728 2227; x_wconf 81' lang='lat' dir='ltr'><strong>Gallae</strong></span> <span class='ocrx_word' id='word_1_211' title='bbox 748 2180 853 2228; x_wconf 85' lang='lat' dir='ltr'><strong>sermme</strong></span> <span class='ocrx_word' id='word_1_212' title='bbox 875 2176 1083 2241; x_wconf 65' lang='lat' dir='ltr'><strong>consummares</strong></span> <span class='ocrx_word' id='word_1_213' title='bbox 1130 2166 1482 2233; x_wconf 62' lang='lat' dir='ltr'><strong>temtetlttitetrldeefflllel</strong></span> <span class='ocrx_word' id='word_1_214' title='bbox 1493 2166 1891 2234; x_wconf 71' lang='lat' dir='ltr'><strong>peuecdasinamtamquenunuis</strong></span> <span class='ocrx_word' id='word_1_215' title='bbox 1962 2160 1963 2179; x_wconf 57' lang='lat'>¹</span> 
     </span>
    </p>
   </div>
   <div class='ocr_carea' id='block_1_6' title="bbox 310 2240 1963 2308">
    <p class='ocr_par' dir='ltr' id='par_1_6' title="bbox 310 2240 1963 2308">
     <span class='ocr_line' id='line_1_19' title="bbox 310 2240 1963 2308; baseline -0.007 -3"><span class='ocrx_word' id='word_1_216' title='bbox 310 2253 402 2308; x_wconf 77' lang='lat' dir='ltr'><strong>laium</strong></span> <span class='ocrx_word' id='word_1_217' title='bbox 417 2250 572 2305; x_wconf 87' lang='lat' dir='ltr'><strong>tantummodo</strong></span> <span class='ocrx_word' id='word_1_218' title='bbox 589 2250 693 2303; x_wconf 88' lang='lat' dir='ltr'><strong>lecimus.</strong></span> <span class='ocrx_word' id='word_1_219' title='bbox 922 2251 945 2304; x_wconf 89' lang='lat' dir='ltr'><strong>l.</strong></span> <span class='ocrx_word' id='word_1_220' title='bbox 960 2252 987 2304; x_wconf 88' lang='lat' dir='ltr'><strong>B.</strong></span> <span class='ocrx_word' id='word_1_221' title='bbox 1002 2251 1028 2303; x_wconf 74' lang='lat' dir='ltr'><strong>ll.</strong></span> <span class='ocrx_word' id='word_1_222' title='bbox 1130 2241 1235 2294; x_wconf 80' lang='lat' dir='ltr'><strong>omnibus</strong></span> <span class='ocrx_word' id='word_1_223' title='bbox 1248 2241 1373 2293; x_wconf 75' lang='lat' dir='ltr'><strong>absolutam</strong></span> <span class='ocrx_word' id='word_1_224' title='bbox 1384 2255 1452 2307; x_wconf 83' lang='lat' dir='ltr'><strong>quom</strong></span> <span class='ocrx_word' id='word_1_225' title='bbox 1466 2256 1516 2308; x_wconf 86' lang='lat' dir='ltr'><strong>que</strong></span> <span class='ocrx_word' id='word_1_226' title='bbox 1529 2244 1625 2295; x_wconf 77' lang='lat' dir='ltr'><strong>noune</strong></span> <span class='ocrx_word' id='word_1_227' title='bbox 1638 2242 1667 2295; x_wconf 83' lang='lat' dir='ltr'><strong>ab</strong></span> <span class='ocrx_word' id='word_1_228' title='bbox 1682 2243 1812 2296; x_wconf 77' lang='lat' dir='ltr'><strong>nomnibus</strong></span> <span class='ocrx_word' id='word_1_229' title='bbox 1825 2240 1892 2294; x_wconf 76' lang='lat' dir='ltr'><strong>laben</strong></span> <span class='ocrx_word' id='word_1_230' title='bbox 1962 2276 1963 2287; x_wconf 75' lang='lat'><strong>.</strong></span> 
     </span>
    </p>
   </div>
   <div class='ocr_carea' id='block_1_7' title="bbox 650 2373 769 2383">
    <p class='ocr_par' dir='ltr' id='par_1_7' title="bbox 650 2373 769 2383">
     <span class='ocr_line' id='line_1_20' title="bbox 650 2373 769 2383; baseline 0.017 -2"><span class='ocrx_word' id='word_1_231' title='bbox 650 2373 769 2383; x_wconf 81' lang='lat'><strong>——-.</strong></span> 
     </span>
    </p>
   </div>
   <div class='ocr_carea' id='block_1_8' title="bbox 312 2391 1963 3064">
    <p class='ocr_par' dir='ltr' id='par_1_8' title="bbox 1131 2391 1963 2461">
     <span class='ocr_line' id='line_1_21' title="bbox 1131 2391 1963 2461; baseline 0 -17"><span class='ocrx_word' id='word_1_232' title='bbox 1131 2393 1255 2459; x_wconf 88' lang='lat' dir='ltr'><strong>perlectum</strong></span> <span class='ocrx_word' id='word_1_233' title='bbox 1268 2397 1359 2454; x_wconf 84' lang='lat' dir='ltr'><strong>statum,</strong></span> <span class='ocrx_word' id='word_1_234' title='bbox 1373 2391 1456 2458; x_wconf 86' lang='lat' dir='ltr'><strong>licique</strong></span> <span class='ocrx_word' id='word_1_235' title='bbox 1469 2392 1632 2460; x_wconf 85' lang='lat' dir='ltr'><strong>pmrideutiam</strong></span> <span class='ocrx_word' id='word_1_236' title='bbox 1646 2394 1737 2446; x_wconf 74' lang='lat' dir='ltr'><strong>cuncis</strong></span> <span class='ocrx_word' id='word_1_237' title='bbox 1750 2393 1893 2459; x_wconf 64' lang='lat' dir='ltr'><strong>iurmiimtem</strong></span> <span class='ocrx_word' id='word_1_238' title='bbox 1962 2428 1963 2461; x_wconf 74' lang='lat'><strong>,</strong></span> 
     </span>
    </p>

    <p class='ocr_par' dir='ltr' id='par_1_9' title="bbox 312 2452 1963 3064">
     <span class='ocr_line' id='line_1_22' title="bbox 344 2452 1963 2539; baseline -0.001 -18"><span class='ocrx_word' id='word_1_239' title='bbox 344 2452 394 2507; x_wconf 68' lang='lat' dir='ltr'><strong>Elii</strong></span> <span class='ocrx_word' id='word_1_240' title='bbox 407 2456 546 2522; x_wconf 65' lang='lat' dir='ltr'><strong>tdfflffltltf,</strong></span> <span class='ocrx_word' id='word_1_241' title='bbox 558 2466 719 2525; x_wconf 67' lang='lat' dir='ltr'><strong>ttfflttttwte.</strong></span> <span class='ocrx_word' id='word_1_242' title='bbox 734 2460 870 2514; x_wconf 73' lang='lat' dir='ltr'><strong>leeebtltm</strong></span> <span class='ocrx_word' id='word_1_243' title='bbox 884 2469 1001 2521; x_wconf 63' lang='lat' dir='ltr'><strong>uranon</strong></span> <span class='ocrx_word' id='word_1_244' title='bbox 1012 2458 1084 2510; x_wconf 76' lang='lat' dir='ltr'><strong>semu</strong></span> <span class='ocrx_word' id='word_1_245' title='bbox 1132 2469 1251 2531; x_wconf 86' lang='lat' dir='ltr'><strong>creatmis,</strong></span> <span class='ocrx_word' id='word_1_246' title='bbox 1275 2471 1299 2521; x_wconf 88' lang='lat' dir='ltr'><strong>et</strong></span> <span class='ocrx_word' id='word_1_247' title='bbox 1322 2468 1352 2521; x_wconf 90' lang='lat' dir='ltr'><strong>ad</strong></span> <span class='ocrx_word' id='word_1_248' title='bbox 1375 2468 1441 2521; x_wconf 86' lang='lat' dir='ltr'><strong>luem</strong></span> <span class='ocrx_word' id='word_1_249' title='bbox 1465 2468 1669 2537; x_wconf 75' lang='lat' dir='ltr'><strong>perfectionemque</strong></span> <span class='ocrx_word' id='word_1_250' title='bbox 1686 2473 1845 2535; x_wconf 72' lang='lat' dir='ltr'><strong>coagmentum</strong></span> <span class='ocrx_word' id='word_1_251' title='bbox 1859 2482 1892 2519; x_wconf 88' lang='lat' dir='ltr'><strong>car</strong></span> <span class='ocrx_word' id='word_1_252' title='bbox 1962 2476 1963 2539; x_wconf 44' lang='lat' dir='ltr'><strong>p</strong></span> 
     </span>
     <span class='ocr_line' id='line_1_23' title="bbox 313 2536 1963 2608; baseline 0.005 -21"><span class='ocrx_word' id='word_1_253' title='bbox 313 2536 418 2602; x_wconf 83' lang='lat' dir='ltr'><strong>usurpari</strong></span> <span class='ocrx_word' id='word_1_254' title='bbox 431 2536 460 2590; x_wconf 88' lang='lat' dir='ltr'><strong>de</strong></span> <span class='ocrx_word' id='word_1_255' title='bbox 473 2552 501 2590; x_wconf 87' lang='lat' dir='ltr'><strong>eo</strong></span> <span class='ocrx_word' id='word_1_256' title='bbox 514 2539 575 2604; x_wconf 89' lang='lat' dir='ltr'><strong>quod</strong></span> <span class='ocrx_word' id='word_1_257' title='bbox 583 2540 774 2604; x_wconf 84' lang='lat' dir='ltr'><strong>mtcaeristcbat,</strong></span> <span class='ocrx_word' id='word_1_258' title='bbox 790 2538 1084 2608; x_wconf 83' lang='lat' dir='ltr'><strong>notamquctantummodo</strong></span> <span class='ocrx_word' id='word_1_259' title='bbox 1132 2543 1276 2596; x_wconf 83' lang='lat' dir='ltr'><strong>adducentis.</strong></span> <span class='ocrx_word' id='word_1_260' title='bbox 1779 2543 1806 2595; x_wconf 79' lang='grc' dir='ltr'><strong>Ε.</strong></span> <span class='ocrx_word' id='word_1_261' title='bbox 1819 2544 1848 2596; x_wconf 90' lang='lat' dir='ltr'><strong>ll.</strong></span> <span class='ocrx_word' id='word_1_262' title='bbox 1962 2548 1963 2571; x_wconf 55' lang='grc' dir='ltr'>ι</span> 
     </span>
     <span class='ocr_line' id='line_1_24' title="bbox 313 2611 1963 2693; baseline 0.005 -31"><span class='ocrx_word' id='word_1_263' title='bbox 313 2611 398 2679; x_wconf 90' lang='lat' dir='ltr'><strong>accipit</strong></span> <span class='ocrx_word' id='word_1_264' title='bbox 413 2612 519 2676; x_wconf 73' lang='lat' dir='ltr'><strong>termam</strong></span> <span class='ocrx_word' id='word_1_265' title='bbox 538 2619 624 2667; x_wconf 88' lang='lat' dir='ltr'><strong>certum</strong></span> <span class='ocrx_word' id='word_1_266' title='bbox 638 2621 673 2667; x_wconf 87' lang='lat' dir='ltr'><strong>est</strong></span> <span class='ocrx_word' id='word_1_267' title='bbox 685 2616 777 2683; x_wconf 88' lang='lat' dir='ltr'><strong>propria</strong></span> <span class='ocrx_word' id='word_1_268' title='bbox 790 2616 908 2683; x_wconf 74' lang='lat' dir='ltr'><strong>usuraque</strong></span> <span class='ocrx_word' id='word_1_269' title='bbox 919 2615 1084 2681; x_wconf 73' lang='lat' dir='ltr'><strong>significatione</strong></span> <span class='ocrx_word' id='word_1_270' title='bbox 1166 2619 1207 2670; x_wconf 86' lang='lat' dir='ltr'><strong>llis</strong></span> <span class='ocrx_word' id='word_1_271' title='bbox 1220 2633 1271 2685; x_wconf 86' lang='lat' dir='ltr'><strong>qua</strong></span> <span class='ocrx_word' id='word_1_272' title='bbox 1283 2632 1354 2685; x_wconf 88' lang='lat' dir='ltr'><strong>supra</strong></span> <span class='ocrx_word' id='word_1_273' title='bbox 1367 2619 1440 2685; x_wconf 89' lang='lat' dir='ltr'><strong>posita</strong></span> <span class='ocrx_word' id='word_1_274' title='bbox 1454 2625 1507 2672; x_wconf 91' lang='lat' dir='ltr'><strong>sunt</strong></span> <span class='ocrx_word' id='word_1_275' title='bbox 1522 2619 1574 2671; x_wconf 90' lang='lat' dir='ltr'><strong>addi</strong></span> <span class='ocrx_word' id='word_1_276' title='bbox 1588 2624 1671 2686; x_wconf 79' lang='lat' dir='ltr'><strong>potest,</strong></span> <span class='ocrx_word' id='word_1_277' title='bbox 1686 2620 1812 2687; x_wconf 76' lang='lat' dir='ltr'><strong>Scriptum</strong></span> <span class='ocrx_word' id='word_1_278' title='bbox 1826 2619 1893 2672; x_wconf 87' lang='lat' dir='ltr'><strong>Sacra</strong></span> <span class='ocrx_word' id='word_1_279' title='bbox 1962 2680 1963 2693; x_wconf 12' lang='grc' dir='ltr'>χ</span> 
     </span>
     <span class='ocr_line' id='line_1_25' title="bbox 314 2685 1963 2759; baseline 0.005 -22"><span class='ocrx_word' id='word_1_280' title='bbox 314 2685 342 2738; x_wconf 89' lang='lat' dir='ltr'><strong>de</strong></span> <span class='ocrx_word' id='word_1_281' title='bbox 353 2687 468 2740; x_wconf 89' lang='lat' dir='ltr'><strong>creatione</strong></span> <span class='ocrx_word' id='word_1_282' title='bbox 487 2691 579 2756; x_wconf 85' lang='lat' dir='ltr'><strong>proprie</strong></span> <span class='ocrx_word' id='word_1_283' title='bbox 598 2691 669 2754; x_wconf 76' lang='lat' dir='ltr'><strong>dcta,</strong></span> <span class='ocrx_word' id='word_1_284' title='bbox 685 2706 725 2744; x_wconf 84' lang='lat' dir='ltr'><strong>seu</strong></span> <span class='ocrx_word' id='word_1_285' title='bbox 746 2706 759 2744; x_wconf 89' lang='lat' dir='ltr'><strong>c</strong></span> <span class='ocrx_word' id='word_1_286' title='bbox 775 2691 846 2744; x_wconf 88' lang='lat' dir='ltr'><strong>nihilo</strong></span> <span class='ocrx_word' id='word_1_287' title='bbox 859 2692 1007 2759; x_wconf 88' lang='lat' dir='ltr'><strong>productione</strong></span> <span class='ocrx_word' id='word_1_288' title='bbox 1019 2691 1083 2744; x_wconf 83' lang='lat' dir='ltr'><strong>trica</strong></span> <span class='ocrx_word' id='word_1_289' title='bbox 1132 2699 1273 2746; x_wconf 87' lang='lat' dir='ltr'><strong>enarratores</strong></span> <span class='ocrx_word' id='word_1_290' title='bbox 1296 2707 1342 2745; x_wconf 89' lang='lat' dir='ltr'><strong>nou</strong></span> <span class='ocrx_word' id='word_1_291' title='bbox 1368 2694 1424 2745; x_wconf 89' lang='lat' dir='ltr'><strong>satis</strong></span> <span class='ocrx_word' id='word_1_292' title='bbox 1446 2694 1521 2758; x_wconf 77' lang='lat' dir='ltr'><strong>ioman</strong></span> <span class='ocrx_word' id='word_1_293' title='bbox 1535 2694 1657 2747; x_wconf 89' lang='lat' dir='ltr'><strong>attendisse</strong></span> <span class='ocrx_word' id='word_1_294' title='bbox 1669 2695 1700 2747; x_wconf 89' lang='lat' dir='ltr'><strong>ad</strong></span> <span class='ocrx_word' id='word_1_295' title='bbox 1715 2696 1803 2747; x_wconf 85' lang='lat' dir='ltr'><strong>tertiurn</strong></span> <span class='ocrx_word' id='word_1_296' title='bbox 1816 2708 1893 2747; x_wconf 75' lang='lat' dir='ltr'><strong>comm</strong></span> <span class='ocrx_word' id='word_1_297' title='bbox 1962 2728 1963 2753; x_wconf 54' lang='grc' dir='ltr'>ι</span> 
     </span>
     <span class='ocr_line' id='line_1_26' title="bbox 313 2762 1963 2837; baseline 0.003 -22"><span class='ocrx_word' id='word_1_298' title='bbox 313 2762 486 2832; x_wconf 70' lang='grc' dir='ltr'>Ιιιιιιιιιιιι.</span> <span class='ocrx_word' id='word_1_299' title='bbox 502 2765 594 2817; x_wconf 84' lang='lat' dir='ltr'><strong>uenia</strong></span> <span class='ocrx_word' id='word_1_300' title='bbox 611 2766 844 2833; x_wconf 87' lang='lat' dir='ltr'><strong>duplici,inbisteria</strong></span> <span class='ocrx_word' id='word_1_301' title='bbox 860 2766 1084 2820; x_wconf 74' lang='lat' dir='ltr'><strong>mutonistareuda</strong></span> <span class='ocrx_word' id='word_1_302' title='bbox 1132 2769 1225 2821; x_wconf 76' lang='lat' dir='ltr'><strong>monadi</strong></span> <span class='ocrx_word' id='word_1_303' title='bbox 1253 2767 1367 2821; x_wconf 71' lang='lat' dir='ltr'><strong>Geumem</strong></span> <span class='ocrx_word' id='word_1_304' title='bbox 1397 2770 1477 2834; x_wconf 90' lang='lat' dir='ltr'><strong>capitis</strong></span> <span class='ocrx_word' id='word_1_305' title='bbox 1504 2770 1542 2821; x_wconf 88' lang='lat' dir='ltr'><strong>ubi</strong></span> <span class='ocrx_word' id='word_1_306' title='bbox 1564 2769 1653 2836; x_wconf 74' lang='lat' dir='ltr'><strong>ltopsos</strong></span> <span class='ocrx_word' id='word_1_307' title='bbox 1672 2785 1710 2822; x_wconf 81' lang='lat' dir='ltr'><strong>rer</strong></span> <span class='ocrx_word' id='word_1_308' title='bbox 1730 2785 1780 2837; x_wconf 85' lang='lat' dir='ltr'><strong>qua</strong></span> <span class='ocrx_word' id='word_1_309' title='bbox 1793 2771 1816 2822; x_wconf 90' lang='lat' dir='ltr'><strong>ia</strong></span> <span class='ocrx_word' id='word_1_310' title='bbox 1830 2770 1892 2836; x_wconf 89' lang='lat' dir='ltr'><strong>prino</strong></span> <span class='ocrx_word' id='word_1_311' title='bbox 1962 2764 1963 2789; x_wconf 76' lang='lat'><em>³</em></span> 
     </span>
     <span class='ocr_line' id='line_1_27' title="bbox 313 2838 1963 2911; baseline 0.003 -21"><span class='ocrx_word' id='word_1_312' title='bbox 313 2838 423 2892; x_wconf 80' lang='lat' dir='ltr'><strong>uocabulo</strong></span> <span class='ocrx_word' id='word_1_313' title='bbox 440 2841 519 2904; x_wconf 87' lang='lat' dir='ltr'><strong>utitur,</strong></span> <span class='ocrx_word' id='word_1_314' title='bbox 540 2850 602 2902; x_wconf 65' lang='lat' dir='ltr'><strong>nr:</strong></span> <span class='ocrx_word' id='word_1_315' title='bbox 618 2842 723 2896; x_wconf 85' lang='lat' dir='ltr'><strong>udalicet</strong></span> <span class='ocrx_word' id='word_1_316' title='bbox 741 2849 854 2908; x_wconf 75' lang='lat' dir='ltr'><strong>ctttttitt.</strong></span> <span class='ocrx_word' id='word_1_317' title='bbox 869 2843 935 2896; x_wconf 83' lang='lat' dir='ltr'><strong>ltere</strong></span> <span class='ocrx_word' id='word_1_318' title='bbox 948 2842 1084 2895; x_wconf 84' lang='lat' dir='ltr'><strong>creationem</strong></span> <span class='ocrx_word' id='word_1_319' title='bbox 1132 2845 1206 2911; x_wconf 88' lang='lat' dir='ltr'><strong>capite</strong></span> <span class='ocrx_word' id='word_1_320' title='bbox 1219 2850 1348 2908; x_wconf 88' lang='lat' dir='ltr'><strong>narrantur,</strong></span> <span class='ocrx_word' id='word_1_321' title='bbox 1362 2844 1460 2897; x_wconf 84' lang='lat' dir='ltr'><strong>breuter</strong></span> <span class='ocrx_word' id='word_1_322' title='bbox 1477 2846 1571 2911; x_wconf 72' lang='lat' dir='ltr'><strong>colligit.</strong></span> <span class='ocrx_word' id='word_1_323' title='bbox 1591 2846 1735 2898; x_wconf 78' lang='lat' dir='ltr'><strong>‹Benedixit</strong></span> <span class='ocrx_word' id='word_1_324' title='bbox 1752 2846 1796 2899; x_wconf 88' lang='lat' dir='ltr'><strong>diei</strong></span> <span class='ocrx_word' id='word_1_325' title='bbox 1807 2844 1891 2911; x_wconf 84' lang='lat' dir='ltr'><strong>septimo</strong></span> <span class='ocrx_word' id='word_1_326' title='bbox 1962 2904 1963 2907; x_wconf 8' lang='grc' dir='ltr'><strong>Ἴ</strong></span> 
     </span>
     <span class='ocr_line' id='line_1_28' title="bbox 313 2917 1963 2989; baseline 0.001 -21"><span class='ocrx_word' id='word_1_327' title='bbox 313 2918 404 2984; x_wconf 89' lang='lat' dir='ltr'><strong>proprie</strong></span> <span class='ocrx_word' id='word_1_328' title='bbox 418 2917 502 2971; x_wconf 89' lang='lat' dir='ltr'><strong>dictam</strong></span> <span class='ocrx_word' id='word_1_329' title='bbox 516 2920 594 2985; x_wconf 83' lang='lat' dir='ltr'><strong>reteri,</strong></span> <span class='ocrx_word' id='word_1_330' title='bbox 608 2926 686 2988; x_wconf 84' lang='lat' dir='ltr'><strong>estque</strong></span> <span class='ocrx_word' id='word_1_331' title='bbox 699 2921 740 2975; x_wconf 81' lang='lat' dir='ltr'><strong>liei</strong></span> <span class='ocrx_word' id='word_1_332' title='bbox 754 2922 881 2989; x_wconf 85' lang='lat' dir='ltr'><strong>proprium,</strong></span> <span class='ocrx_word' id='word_1_333' title='bbox 900 2922 932 2973; x_wconf 90' lang='lat' dir='ltr'><strong>ait</strong></span> <span class='ocrx_word' id='word_1_334' title='bbox 945 2920 1082 2982; x_wconf 80' lang='lat' dir='ltr'><strong>burtorlios,</strong></span> <span class='ocrx_word' id='word_1_335' title='bbox 1133 2918 1519 2987; x_wconf 67' lang='lat' dir='ltr'><strong>(numerorumorationis,</strong></span> <span class='ocrx_word' id='word_1_336' title='bbox 1543 2920 1596 2987; x_wconf 89' lang='lat' dir='ltr'><strong>quia</strong></span> <span class='ocrx_word' id='word_1_337' title='bbox 1620 2922 1644 2973; x_wconf 91' lang='lat' dir='ltr'><strong>iu</strong></span> <span class='ocrx_word' id='word_1_338' title='bbox 1670 2922 1722 2987; x_wconf 80' lang='lat' dir='ltr'><strong>ipso</strong></span> <span class='ocrx_word' id='word_1_339' title='bbox 1735 2924 1854 2974; x_wconf 67' lang='lat' dir='ltr'><strong>emerent</strong></span> <span class='ocrx_word' id='word_1_340' title='bbox 1867 2919 1891 2970; x_wconf 89' lang='lat' dir='ltr'><strong>ab</strong></span> <span class='ocrx_word' id='word_1_341' title='bbox 1962 2922 1963 2961; x_wconf 58' lang='grc' dir='ltr'>ἒ</span> 
     </span>
     <span class='ocr_line' id='line_1_29' title="bbox 312 2991 1963 3064; baseline 0.008 -20"><span class='ocrx_word' id='word_1_342' title='bbox 312 2991 380 3044; x_wconf 77' lang='lat' dir='ltr'><strong>Aeol</strong></span> <span class='ocrx_word' id='word_1_343' title='bbox 401 2994 513 3047; x_wconf 78' lang='lat' dir='ltr'><strong>redonam</strong></span> <span class='ocrx_word' id='word_1_344' title='bbox 531 2996 616 3049; x_wconf 86' lang='lat' dir='ltr'><strong>indicat</strong></span> <span class='ocrx_word' id='word_1_345' title='bbox 635 2997 659 3049; x_wconf 91' lang='lat' dir='ltr'><strong>iu</strong></span> <span class='ocrx_word' id='word_1_346' title='bbox 684 2998 863 3064; x_wconf 69' lang='lat' dir='ltr'><strong>peccatotorum</strong></span> <span class='ocrx_word' id='word_1_347' title='bbox 883 2996 1010 3056; x_wconf 80' lang='lat' dir='ltr'><strong>materian.</strong></span> <span class='ocrx_word' id='word_1_348' title='bbox 1033 3010 1084 3062; x_wconf 82' lang='lat' dir='ltr'><strong>que</strong></span> <span class='ocrx_word' id='word_1_349' title='bbox 1133 2996 1194 3047; x_wconf 89' lang='lat' dir='ltr'><strong>omui</strong></span> <span class='ocrx_word' id='word_1_350' title='bbox 1208 3009 1276 3061; x_wconf 87' lang='lat' dir='ltr'><strong>opera</strong></span> <span class='ocrx_word' id='word_1_351' title='bbox 1298 3009 1339 3047; x_wconf 89' lang='lat' dir='ltr'><strong>suo</strong></span> <span class='ocrx_word' id='word_1_352' title='bbox 1361 2994 1422 3062; x_wconf 90' lang='lat' dir='ltr'><strong>quod</strong></span> <span class='ocrx_word' id='word_1_353' title='bbox 1434 2999 1525 3048; x_wconf 78' lang='lat' dir='ltr'><strong>meavit</strong></span> <span class='ocrx_word' id='word_1_354' title='bbox 1546 2998 1611 3049; x_wconf 81' lang='lat' dir='ltr'><strong>Deua</strong></span> <span class='ocrx_word' id='word_1_355' title='bbox 1626 3001 1651 3048; x_wconf 86' lang='lat' dir='ltr'><strong>ut</strong></span> <span class='ocrx_word' id='word_1_356' title='bbox 1678 2997 1799 3061; x_wconf 71' lang='lat' dir='ltr'><strong>feceret·</strong></span> <span class='ocrx_word' id='word_1_357' title='bbox 1833 3002 1891 3055; x_wconf 78' lang='lat' dir='ltr'><strong>teu</strong></span> <span class='ocrx_word' id='word_1_358' title='bbox 1962 3014 1963 3057; x_wconf 74' lang='grc' dir='ltr'>ι</span> 
     </span>
    </p>
   </div>
   <div class='ocr_carea' id='block_1_9' title="bbox 201 3053 1963 3138">
    <p class='ocr_par' dir='ltr' id='par_1_10' title="bbox 201 3053 1963 3138">
     <span class='ocr_line' id='line_1_30' title="bbox 201 3053 1963 3138; baseline 0.005 -19"><span class='ocrx_word' id='word_1_359' title='bbox 201 3120 205 3126; x_wconf 75' lang='grc'><strong><em>,</em></strong></span> <span class='ocrx_word' id='word_1_360' title='bbox 314 3067 381 3120; x_wconf 79' lang='lat' dir='ltr'><strong>uariis</strong></span> <span class='ocrx_word' id='word_1_361' title='bbox 402 3083 452 3120; x_wconf 90' lang='lat' dir='ltr'><strong>eam</strong></span> <span class='ocrx_word' id='word_1_362' title='bbox 472 3070 591 3124; x_wconf 79' lang='lat' dir='ltr'><strong>eliciendo</strong></span> <span class='ocrx_word' id='word_1_363' title='bbox 604 3072 678 3125; x_wconf 81' lang='lat' dir='ltr'><strong>modis</strong></span> <span class='ocrx_word' id='word_1_364' title='bbox 691 3080 823 3135; x_wconf 64' lang='lat' dir='ltr'><strong>exarcatum</strong></span> <span class='ocrx_word' id='word_1_365' title='bbox 841 3088 884 3125; x_wconf 90' lang='lat' dir='ltr'><strong>uec</strong></span> <span class='ocrx_word' id='word_1_366' title='bbox 900 3086 998 3138; x_wconf 82' lang='lat' dir='ltr'><strong>unquam</strong></span> <span class='ocrx_word' id='word_1_367' title='bbox 1013 3085 1084 3137; x_wconf 77' lang='lat' dir='ltr'><strong>syno-</strong></span> <span class='ocrx_word' id='word_1_368' title='bbox 1134 3079 1196 3131; x_wconf 71' lang='lat' dir='ltr'><strong>ur:</strong></span> <span class='ocrx_word' id='word_1_369' title='bbox 1213 3074 1310 3130; x_wconf 71' lang='lat' dir='ltr'><strong>nerem</strong></span> <span class='ocrx_word' id='word_1_370' title='bbox 1336 3053 1428 3136; x_wconf 51' lang='lat' dir='ltr'><strong>nme&amp;</strong></span> <span class='ocrx_word' id='word_1_371' title='bbox 1457 3073 1519 3125; x_wconf 80' lang='lat' dir='ltr'><strong>laer</strong></span> <span class='ocrx_word' id='word_1_372' title='bbox 1531 3073 1591 3125; x_wconf 83' lang='lat' dir='ltr'><strong>toro</strong></span> <span class='ocrx_word' id='word_1_373' title='bbox 1612 3074 1713 3126; x_wconf 79' lang='lat' dir='ltr'><strong>Eicitur</strong></span> <span class='ocrx_word' id='word_1_374' title='bbox 1728 3074 1840 3126; x_wconf 79' lang='lat' dir='ltr'><strong>tacenti.</strong></span> <span class='ocrx_word' id='word_1_375' title='bbox 1863 3074 1891 3124; x_wconf 85' lang='lat' dir='ltr'><strong>lin</strong></span> <span class='ocrx_word' id='word_1_376' title='bbox 1962 3072 1963 3127; x_wconf 72' lang='grc' dir='ltr'><strong>ἱ</strong></span> 
     </span>
    </p>
   </div>
   <div class='ocr_carea' id='block_1_10' title="bbox 313 3143 1963 5415">
    <p class='ocr_par' dir='ltr' id='par_1_11' title="bbox 313 3143 1963 3292">
     <span class='ocr_line' id='line_1_31' title="bbox 314 3143 1963 3217; baseline 0.004 -22"><span class='ocrx_word' id='word_1_377' title='bbox 314 3150 381 3209; x_wconf 74' lang='lat' dir='ltr'><strong>orme</strong></span> <span class='ocrx_word' id='word_1_378' title='bbox 404 3143 453 3197; x_wconf 84' lang='lat' dir='ltr'><strong>bac</strong></span> <span class='ocrx_word' id='word_1_379' title='bbox 479 3144 524 3198; x_wconf 88' lang='lat' dir='ltr'><strong>duo</strong></span> <span class='ocrx_word' id='word_1_380' title='bbox 546 3146 657 3199; x_wconf 87' lang='lat' dir='ltr'><strong>vocabola</strong></span> <span class='ocrx_word' id='word_1_381' title='bbox 684 3153 791 3215; x_wconf 90' lang='lat' dir='ltr'><strong>usurpata</strong></span> <span class='ocrx_word' id='word_1_382' title='bbox 816 3148 968 3200; x_wconf 85' lang='lat' dir='ltr'><strong>inveniuntur.</strong></span> <span class='ocrx_word' id='word_1_383' title='bbox 996 3146 1085 3200; x_wconf 77' lang='lat' dir='ltr'><strong>lidesis</strong></span> <span class='ocrx_word' id='word_1_384' title='bbox 1134 3149 1179 3202; x_wconf 92' lang='lat' dir='ltr'><strong>duo</strong></span> <span class='ocrx_word' id='word_1_385' title='bbox 1202 3150 1320 3215; x_wconf 82' lang='lat' dir='ltr'><strong>vocabula,</strong></span> <span class='ocrx_word' id='word_1_386' title='bbox 1348 3151 1408 3202; x_wconf 86' lang='lat' dir='ltr'><strong>berc</strong></span> <span class='ocrx_word' id='word_1_387' title='bbox 1432 3154 1455 3202; x_wconf 89' lang='lat' dir='ltr'><strong>et</strong></span> <span class='ocrx_word' id='word_1_388' title='bbox 1476 3151 1537 3201; x_wconf 86' lang='lat' dir='ltr'><strong>caol</strong></span> <span class='ocrx_word' id='word_1_389' title='bbox 1554 3164 1567 3201; x_wconf 92' lang='lat' dir='ltr'><strong>c</strong></span> <span class='ocrx_word' id='word_1_390' title='bbox 1582 3149 1674 3214; x_wconf 71' lang='lat' dir='ltr'><strong>remoue</strong></span> <span class='ocrx_word' id='word_1_391' title='bbox 1688 3152 1778 3216; x_wconf 86' lang='lat' dir='ltr'><strong>posita:</strong></span> <span class='ocrx_word' id='word_1_392' title='bbox 1794 3150 1891 3217; x_wconf 84' lang='lat' dir='ltr'><strong>posterius</strong></span> <span class='ocrx_word' id='word_1_393' title='bbox 1962 3172 1963 3175; x_wconf 38' lang='lat'>¹</span> 
     </span>
     <span class='ocr_line' id='line_1_32' title="bbox 313 3218 1892 3292; baseline 0.004 -22"><span class='ocrx_word' id='word_1_394' title='bbox 313 3218 388 3272; x_wconf 87' lang='lat' dir='ltr'><strong>taxica</strong></span> <span class='ocrx_word' id='word_1_395' title='bbox 395 3218 510 3282; x_wconf 82' lang='lat' dir='ltr'><strong>hebraica,</strong></span> <span class='ocrx_word' id='word_1_396' title='bbox 520 3224 687 3289; x_wconf 82' lang='lat' dir='ltr'><strong>pretertinque</strong></span> <span class='ocrx_word' id='word_1_397' title='bbox 704 3224 793 3276; x_wconf 81' lang='lat' dir='ltr'><strong>lexicon</strong></span> <span class='ocrx_word' id='word_1_398' title='bbox 810 3224 914 3281; x_wconf 83' lang='lat' dir='ltr'><strong>Gaseuii.</strong></span> <span class='ocrx_word' id='word_1_399' title='bbox 1134 3225 1195 3276; x_wconf 79' lang='lat' dir='ltr'><strong>eecli</strong></span> <span class='ocrx_word' id='word_1_400' title='bbox 1214 3225 1335 3278; x_wconf 75' lang='lat' dir='ltr'><strong>tateuubns</strong></span> <span class='ocrx_word' id='word_1_401' title='bbox 1348 3225 1452 3277; x_wconf 81' lang='lat' dir='ltr'><strong>omnbus</strong></span> <span class='ocrx_word' id='word_1_402' title='bbox 1464 3225 1577 3277; x_wconf 77' lang='lat' dir='ltr'><strong>octonem</strong></span> <span class='ocrx_word' id='word_1_403' title='bbox 1591 3225 1713 3276; x_wconf 88' lang='lat' dir='ltr'><strong>denotatio</strong></span> <span class='ocrx_word' id='word_1_404' title='bbox 1729 3225 1892 3292; x_wconf 71' lang='lat' dir='ltr'><strong>precinentem</strong></span> 
     </span>
    </p>

    <p class='ocr_par' dir='ltr' id='par_1_12' title="bbox 314 3295 1963 3894">
     <span class='ocr_line' id='line_1_33' title="bbox 348 3295 1963 3366; baseline 0.004 -19"><span class='ocrx_word' id='word_1_405' title='bbox 348 3295 403 3348; x_wconf 80' lang='lat' dir='ltr'><strong>ileo</strong></span> <span class='ocrx_word' id='word_1_406' title='bbox 420 3295 510 3361; x_wconf 84' lang='lat' dir='ltr'><strong>quidem</strong></span> <span class='ocrx_word' id='word_1_407' title='bbox 533 3303 585 3349; x_wconf 90' lang='lat' dir='ltr'><strong>sunt</strong></span> <span class='ocrx_word' id='word_1_408' title='bbox 606 3311 621 3349; x_wconf 92' lang='lat' dir='ltr'><strong>a</strong></span> <span class='ocrx_word' id='word_1_409' title='bbox 640 3298 786 3351; x_wconf 81' lang='lat' dir='ltr'><strong>radordistia</strong></span> <span class='ocrx_word' id='word_1_410' title='bbox 799 3298 924 3351; x_wconf 90' lang='lat' dir='ltr'><strong>indubium</strong></span> <span class='ocrx_word' id='word_1_411' title='bbox 939 3304 1027 3361; x_wconf 82' lang='lat' dir='ltr'><strong>rocam,</strong></span> <span class='ocrx_word' id='word_1_412' title='bbox 1045 3298 1085 3350; x_wconf 88' lang='lat' dir='ltr'><strong>scd</strong></span> <span class='ocrx_word' id='word_1_413' title='bbox 1134 3300 1261 3362; x_wconf 75' lang='lat' dir='ltr'><strong>matonam,</strong></span> <span class='ocrx_word' id='word_1_414' title='bbox 1289 3301 1310 3353; x_wconf 91' lang='lat' dir='ltr'><strong>ai</strong></span> <span class='ocrx_word' id='word_1_415' title='bbox 1335 3300 1440 3353; x_wconf 83' lang='lat' dir='ltr'><strong>uidelicet</strong></span> <span class='ocrx_word' id='word_1_416' title='bbox 1463 3300 1558 3351; x_wconf 84' lang='lat' dir='ltr'><strong>termam</strong></span> <span class='ocrx_word' id='word_1_417' title='bbox 1582 3300 1750 3366; x_wconf 87' lang='lat' dir='ltr'><strong>impertiendo:</strong></span> <span class='ocrx_word' id='word_1_418' title='bbox 1772 3301 1892 3364; x_wconf 72' lang='lat' dir='ltr'><strong>Priuserro</strong></span> <span class='ocrx_word' id='word_1_419' title='bbox 1962 3300 1963 3311; x_wconf 60' lang='lat'>¹</span> 
     </span>
     <span class='ocr_line' id='line_1_34' title="bbox 314 3370 1963 3445; baseline 0.002 -22"><span class='ocrx_word' id='word_1_420' title='bbox 314 3371 379 3424; x_wconf 87' lang='lat' dir='ltr'><strong>irrito</strong></span> <span class='ocrx_word' id='word_1_421' title='bbox 395 3374 488 3423; x_wconf 89' lang='lat' dir='ltr'><strong>conatu.</strong></span> <span class='ocrx_word' id='word_1_422' title='bbox 503 3370 588 3423; x_wconf 85' lang='lat' dir='ltr'><strong>Omnes</strong></span> <span class='ocrx_word' id='word_1_423' title='bbox 601 3374 662 3425; x_wconf 89' lang='lat' dir='ltr'><strong>enim</strong></span> <span class='ocrx_word' id='word_1_424' title='bbox 676 3373 815 3438; x_wconf 83' lang='lat' dir='ltr'><strong>objectiones</strong></span> <span class='ocrx_word' id='word_1_425' title='bbox 828 3389 841 3425; x_wconf 89' lang='lat' dir='ltr'><strong>e</strong></span> <span class='ocrx_word' id='word_1_426' title='bbox 860 3373 985 3440; x_wconf 71' lang='lat' dir='ltr'><strong>philologia</strong></span> <span class='ocrx_word' id='word_1_427' title='bbox 1000 3375 1084 3441; x_wconf 82' lang='lat' dir='ltr'><strong>petite,</strong></span> <span class='ocrx_word' id='word_1_428' title='bbox 1135 3372 1345 3428; x_wconf 65' lang='lat' dir='ltr'><strong>terebrationem</strong></span> <span class='ocrx_word' id='word_1_429' title='bbox 1360 3376 1475 3443; x_wconf 90' lang='lat' dir='ltr'><strong>propriam</strong></span> <span class='ocrx_word' id='word_1_430' title='bbox 1497 3376 1578 3439; x_wconf 82' lang='lat' dir='ltr'><strong>reteri,</strong></span> <span class='ocrx_word' id='word_1_431' title='bbox 1597 3376 1640 3427; x_wconf 85' lang='lat' dir='ltr'><strong>nisi</strong></span> <span class='ocrx_word' id='word_1_432' title='bbox 1655 3375 1766 3429; x_wconf 89' lang='lat' dir='ltr'><strong>absonam</strong></span> <span class='ocrx_word' id='word_1_433' title='bbox 1775 3376 1805 3429; x_wconf 87' lang='lat' dir='ltr'><strong>ibi</strong></span> <span class='ocrx_word' id='word_1_434' title='bbox 1825 3375 1893 3427; x_wconf 79' lang='lat' dir='ltr'><strong>uden-</strong></span> <span class='ocrx_word' id='word_1_435' title='bbox 1962 3378 1963 3445; x_wconf 41' lang='lat'><strong>,</strong></span> 
     </span>
     <span class='ocr_line' id='line_1_35' title="bbox 314 3446 1963 3517; baseline 0.004 -20"><span class='ocrx_word' id='word_1_436' title='bbox 314 3460 367 3498; x_wconf 93' lang='lat' dir='ltr'><strong>cum</strong></span> <span class='ocrx_word' id='word_1_437' title='bbox 380 3446 472 3498; x_wconf 78' lang='lat' dir='ltr'><strong>nodone</strong></span> <span class='ocrx_word' id='word_1_438' title='bbox 488 3460 556 3513; x_wconf 87' lang='lat' dir='ltr'><strong>quam</strong></span> <span class='ocrx_word' id='word_1_439' title='bbox 570 3447 660 3513; x_wconf 69' lang='lat' dir='ltr'><strong>Moyses</strong></span> <span class='ocrx_word' id='word_1_440' title='bbox 673 3448 701 3500; x_wconf 89' lang='lat' dir='ltr'><strong>de</strong></span> <span class='ocrx_word' id='word_1_441' title='bbox 716 3448 765 3501; x_wconf 84' lang='lat' dir='ltr'><strong>lieo</strong></span> <span class='ocrx_word' id='word_1_442' title='bbox 779 3448 884 3507; x_wconf 81' lang='lat' dir='ltr'><strong>babebat,</strong></span> <span class='ocrx_word' id='word_1_443' title='bbox 905 3450 1000 3515; x_wconf 88' lang='lat' dir='ltr'><strong>aliisque</strong></span> <span class='ocrx_word' id='word_1_444' title='bbox 1009 3449 1086 3501; x_wconf 91' lang='lat' dir='ltr'><strong>incul-</strong></span> <span class='ocrx_word' id='word_1_445' title='bbox 1135 3450 1231 3517; x_wconf 82' lang='lat' dir='ltr'><strong>demque</strong></span> <span class='ocrx_word' id='word_1_446' title='bbox 1245 3450 1393 3516; x_wconf 76' lang='lat' dir='ltr'><strong>tautologiam</strong></span> <span class='ocrx_word' id='word_1_447' title='bbox 1413 3450 1531 3503; x_wconf 85' lang='lat' dir='ltr'><strong>adultere</strong></span> <span class='ocrx_word' id='word_1_448' title='bbox 1543 3451 1610 3503; x_wconf 85' lang='lat' dir='ltr'><strong>malis</strong></span> <span class='ocrx_word' id='word_1_449' title='bbox 1627 3451 1687 3517; x_wconf 90' lang='lat' dir='ltr'><strong>quod</strong></span> <span class='ocrx_word' id='word_1_450' title='bbox 1704 3466 1760 3504; x_wconf 87' lang='lat' dir='ltr'><strong>saue</strong></span> <span class='ocrx_word' id='word_1_451' title='bbox 1773 3456 1806 3504; x_wconf 80' lang='lat' dir='ltr'><strong>ast</strong></span> <span class='ocrx_word' id='word_1_452' title='bbox 1821 3451 1893 3503; x_wconf 75' lang='lat' dir='ltr'><strong>amur·</strong></span> <span class='ocrx_word' id='word_1_453' title='bbox 1962 3448 1963 3457; x_wconf 74' lang='grc'>’</span> 
     </span>
     <span class='ocr_line' id='line_1_36' title="bbox 315 3521 1963 3591; baseline 0.001 -18"><span class='ocrx_word' id='word_1_454' title='bbox 315 3521 411 3574; x_wconf 89' lang='lat' dir='ltr'><strong>caudam</strong></span> <span class='ocrx_word' id='word_1_455' title='bbox 428 3527 589 3588; x_wconf 78' lang='lat' dir='ltr'><strong>assumpserat,</strong></span> <span class='ocrx_word' id='word_1_456' title='bbox 605 3527 708 3575; x_wconf 87' lang='lat' dir='ltr'><strong>constare</strong></span> <span class='ocrx_word' id='word_1_457' title='bbox 722 3529 844 3590; x_wconf 86' lang='lat' dir='ltr'><strong>nequemt.</strong></span> <span class='ocrx_word' id='word_1_458' title='bbox 867 3525 923 3578; x_wconf 84' lang='lat' dir='ltr'><strong>lluc</strong></span> <span class='ocrx_word' id='word_1_459' title='bbox 941 3525 1000 3576; x_wconf 88' lang='lat' dir='ltr'><strong>euim</strong></span> <span class='ocrx_word' id='word_1_460' title='bbox 1024 3525 1086 3576; x_wconf 89' lang='lat' dir='ltr'><strong>notio</strong></span> <span class='ocrx_word' id='word_1_461' title='bbox 1135 3525 1198 3577; x_wconf 86' lang='lat' dir='ltr'><strong>dum.</strong></span> <span class='ocrx_word' id='word_1_462' title='bbox 1214 3527 1281 3578; x_wconf 89' lang='lat' dir='ltr'><strong>llndc</strong></span> <span class='ocrx_word' id='word_1_463' title='bbox 1294 3526 1343 3579; x_wconf 79' lang='lat' dir='ltr'><strong>bec</strong></span> <span class='ocrx_word' id='word_1_464' title='bbox 1357 3526 1425 3579; x_wconf 88' lang='lat' dir='ltr'><strong>verba</strong></span> <span class='ocrx_word' id='word_1_465' title='bbox 1444 3531 1527 3579; x_wconf 84' lang='lat' dir='ltr'><strong>nostre</strong></span> <span class='ocrx_word' id='word_1_466' title='bbox 1550 3526 1662 3591; x_wconf 68' lang='lat' dir='ltr'><strong>uulgata:</strong></span> <span class='ocrx_word' id='word_1_467' title='bbox 1687 3528 1854 3579; x_wconf 65' lang='lat' dir='ltr'><strong>meracitate</strong></span> <span class='ocrx_word' id='word_1_468' title='bbox 1871 3528 1894 3575; x_wconf 84' lang='lat' dir='ltr'><strong>at</strong></span> <span class='ocrx_word' id='word_1_469' title='bbox 1962 3542 1963 3567; x_wconf 66' lang='grc' dir='ltr'>ι</span> 
     </span>
     <span class='ocr_line' id='line_1_37' title="bbox 314 3597 1963 3667; baseline 0.002 -19"><span class='ocrx_word' id='word_1_470' title='bbox 314 3598 423 3649; x_wconf 85' lang='lat' dir='ltr'><strong>muudum</strong></span> <span class='ocrx_word' id='word_1_471' title='bbox 436 3602 461 3648; x_wconf 92' lang='lat' dir='ltr'><strong>at</strong></span> <span class='ocrx_word' id='word_1_472' title='bbox 469 3597 586 3648; x_wconf 88' lang='lat' dir='ltr'><strong>materiam</strong></span> <span class='ocrx_word' id='word_1_473' title='bbox 599 3602 729 3650; x_wconf 86' lang='lat' dir='ltr'><strong>constanter</strong></span> <span class='ocrx_word' id='word_1_474' title='bbox 735 3600 842 3666; x_wconf 89' lang='lat' dir='ltr'><strong>supponit</strong></span> <span class='ocrx_word' id='word_1_475' title='bbox 848 3613 914 3651; x_wconf 90' lang='lat' dir='ltr'><strong>noua</strong></span> <span class='ocrx_word' id='word_1_476' title='bbox 924 3614 949 3651; x_wconf 89' lang='lat' dir='ltr'><strong>sc</strong></span> <span class='ocrx_word' id='word_1_477' title='bbox 959 3599 1085 3661; x_wconf 79' lang='lat' dir='ltr'><strong>existentia,</strong></span> <span class='ocrx_word' id='word_1_478' title='bbox 1135 3601 1236 3667; x_wconf 67' lang='lat' dir='ltr'><strong>focum,</strong></span> <span class='ocrx_word' id='word_1_479' title='bbox 1251 3616 1296 3653; x_wconf 90' lang='lat' dir='ltr'><strong>nou</strong></span> <span class='ocrx_word' id='word_1_480' title='bbox 1310 3601 1376 3654; x_wconf 89' lang='lat' dir='ltr'><strong>aliter</strong></span> <span class='ocrx_word' id='word_1_481' title='bbox 1389 3602 1534 3666; x_wconf 71' lang='lat' dir='ltr'><strong>intelligenda</strong></span> <span class='ocrx_word' id='word_1_482' title='bbox 1548 3607 1600 3653; x_wconf 89' lang='lat' dir='ltr'><strong>suut</strong></span> <span class='ocrx_word' id='word_1_483' title='bbox 1612 3616 1640 3654; x_wconf 89' lang='lat' dir='ltr'><strong>ac</strong></span> <span class='ocrx_word' id='word_1_484' title='bbox 1653 3601 1673 3654; x_wconf 88' lang='lat' dir='ltr'><strong>sl</strong></span> <span class='ocrx_word' id='word_1_485' title='bbox 1685 3608 1767 3655; x_wconf 75' lang='lat' dir='ltr'><strong>rumor</strong></span> <span class='ocrx_word' id='word_1_486' title='bbox 1778 3602 1893 3663; x_wconf 63' lang='lat' dir='ltr'><strong>durrus</strong></span> <span class='ocrx_word' id='word_1_487' title='bbox 1962 3614 1963 3661; x_wconf 62' lang='grc' dir='ltr'>ῑ</span> 
     </span>
     <span class='ocr_line' id='line_1_38' title="bbox 315 3670 1963 3744; baseline 0.004 -21"><span class='ocrx_word' id='word_1_488' title='bbox 315 3672 352 3724; x_wconf 86' lang='lat' dir='ltr'><strong>vel</strong></span> <span class='ocrx_word' id='word_1_489' title='bbox 360 3670 458 3735; x_wconf 70' lang='lat' dir='ltr'><strong>burna,</strong></span> <span class='ocrx_word' id='word_1_490' title='bbox 473 3673 512 3725; x_wconf 85' lang='lat' dir='ltr'><strong>sed</strong></span> <span class='ocrx_word' id='word_1_491' title='bbox 521 3676 645 3735; x_wconf 87' lang='lat' dir='ltr'><strong>arcala„et</strong></span> <span class='ocrx_word' id='word_1_492' title='bbox 657 3673 687 3725; x_wconf 93' lang='lat' dir='ltr'><strong>ab</strong></span> <span class='ocrx_word' id='word_1_493' title='bbox 700 3673 745 3725; x_wconf 88' lang='lat' dir='ltr'><strong>alio</strong></span> <span class='ocrx_word' id='word_1_494' title='bbox 759 3673 865 3726; x_wconf 84' lang='lat' dir='ltr'><strong>babentia</strong></span> <span class='ocrx_word' id='word_1_495' title='bbox 881 3680 916 3726; x_wconf 87' lang='lat' dir='ltr'><strong>est</strong></span> <span class='ocrx_word' id='word_1_496' title='bbox 924 3675 978 3738; x_wconf 88' lang='lat' dir='ltr'><strong>siat,</strong></span> <span class='ocrx_word' id='word_1_497' title='bbox 989 3673 1049 3726; x_wconf 90' lang='lat' dir='ltr'><strong>undo</strong></span> <span class='ocrx_word' id='word_1_498' title='bbox 1062 3675 1087 3726; x_wconf 91' lang='lat' dir='ltr'><strong>lit</strong></span> <span class='ocrx_word' id='word_1_499' title='bbox 1136 3676 1207 3728; x_wconf 79' lang='lat' dir='ltr'><strong>nilum</strong></span> <span class='ocrx_word' id='word_1_500' title='bbox 1221 3677 1335 3743; x_wconf 82' lang='lat' dir='ltr'><strong>produxit,</strong></span> <span class='ocrx_word' id='word_1_501' title='bbox 1350 3681 1385 3728; x_wconf 87' lang='lat' dir='ltr'><strong>cst</strong></span> <span class='ocrx_word' id='word_1_502' title='bbox 1397 3681 1475 3743; x_wconf 87' lang='lat' dir='ltr'><strong>postea</strong></span> <span class='ocrx_word' id='word_1_503' title='bbox 1488 3677 1603 3729; x_wconf 88' lang='lat' dir='ltr'><strong>ordinaret</strong></span> <span class='ocrx_word' id='word_1_504' title='bbox 1609 3677 1657 3740; x_wconf 78' lang='lat' dir='ltr'><strong>iam</strong></span> <span class='ocrx_word' id='word_1_505' title='bbox 1670 3681 1747 3730; x_wconf 84' lang='lat' dir='ltr'><strong>creata</strong></span> <span class='ocrx_word' id='word_1_506' title='bbox 1761 3678 1833 3744; x_wconf 75' lang='lat' dir='ltr'><strong>cispa</strong></span> <span class='ocrx_word' id='word_1_507' title='bbox 1844 3689 1894 3728; x_wconf 84' lang='lat' dir='ltr'><strong>con·</strong></span> <span class='ocrx_word' id='word_1_508' title='bbox 1962 3672 1963 3739; x_wconf 64' lang='grc' dir='ltr'>ζ</span> 
     </span>
     <span class='ocr_line' id='line_1_39' title="bbox 315 3747 1963 3819; baseline 0.001 -19"><span class='ocrx_word' id='word_1_509' title='bbox 315 3747 408 3800; x_wconf 81' lang='lat' dir='ltr'><strong>arideus</strong></span> <span class='ocrx_word' id='word_1_510' title='bbox 432 3747 491 3800; x_wconf 88' lang='lat' dir='ltr'><strong>banc</strong></span> <span class='ocrx_word' id='word_1_511' title='bbox 511 3747 626 3800; x_wconf 81' lang='lat' dir='ltr'><strong>uodonem</strong></span> <span class='ocrx_word' id='word_1_512' title='bbox 646 3747 711 3801; x_wconf 89' lang='lat' dir='ltr'><strong>initio</strong></span> <span class='ocrx_word' id='word_1_513' title='bbox 731 3749 844 3802; x_wconf 86' lang='lat' dir='ltr'><strong>Geneseos</strong></span> <span class='ocrx_word' id='word_1_514' title='bbox 857 3749 935 3802; x_wconf 87' lang='lat' dir='ltr'><strong>baberi</strong></span> <span class='ocrx_word' id='word_1_515' title='bbox 949 3764 1086 3817; x_wconf 81' lang='lat' dir='ltr'><strong>expressam,</strong></span> <span class='ocrx_word' id='word_1_516' title='bbox 1136 3757 1253 3816; x_wconf 68' lang='lat' dir='ltr'><strong>amenum</strong></span> <span class='ocrx_word' id='word_1_517' title='bbox 1263 3751 1619 3805; x_wconf 80' lang='lat' dir='ltr'><strong>tarettorroau.ttancvoealuli</strong></span> <span class='ocrx_word' id='word_1_518' title='bbox 1630 3751 1689 3802; x_wconf 87' lang='lat' dir='ltr'><strong>baro</strong></span> <span class='ocrx_word' id='word_1_519' title='bbox 1701 3752 1893 3819; x_wconf 79' lang='lat' dir='ltr'><strong>interpretationem</strong></span> <span class='ocrx_word' id='word_1_520' title='bbox 1962 3760 1963 3763; x_wconf 72' lang='grc'>’</span> 
     </span>
     <span class='ocr_line' id='line_1_40' title="bbox 315 3823 1963 3894; baseline -0.001 -17"><span class='ocrx_word' id='word_1_521' title='bbox 315 3823 496 3890; x_wconf 84' lang='lat' dir='ltr'><strong>rembalumque</strong></span> <span class='ocrx_word' id='word_1_522' title='bbox 510 3831 572 3882; x_wconf 64' lang='lat' dir='ltr'><strong>un:</strong></span> <span class='ocrx_word' id='word_1_523' title='bbox 589 3824 726 3875; x_wconf 87' lang='lat' dir='ltr'><strong>creationem</strong></span> <span class='ocrx_word' id='word_1_524' title='bbox 745 3824 836 3891; x_wconf 87' lang='lat' dir='ltr'><strong>pmpric</strong></span> <span class='ocrx_word' id='word_1_525' title='bbox 852 3825 935 3877; x_wconf 79' lang='lat' dir='ltr'><strong>dictatu</strong></span> <span class='ocrx_word' id='word_1_526' title='bbox 951 3826 1048 3876; x_wconf 87' lang='lat' dir='ltr'><strong>reterre.</strong></span> <span class='ocrx_word' id='word_1_527' title='bbox 1136 3827 1222 3894; x_wconf 90' lang='lat' dir='ltr'><strong>passim</strong></span> <span class='ocrx_word' id='word_1_528' title='bbox 1235 3827 1258 3879; x_wconf 91' lang='lat' dir='ltr'><strong>iu</strong></span> <span class='ocrx_word' id='word_1_529' title='bbox 1272 3832 1348 3880; x_wconf 83' lang='lat' dir='ltr'><strong>vetere</strong></span> <span class='ocrx_word' id='word_1_530' title='bbox 1370 3841 1485 3893; x_wconf 69' lang='lat' dir='ltr'><strong>synaqma</strong></span> <span class='ocrx_word' id='word_1_531' title='bbox 1511 3828 1581 3878; x_wconf 85' lang='lat' dir='ltr'><strong>luisse</strong></span> <span class='ocrx_word' id='word_1_532' title='bbox 1605 3833 1719 3894; x_wconf 88' lang='lat' dir='ltr'><strong>receptam</strong></span> <span class='ocrx_word' id='word_1_533' title='bbox 1740 3827 1826 3879; x_wconf 84' lang='lat' dir='ltr'><strong>euidens</strong></span> <span class='ocrx_word' id='word_1_534' title='bbox 1838 3828 1860 3876; x_wconf 89' lang='lat' dir='ltr'><strong>tt</strong></span> <span class='ocrx_word' id='word_1_535' title='bbox 1871 3838 1893 3875; x_wconf 85' lang='lat' dir='ltr'><strong>er</strong></span> <span class='ocrx_word' id='word_1_536' title='bbox 1962 3832 1963 3885; x_wconf 60' lang='grc' dir='ltr'>ι</span> 
     </span>
    </p>

    <p class='ocr_par' dir='ltr' id='par_1_13' title="bbox 314 3899 1963 4731">
     <span class='ocr_line' id='line_1_41' title="bbox 348 3899 1963 3967; baseline -0.001 -12"><span class='ocrx_word' id='word_1_537' title='bbox 348 3903 404 3955; x_wconf 86' lang='lat' dir='ltr'><strong>llec</strong></span> <span class='ocrx_word' id='word_1_538' title='bbox 418 3902 465 3955; x_wconf 86' lang='lat' dir='ltr'><strong>sole</strong></span> <span class='ocrx_word' id='word_1_539' title='bbox 479 3901 603 3953; x_wconf 88' lang='lat' dir='ltr'><strong>meridiano</strong></span> <span class='ocrx_word' id='word_1_540' title='bbox 617 3900 742 3953; x_wconf 75' lang='lat' dir='ltr'><strong>chuorora</strong></span> <span class='ocrx_word' id='word_1_541' title='bbox 752 3901 847 3952; x_wconf 85' lang='lat' dir='ltr'><strong>eradent</strong></span> <span class='ocrx_word' id='word_1_542' title='bbox 868 3900 889 3952; x_wconf 89' lang='lat' dir='ltr'><strong>si</strong></span> <span class='ocrx_word' id='word_1_543' title='bbox 902 3899 970 3967; x_wconf 91' lang='lat' dir='ltr'><strong>paulo</strong></span> <span class='ocrx_word' id='word_1_544' title='bbox 983 3902 1088 3952; x_wconf 86' lang='lat' dir='ltr'><strong>attentius</strong></span> <span class='ocrx_word' id='word_1_545' title='bbox 1135 3901 1194 3954; x_wconf 91' lang='lat' dir='ltr'><strong>libro</strong></span> <span class='ocrx_word' id='word_1_546' title='bbox 1207 3902 1403 3955; x_wconf 82' lang='lat' dir='ltr'><strong>llacclrabeoram</strong></span> <span class='ocrx_word' id='word_1_547' title='bbox 1417 3902 1517 3954; x_wconf 78' lang='lat' dir='ltr'><strong>smuudo</strong></span> <span class='ocrx_word' id='word_1_548' title='bbox 1538 3900 1578 3953; x_wconf 88' lang='lat' dir='ltr'><strong>ubi</strong></span> <span class='ocrx_word' id='word_1_549' title='bbox 1597 3907 1669 3954; x_wconf 89' lang='lat' dir='ltr'><strong>mater</strong></span> <span class='ocrx_word' id='word_1_550' title='bbox 1686 3901 1822 3954; x_wconf 80' lang='lat' dir='ltr'><strong>admirabilis</strong></span> <span class='ocrx_word' id='word_1_551' title='bbox 1833 3900 1893 3951; x_wconf 84' lang='lat' dir='ltr'><strong>ilium</strong></span> <span class='ocrx_word' id='word_1_552' title='bbox 1962 3910 1963 3953; x_wconf 77' lang='grc' dir='ltr'>ι</span> 
     </span>
     <span class='ocr_line' id='line_1_42' title="bbox 315 3974 1963 4044; baseline -0.003 -13"><span class='ocrx_word' id='word_1_553' title='bbox 315 3978 356 4031; x_wconf 85' lang='lat' dir='ltr'><strong>uei</strong></span> <span class='ocrx_word' id='word_1_554' title='bbox 379 3979 403 4030; x_wconf 91' lang='lat' dir='ltr'><strong>io</strong></span> <span class='ocrx_word' id='word_1_555' title='bbox 422 3977 479 4031; x_wconf 90' lang='lat' dir='ltr'><strong>rubo</strong></span> <span class='ocrx_word' id='word_1_556' title='bbox 501 3977 589 4029; x_wconf 85' lang='lat' dir='ltr'><strong>ardenti</strong></span> <span class='ocrx_word' id='word_1_557' title='bbox 611 3977 741 4043; x_wconf 87' lang='lat' dir='ltr'><strong>apparentis</strong></span> <span class='ocrx_word' id='word_1_558' title='bbox 763 3976 856 4029; x_wconf 82' lang='lat' dir='ltr'><strong>historia</strong></span> <span class='ocrx_word' id='word_1_559' title='bbox 870 3977 966 4042; x_wconf 76' lang='lat' dir='ltr'><strong>leqalnr.</strong></span> <span class='ocrx_word' id='word_1_560' title='bbox 986 3977 1089 4029; x_wconf 90' lang='lat' dir='ltr'><strong>ibicuim</strong></span> <span class='ocrx_word' id='word_1_561' title='bbox 1135 3977 1253 4044; x_wconf 87' lang='lat' dir='ltr'><strong>alloquens</strong></span> <span class='ocrx_word' id='word_1_562' title='bbox 1283 3977 1333 4029; x_wconf 86' lang='lat' dir='ltr'><strong>bec</strong></span> <span class='ocrx_word' id='word_1_563' title='bbox 1360 3978 1478 4043; x_wconf 84' lang='lat' dir='ltr'><strong>exprimit:</strong></span> <span class='ocrx_word' id='word_1_564' title='bbox 1508 3996 1519 4025; x_wconf 82' lang='grc' dir='ltr'>ι</span> <span class='ocrx_word' id='word_1_565' title='bbox 1547 3977 1613 4039; x_wconf 87' lang='lat' dir='ltr'><strong>Peto,</strong></span> <span class='ocrx_word' id='word_1_566' title='bbox 1640 3980 1701 4041; x_wconf 85' lang='lat' dir='ltr'><strong>nate,</strong></span> <span class='ocrx_word' id='word_1_567' title='bbox 1724 3982 1750 4029; x_wconf 91' lang='lat' dir='ltr'><strong>ut</strong></span> <span class='ocrx_word' id='word_1_568' title='bbox 1766 3974 1893 4043; x_wconf 72' lang='lat' dir='ltr'><strong>amictum</strong></span> <span class='ocrx_word' id='word_1_569' title='bbox 1962 3986 1963 4043; x_wconf 66' lang='lat' dir='ltr'><strong>t</strong></span> 
     </span>
     <span class='ocr_line' id='line_1_43' title="bbox 314 4050 1893 4120; baseline -0.003 -14"><span class='ocrx_word' id='word_1_570' title='bbox 314 4055 404 4120; x_wconf 74' lang='lat' dir='ltr'><strong>llorses</strong></span> <span class='ocrx_word' id='word_1_571' title='bbox 421 4052 511 4106; x_wconf 85' lang='lat' dir='ltr'><strong>Judaici</strong></span> <span class='ocrx_word' id='word_1_572' title='bbox 523 4051 602 4119; x_wconf 90' lang='lat' dir='ltr'><strong>populi</strong></span> <span class='ocrx_word' id='word_1_573' title='bbox 615 4052 726 4104; x_wconf 73' lang='lat' dir='ltr'><strong>morandi</strong></span> <span class='ocrx_word' id='word_1_574' title='bbox 739 4052 876 4118; x_wconf 67' lang='lat' dir='ltr'><strong>regendique</strong></span> <span class='ocrx_word' id='word_1_575' title='bbox 885 4066 968 4104; x_wconf 86' lang='lat' dir='ltr'><strong>munus</strong></span> <span class='ocrx_word' id='word_1_576' title='bbox 980 4066 1088 4120; x_wconf 89' lang='lat' dir='ltr'><strong>assump-</strong></span> <span class='ocrx_word' id='word_1_577' title='bbox 1136 4053 1219 4107; x_wconf 82' lang='lat' dir='ltr'><strong>celum</strong></span> <span class='ocrx_word' id='word_1_578' title='bbox 1235 4056 1259 4104; x_wconf 89' lang='lat' dir='ltr'><strong>ct</strong></span> <span class='ocrx_word' id='word_1_579' title='bbox 1273 4057 1356 4104; x_wconf 87' lang='lat' dir='ltr'><strong>terram</strong></span> <span class='ocrx_word' id='word_1_580' title='bbox 1370 4057 1391 4105; x_wconf 87' lang='lat' dir='ltr'><strong>et</strong></span> <span class='ocrx_word' id='word_1_581' title='bbox 1406 4053 1435 4104; x_wconf 87' lang='lat' dir='ltr'><strong>ad</strong></span> <span class='ocrx_word' id='word_1_582' title='bbox 1450 4053 1527 4105; x_wconf 90' lang='lat' dir='ltr'><strong>omnia</strong></span> <span class='ocrx_word' id='word_1_583' title='bbox 1542 4066 1594 4119; x_wconf 85' lang='lat' dir='ltr'><strong>qua</strong></span> <span class='ocrx_word' id='word_1_584' title='bbox 1608 4053 1632 4104; x_wconf 91' lang='lat' dir='ltr'><strong>iu</strong></span> <span class='ocrx_word' id='word_1_585' title='bbox 1646 4053 1679 4104; x_wconf 87' lang='lat' dir='ltr'><strong>als</strong></span> <span class='ocrx_word' id='word_1_586' title='bbox 1696 4057 1750 4105; x_wconf 88' lang='lat' dir='ltr'><strong>sunt</strong></span> <span class='ocrx_word' id='word_1_587' title='bbox 1762 4057 1784 4105; x_wconf 89' lang='lat' dir='ltr'><strong>et</strong></span> <span class='ocrx_word' id='word_1_588' title='bbox 1795 4050 1893 4115; x_wconf 64' lang='lat' dir='ltr'><strong>intelligar</strong></span> 
     </span>
     <span class='ocr_line' id='line_1_44' title="bbox 316 4127 1963 4195; baseline -0.004 -13"><span class='ocrx_word' id='word_1_589' title='bbox 316 4135 380 4181; x_wconf 86' lang='lat' dir='ltr'><strong>torus</strong></span> <span class='ocrx_word' id='word_1_590' title='bbox 392 4143 406 4182; x_wconf 84' lang='lat' dir='ltr'><strong>a</strong></span> <span class='ocrx_word' id='word_1_591' title='bbox 418 4128 467 4181; x_wconf 84' lang='lat' dir='ltr'><strong>lico</strong></span> <span class='ocrx_word' id='word_1_592' title='bbox 483 4129 534 4195; x_wconf 89' lang='lat' dir='ltr'><strong>ipso</strong></span> <span class='ocrx_word' id='word_1_593' title='bbox 549 4140 633 4180; x_wconf 89' lang='lat' dir='ltr'><strong>nomen</strong></span> <span class='ocrx_word' id='word_1_594' title='bbox 651 4127 691 4179; x_wconf 85' lang='lat' dir='ltr'><strong>liei</strong></span> <span class='ocrx_word' id='word_1_595' title='bbox 717 4128 818 4195; x_wconf 86' lang='lat' dir='ltr'><strong>roprium</strong></span> <span class='ocrx_word' id='word_1_596' title='bbox 833 4128 951 4190; x_wconf 88' lang='lat' dir='ltr'><strong>edocetur,</strong></span> <span class='ocrx_word' id='word_1_597' title='bbox 965 4127 1025 4194; x_wconf 89' lang='lat' dir='ltr'><strong>qued</strong></span> <span class='ocrx_word' id='word_1_598' title='bbox 1043 4141 1089 4180; x_wconf 91' lang='lat' dir='ltr'><strong>oon</strong></span> <span class='ocrx_word' id='word_1_599' title='bbox 1137 4129 1191 4194; x_wconf 85' lang='lat' dir='ltr'><strong>quia</strong></span> <span class='ocrx_word' id='word_1_600' title='bbox 1203 4143 1236 4179; x_wconf 81' lang='lat' dir='ltr'><strong>ee</strong></span> <span class='ocrx_word' id='word_1_601' title='bbox 1249 4129 1328 4179; x_wconf 85' lang='lat' dir='ltr'><strong>uililo</strong></span> <span class='ocrx_word' id='word_1_602' title='bbox 1342 4129 1400 4193; x_wconf 72' lang='lat' dir='ltr'><strong>[ecit</strong></span> <span class='ocrx_word' id='word_1_603' title='bbox 1415 4128 1460 4180; x_wconf 84' lang='lat' dir='ltr'><strong>illc</strong></span> <span class='ocrx_word' id='word_1_604' title='bbox 1473 4129 1548 4180; x_wconf 83' lang='lat' dir='ltr'><strong>Deae.</strong></span> <span class='ocrx_word' id='word_1_605' title='bbox 1570 4146 1580 4175; x_wconf 75' lang='grc' dir='ltr'>ι</span> <span class='ocrx_word' id='word_1_606' title='bbox 1962 4130 1963 4157; x_wconf 74' lang='lat'><em>³</em></span> 
     </span>
     <span class='ocr_line' id='line_1_45' title="bbox 315 4143 733 4270; baseline -0.007 -13"><span class='ocrx_word' id='word_1_607' title='bbox 315 4209 352 4257; x_wconf 84' lang='lat' dir='ltr'><strong>est</strong></span> <span class='ocrx_word' id='word_1_608' title='bbox 363 4205 426 4256; x_wconf 84' lang='lat' dir='ltr'><strong>abad</strong></span> <span class='ocrx_word' id='word_1_609' title='bbox 439 4218 506 4270; x_wconf 85' lang='lat' dir='ltr'><strong>quam</strong></span> <span class='ocrx_word' id='word_1_610' title='bbox 519 4210 585 4261; x_wconf 75' lang='lat' dir='ltr'><strong>ntur</strong></span> <span class='ocrx_word' id='word_1_611' title='bbox 598 4143 733 4256; x_wconf 59' lang='lat' dir='ltr'><strong>lebooc.¹il</strong></span> 
     </span>
     <span class='ocr_line' id='line_1_46' title="bbox 316 4273 1963 4349; baseline -0.004 -15"><span class='ocrx_word' id='word_1_612' title='bbox 316 4283 390 4334; x_wconf 88' lang='lat' dir='ltr'><strong>solum</strong></span> <span class='ocrx_word' id='word_1_613' title='bbox 403 4283 446 4347; x_wconf 81' lang='lat' dir='ltr'><strong>qui</strong></span> <span class='ocrx_word' id='word_1_614' title='bbox 458 4285 504 4345; x_wconf 86' lang='lat' dir='ltr'><strong>ert,</strong></span> <span class='ocrx_word' id='word_1_615' title='bbox 519 4282 560 4334; x_wconf 89' lang='lat' dir='ltr'><strong>sed</strong></span> <span class='ocrx_word' id='word_1_616' title='bbox 575 4281 614 4349; x_wconf 92' lang='lat' dir='ltr'><strong>qui</strong></span> <span class='ocrx_word' id='word_1_617' title='bbox 628 4286 663 4332; x_wconf 89' lang='lat' dir='ltr'><strong>est</strong></span> <span class='ocrx_word' id='word_1_618' title='bbox 676 4280 795 4332; x_wconf 83' lang='lat' dir='ltr'><strong>excellenti</strong></span> <span class='ocrx_word' id='word_1_619' title='bbox 812 4281 888 4342; x_wconf 89' lang='lat' dir='ltr'><strong>modo,</strong></span> <span class='ocrx_word' id='word_1_620' title='bbox 903 4280 942 4347; x_wconf 90' lang='lat' dir='ltr'><strong>qui</strong></span> <span class='ocrx_word' id='word_1_621' title='bbox 956 4279 1018 4332; x_wconf 77' lang='lat' dir='ltr'><strong>soluts</strong></span> <span class='ocrx_word' id='word_1_622' title='bbox 1035 4294 1050 4331; x_wconf 94' lang='lat' dir='ltr'><strong>a</strong></span> <span class='ocrx_word' id='word_1_623' title='bbox 1062 4292 1088 4330; x_wconf 91' lang='lat' dir='ltr'><strong>se</strong></span> <span class='ocrx_word' id='word_1_624' title='bbox 1137 4284 1226 4338; x_wconf 88' lang='lat' dir='ltr'><strong>nerent.</strong></span> <span class='ocrx_word' id='word_1_625' title='bbox 1244 4292 1323 4330; x_wconf 87' lang='lat' dir='ltr'><strong>rocem</strong></span> <span class='ocrx_word' id='word_1_626' title='bbox 1340 4279 1399 4330; x_wconf 84' lang='lat' dir='ltr'><strong>bore</strong></span> <span class='ocrx_word' id='word_1_627' title='bbox 1415 4292 1461 4329; x_wconf 92' lang='lat' dir='ltr'><strong>non</strong></span> <span class='ocrx_word' id='word_1_628' title='bbox 1475 4279 1567 4344; x_wconf 89' lang='lat' dir='ltr'><strong>proprie</strong></span> <span class='ocrx_word' id='word_1_629' title='bbox 1586 4278 1733 4341; x_wconf 87' lang='lat' dir='ltr'><strong>creationem,</strong></span> <span class='ocrx_word' id='word_1_630' title='bbox 1756 4277 1793 4330; x_wconf 89' lang='lat' dir='ltr'><strong>sad</strong></span> <span class='ocrx_word' id='word_1_631' title='bbox 1807 4273 1893 4328; x_wconf 78' lang='lat' dir='ltr'><strong>mute</strong></span> <span class='ocrx_word' id='word_1_632' title='bbox 1962 4288 1963 4291; x_wconf 72' lang='grc'>’</span> 
     </span>
     <span class='ocr_line' id='line_1_47' title="bbox 315 4349 1963 4424; baseline -0.004 -15"><span class='ocrx_word' id='word_1_633' title='bbox 315 4356 385 4410; x_wconf 88' lang='lat' dir='ltr'><strong>babet</strong></span> <span class='ocrx_word' id='word_1_634' title='bbox 405 4356 467 4419; x_wconf 78' lang='lat' dir='ltr'><strong>etse,</strong></span> <span class='ocrx_word' id='word_1_635' title='bbox 487 4357 526 4422; x_wconf 89' lang='lat' dir='ltr'><strong>qui</strong></span> <span class='ocrx_word' id='word_1_636' title='bbox 546 4357 646 4424; x_wconf 90' lang='lat' dir='ltr'><strong>potentia</strong></span> <span class='ocrx_word' id='word_1_637' title='bbox 658 4356 682 4408; x_wconf 93' lang='lat' dir='ltr'><strong>in</strong></span> <span class='ocrx_word' id='word_1_638' title='bbox 698 4370 723 4409; x_wconf 88' lang='lat' dir='ltr'><strong>se</strong></span> <span class='ocrx_word' id='word_1_639' title='bbox 737 4356 837 4409; x_wconf 79' lang='lat' dir='ltr'><strong>conduct</strong></span> <span class='ocrx_word' id='word_1_640' title='bbox 854 4369 943 4408; x_wconf 85' lang='lat' dir='ltr'><strong>omnem</strong></span> <span class='ocrx_word' id='word_1_641' title='bbox 958 4354 1088 4422; x_wconf 89' lang='lat' dir='ltr'><strong>possibilem</strong></span> <span class='ocrx_word' id='word_1_642' title='bbox 1137 4354 1300 4421; x_wconf 76' lang='lat' dir='ltr'><strong>preciisteutis</strong></span> <span class='ocrx_word' id='word_1_643' title='bbox 1324 4354 1488 4406; x_wconf 87' lang='lat' dir='ltr'><strong>ordinationem</strong></span> <span class='ocrx_word' id='word_1_644' title='bbox 1501 4353 1639 4418; x_wconf 73' lang='lat' dir='ltr'><strong>signiticare,</strong></span> <span class='ocrx_word' id='word_1_645' title='bbox 1655 4368 1725 4406; x_wconf 88' lang='lat' dir='ltr'><strong>causa</strong></span> <span class='ocrx_word' id='word_1_646' title='bbox 1742 4354 1821 4421; x_wconf 84' lang='lat' dir='ltr'><strong>pariter</strong></span> <span class='ocrx_word' id='word_1_647' title='bbox 1832 4349 1893 4403; x_wconf 87' lang='lat' dir='ltr'><strong>cadc-</strong></span> <span class='ocrx_word' id='word_1_648' title='bbox 1962 4396 1963 4413; x_wconf 21' lang='grc' dir='ltr'>ι</span> 
     </span>
     <span class='ocr_line' id='line_1_48' title="bbox 316 4429 1963 4499; baseline -0.005 -14"><span class='ocrx_word' id='word_1_649' title='bbox 316 4433 467 4495; x_wconf 73' lang='lat' dir='ltr'><strong>eusteniam,</strong></span> <span class='ocrx_word' id='word_1_650' title='bbox 481 4446 495 4483; x_wconf 90' lang='lat' dir='ltr'><strong>a</strong></span> <span class='ocrx_word' id='word_1_651' title='bbox 508 4447 553 4499; x_wconf 90' lang='lat' dir='ltr'><strong>quo</strong></span> <span class='ocrx_word' id='word_1_652' title='bbox 570 4436 653 4484; x_wconf 87' lang='lat' dir='ltr'><strong>cuncta</strong></span> <span class='ocrx_word' id='word_1_653' title='bbox 667 4431 751 4484; x_wconf 81' lang='lat' dir='ltr'><strong>babent</strong></span> <span class='ocrx_word' id='word_1_654' title='bbox 760 4441 784 4484; x_wconf 92' lang='lat' dir='ltr'><strong>ut</strong></span> <span class='ocrx_word' id='word_1_655' title='bbox 793 4432 841 4484; x_wconf 87' lang='lat' dir='ltr'><strong>sint</strong></span> <span class='ocrx_word' id='word_1_656' title='bbox 853 4432 980 4483; x_wconf 76' lang='lat' dir='ltr'><strong>volutasse</strong></span> <span class='ocrx_word' id='word_1_657' title='bbox 990 4430 1086 4497; x_wconf 79' lang='lat' dir='ltr'><strong>possint</strong></span> <span class='ocrx_word' id='word_1_658' title='bbox 1137 4437 1201 4481; x_wconf 88' lang='lat' dir='ltr'><strong>rent:</strong></span> <span class='ocrx_word' id='word_1_659' title='bbox 1212 4445 1239 4482; x_wconf 83' lang='lat' dir='ltr'><strong>er</strong></span> <span class='ocrx_word' id='word_1_660' title='bbox 1252 4429 1295 4482; x_wconf 83' lang='lat' dir='ltr'><strong>ltac</strong></span> <span class='ocrx_word' id='word_1_661' title='bbox 1309 4430 1370 4481; x_wconf 90' lang='lat' dir='ltr'><strong>enim</strong></span> <span class='ocrx_word' id='word_1_662' title='bbox 1383 4429 1472 4481; x_wconf 87' lang='lat' dir='ltr'><strong>actione</strong></span> <span class='ocrx_word' id='word_1_663' title='bbox 1488 4429 1528 4481; x_wconf 82' lang='lat' dir='ltr'><strong>lici</strong></span> <span class='ocrx_word' id='word_1_664' title='bbox 1545 4429 1569 4480; x_wconf 91' lang='lat' dir='ltr'><strong>in</strong></span> <span class='ocrx_word' id='word_1_665' title='bbox 1583 4429 1708 4490; x_wconf 72' lang='lat' dir='ltr'><strong>mauriani,</strong></span> <span class='ocrx_word' id='word_1_666' title='bbox 1732 4436 1758 4481; x_wconf 93' lang='grc' dir='ltr'><strong>ιιι</strong></span> <span class='ocrx_word' id='word_1_667' title='bbox 1778 4430 1798 4480; x_wconf 90' lang='lat' dir='ltr'><strong>ei</strong></span> <span class='ocrx_word' id='word_1_668' title='bbox 1811 4429 1892 4479; x_wconf 83' lang='lat' dir='ltr'><strong>teram</strong></span> <span class='ocrx_word' id='word_1_669' title='bbox 1962 4490 1963 4495; x_wconf 7' lang='grc' dir='ltr'>ἵ</span> 
     </span>
     <span class='ocr_line' id='line_1_49' title="bbox 316 4504 1891 4573; baseline -0.004 -12"><span class='ocrx_word' id='word_1_670' title='bbox 316 4508 477 4561; x_wconf 87' lang='lat' dir='ltr'><strong>liudecertum</strong></span> <span class='ocrx_word' id='word_1_671' title='bbox 492 4508 517 4558; x_wconf 89' lang='lat' dir='ltr'><strong>u</strong></span> <span class='ocrx_word' id='word_1_672' title='bbox 529 4507 588 4559; x_wconf 88' lang='lat' dir='ltr'><strong>banc</strong></span> <span class='ocrx_word' id='word_1_673' title='bbox 601 4508 716 4559; x_wconf 88' lang='lat' dir='ltr'><strong>notionem</strong></span> <span class='ocrx_word' id='word_1_674' title='bbox 729 4509 758 4560; x_wconf 90' lang='lat' dir='ltr'><strong>de</strong></span> <span class='ocrx_word' id='word_1_675' title='bbox 771 4507 818 4558; x_wconf 87' lang='lat' dir='ltr'><strong>lteo</strong></span> <span class='ocrx_word' id='word_1_676' title='bbox 832 4506 924 4573; x_wconf 74' lang='lat' dir='ltr'><strong>liorscn</strong></span> <span class='ocrx_word' id='word_1_677' title='bbox 938 4506 1002 4557; x_wconf 86' lang='lat' dir='ltr'><strong>initio</strong></span> <span class='ocrx_word' id='word_1_678' title='bbox 1016 4506 1088 4557; x_wconf 77' lang='lat' dir='ltr'><strong>(tene-</strong></span> <span class='ocrx_word' id='word_1_679' title='bbox 1138 4505 1252 4571; x_wconf 87' lang='lat' dir='ltr'><strong>impertiat</strong></span> <span class='ocrx_word' id='word_1_680' title='bbox 1264 4505 1378 4557; x_wconf 80' lang='lat' dir='ltr'><strong>euidenter</strong></span> <span class='ocrx_word' id='word_1_681' title='bbox 1397 4505 1499 4570; x_wconf 88' lang='lat' dir='ltr'><strong>sequitur</strong></span> <span class='ocrx_word' id='word_1_682' title='bbox 1517 4506 1634 4555; x_wconf 86' lang='lat' dir='ltr'><strong>materiam</strong></span> <span class='ocrx_word' id='word_1_683' title='bbox 1652 4504 1699 4556; x_wconf 83' lang='lat' dir='ltr'><strong>ileo</strong></span> <span class='ocrx_word' id='word_1_684' title='bbox 1712 4519 1763 4556; x_wconf 86' lang='lat' dir='ltr'><strong>erse</strong></span> <span class='ocrx_word' id='word_1_685' title='bbox 1774 4504 1891 4568; x_wconf 81' lang='lat' dir='ltr'><strong>subjectam.</strong></span> 
     </span>
     <span class='ocr_line' id='line_1_50' title="bbox 318 4575 1893 4654; baseline -0.011 -13"><span class='ocrx_word' id='word_1_686' title='bbox 318 4587 526 4654; x_wconf 83' lang='lat' dir='ltr'><strong>scoscxpressisse,</strong></span> <span class='ocrx_word' id='word_1_687' title='bbox 536 4600 579 4638; x_wconf 88' lang='lat' dir='ltr'><strong>nac</strong></span> <span class='ocrx_word' id='word_1_688' title='bbox 587 4586 608 4638; x_wconf 92' lang='lat' dir='ltr'><strong>ei</strong></span> <span class='ocrx_word' id='word_1_689' title='bbox 617 4586 733 4639; x_wconf 72' lang='lat' dir='ltr'><strong>maedam</strong></span> <span class='ocrx_word' id='word_1_690' title='bbox 743 4590 879 4638; x_wconf 79' lang='lat' dir='ltr'><strong>coeternum</strong></span> <span class='ocrx_word' id='word_1_691' title='bbox 888 4586 1001 4646; x_wconf 86' lang='lat' dir='ltr'><strong>statuisse,</strong></span> <span class='ocrx_word' id='word_1_692' title='bbox 1009 4585 1086 4650; x_wconf 91' lang='lat' dir='ltr'><strong>proin-</strong></span> <span class='ocrx_word' id='word_1_693' title='bbox 1139 4579 1184 4633; x_wconf 87' lang='lat' dir='ltr'><strong>Sed</strong></span> <span class='ocrx_word' id='word_1_694' title='bbox 1198 4580 1381 4647; x_wconf 69' lang='lat' dir='ltr'><strong>impossibilem</strong></span> <span class='ocrx_word' id='word_1_695' title='bbox 1394 4586 1419 4631; x_wconf 91' lang='lat' dir='ltr'><strong>ut</strong></span> <span class='ocrx_word' id='word_1_696' title='bbox 1432 4580 1462 4631; x_wconf 89' lang='lat' dir='ltr'><strong>sit</strong></span> <span class='ocrx_word' id='word_1_697' title='bbox 1474 4594 1488 4630; x_wconf 92' lang='lat' dir='ltr'><strong>a</strong></span> <span class='ocrx_word' id='word_1_698' title='bbox 1502 4579 1549 4631; x_wconf 86' lang='lat' dir='ltr'><strong>lieo</strong></span> <span class='ocrx_word' id='word_1_699' title='bbox 1562 4578 1700 4645; x_wconf 87' lang='lat' dir='ltr'><strong>dependens,</strong></span> <span class='ocrx_word' id='word_1_700' title='bbox 1716 4580 1736 4631; x_wconf 91' lang='lat' dir='ltr'><strong>si</strong></span> <span class='ocrx_word' id='word_1_701' title='bbox 1753 4579 1822 4631; x_wconf 83' lang='lat' dir='ltr'><strong>abeo</strong></span> <span class='ocrx_word' id='word_1_702' title='bbox 1837 4575 1893 4627; x_wconf 85' lang='lat' dir='ltr'><strong>utsii</strong></span> 
     </span>
     <span class='ocr_line' id='line_1_51' title="bbox 317 4653 1963 4731; baseline -0.01 -14"><span class='ocrx_word' id='word_1_703' title='bbox 317 4661 537 4729; x_wconf 81' lang='lat' dir='ltr'><strong>dequeuoeabulum</strong></span> <span class='ocrx_word' id='word_1_704' title='bbox 551 4661 610 4712; x_wconf 83' lang='lat' dir='ltr'><strong>loro</strong></span> <span class='ocrx_word' id='word_1_705' title='bbox 624 4662 761 4714; x_wconf 87' lang='lat' dir='ltr'><strong>creationem</strong></span> <span class='ocrx_word' id='word_1_706' title='bbox 779 4661 870 4726; x_wconf 90' lang='lat' dir='ltr'><strong>proprie</strong></span> <span class='ocrx_word' id='word_1_707' title='bbox 883 4660 967 4711; x_wconf 89' lang='lat' dir='ltr'><strong>dictam</strong></span> <span class='ocrx_word' id='word_1_708' title='bbox 990 4660 1084 4711; x_wconf 83' lang='lat' dir='ltr'><strong>reterre</strong></span> <span class='ocrx_word' id='word_1_709' title='bbox 1138 4669 1183 4707; x_wconf 88' lang='lat' dir='ltr'><strong>nou</strong></span> <span class='ocrx_word' id='word_1_710' title='bbox 1210 4656 1332 4722; x_wconf 86' lang='lat' dir='ltr'><strong>acceperit.</strong></span> <span class='ocrx_word' id='word_1_711' title='bbox 1361 4655 1387 4707; x_wconf 91' lang='lat' dir='ltr'><strong>Si</strong></span> <span class='ocrx_word' id='word_1_712' title='bbox 1405 4653 1664 4731; x_wconf 68' lang='lat' dir='ltr'><strong>iucrmtqstppoaitur,</strong></span> <span class='ocrx_word' id='word_1_713' title='bbox 1678 4654 1892 4707; x_wconf 70' lang='lat' dir='ltr'><strong>babucmearaet</strong></span> <span class='ocrx_word' id='word_1_714' title='bbox 1962 4698 1963 4701; x_wconf 74' lang='grc'>,</span> 
     </span>
    </p>

    <p class='ocr_par' dir='ltr' id='par_1_14' title="bbox 317 4728 1963 5415">
     <span class='ocr_line' id='line_1_52' title="bbox 350 4728 1963 4801; baseline -0.009 -10"><span class='ocrx_word' id='word_1_715' title='bbox 350 4739 402 4791; x_wconf 86' lang='lat' dir='ltr'><strong>Nou</strong></span> <span class='ocrx_word' id='word_1_716' title='bbox 414 4738 496 4790; x_wconf 84' lang='lat' dir='ltr'><strong>desum</strong></span> <span class='ocrx_word' id='word_1_717' title='bbox 511 4736 656 4789; x_wconf 87' lang='lat' dir='ltr'><strong>eruditissimi</strong></span> <span class='ocrx_word' id='word_1_718' title='bbox 670 4750 743 4789; x_wconf 82' lang='lat' dir='ltr'><strong>sacre</strong></span> <span class='ocrx_word' id='word_1_719' title='bbox 756 4734 881 4801; x_wconf 85' lang='lat' dir='ltr'><strong>Scriptura</strong></span> <span class='ocrx_word' id='word_1_720' title='bbox 895 4739 1036 4786; x_wconf 82' lang='lat' dir='ltr'><strong>coamatores</strong></span> <span class='ocrx_word' id='word_1_721' title='bbox 1048 4734 1087 4801; x_wconf 87' lang='lat' dir='ltr'><strong>qui</strong></span> <span class='ocrx_word' id='word_1_722' title='bbox 1137 4730 1339 4797; x_wconf 85' lang='lat' dir='ltr'><strong>independeutrra</strong></span> <span class='ocrx_word' id='word_1_723' title='bbox 1361 4730 1520 4797; x_wconf 82' lang='lat' dir='ltr'><strong>qualicumque</strong></span> <span class='ocrx_word' id='word_1_724' title='bbox 1540 4744 1620 4792; x_wconf 78' lang='lat' dir='ltr'><strong>musa,</strong></span> <span class='ocrx_word' id='word_1_725' title='bbox 1635 4729 1704 4782; x_wconf 85' lang='lat' dir='ltr'><strong>babet</strong></span> <span class='ocrx_word' id='word_1_726' title='bbox 1719 4745 1783 4797; x_wconf 85' lang='lat' dir='ltr'><strong>aque</strong></span> <span class='ocrx_word' id='word_1_727' title='bbox 1794 4728 1890 4794; x_wconf 74' lang='lat' dir='ltr'><strong>iodapm</strong></span> <span class='ocrx_word' id='word_1_728' title='bbox 1962 4772 1963 4775; x_wconf 73' lang='grc'>,</span> 
     </span>
     <span class='ocr_line' id='line_1_53' title="bbox 318 4805 1889 4884; baseline -0.009 -17"><span class='ocrx_word' id='word_1_729' title='bbox 318 4816 414 4884; x_wconf 84' lang='lat' dir='ltr'><strong>primam</strong></span> <span class='ocrx_word' id='word_1_730' title='bbox 426 4827 506 4866; x_wconf 89' lang='lat' dir='ltr'><strong>rocem</strong></span> <span class='ocrx_word' id='word_1_731' title='bbox 523 4812 648 4877; x_wconf 60' lang='lat' dir='ltr'><strong>mouens,</strong></span> <span class='ocrx_word' id='word_1_732' title='bbox 671 4819 798 4871; x_wconf 68' lang='lat' dir='ltr'><strong>nerum:</strong></span> <span class='ocrx_word' id='word_1_733' title='bbox 817 4809 915 4862; x_wconf 78' lang='lat' dir='ltr'><strong>berum</strong></span> <span class='ocrx_word' id='word_1_734' title='bbox 943 4810 972 4862; x_wconf 90' lang='lat' dir='ltr'><strong>da</strong></span> <span class='ocrx_word' id='word_1_735' title='bbox 989 4811 1088 4862; x_wconf 89' lang='lat' dir='ltr'><strong>secunda</strong></span> <span class='ocrx_word' id='word_1_736' title='bbox 1136 4807 1215 4860; x_wconf 77' lang='lat' dir='ltr'><strong>doctu</strong></span> <span class='ocrx_word' id='word_1_737' title='bbox 1231 4806 1328 4859; x_wconf 82' lang='lat' dir='ltr'><strong>formam</strong></span> <span class='ocrx_word' id='word_1_738' title='bbox 1341 4820 1415 4868; x_wconf 87' lang='lat' dir='ltr'><strong>suam,</strong></span> <span class='ocrx_word' id='word_1_739' title='bbox 1436 4820 1487 4856; x_wconf 88' lang='lat' dir='ltr'><strong>narn</strong></span> <span class='ocrx_word' id='word_1_740' title='bbox 1508 4805 1595 4856; x_wconf 82' lang='lat' dir='ltr'><strong>medua</strong></span> <span class='ocrx_word' id='word_1_741' title='bbox 1614 4806 1710 4857; x_wconf 71' lang='lat' dir='ltr'><strong>esteroi</strong></span> <span class='ocrx_word' id='word_1_742' title='bbox 1722 4807 1889 4873; x_wconf 74' lang='grc' dir='ltr'>ιιφιιιιιιιιιο.</span> 
     </span>
     <span class='ocr_line' id='line_1_54' title="bbox 317 4879 1890 4959; baseline -0.011 -12"><span class='ocrx_word' id='word_1_743' title='bbox 317 4893 434 4947; x_wconf 77' lang='lat' dir='ltr'><strong>¹l&#39;riuitatis</strong></span> <span class='ocrx_word' id='word_1_744' title='bbox 446 4906 552 4959; x_wconf 84' lang='lat' dir='ltr'><strong>persona,</strong></span> <span class='ocrx_word' id='word_1_745' title='bbox 576 4891 665 4944; x_wconf 84' lang='lat' dir='ltr'><strong>scilicet</strong></span> <span class='ocrx_word' id='word_1_746' title='bbox 685 4892 726 4944; x_wconf 84' lang='lat' dir='ltr'><strong>liei</strong></span> <span class='ocrx_word' id='word_1_747' title='bbox 744 4888 823 4951; x_wconf 83' lang='lat' dir='ltr'><strong>verbo,</strong></span> <span class='ocrx_word' id='word_1_748' title='bbox 845 4885 1013 4951; x_wconf 76' lang='lat' dir='ltr'><strong>intelligendam</strong></span> <span class='ocrx_word' id='word_1_749' title='bbox 1029 4899 1087 4936; x_wconf 91' lang='lat' dir='ltr'><strong>cen-</strong></span> <span class='ocrx_word' id='word_1_750' title='bbox 1137 4883 1198 4947; x_wconf 73' lang='lat' dir='ltr'><strong>Ergo</strong></span> <span class='ocrx_word' id='word_1_751' title='bbox 1224 4897 1252 4934; x_wconf 81' lang='lat' dir='ltr'><strong>er</strong></span> <span class='ocrx_word' id='word_1_752' title='bbox 1267 4896 1295 4935; x_wconf 90' lang='lat' dir='ltr'><strong>eo</strong></span> <span class='ocrx_word' id='word_1_753' title='bbox 1323 4881 1383 4948; x_wconf 90' lang='lat' dir='ltr'><strong>quod</strong></span> <span class='ocrx_word' id='word_1_754' title='bbox 1409 4879 1540 4933; x_wconf 86' lang='lat' dir='ltr'><strong>conceditur</strong></span> <span class='ocrx_word' id='word_1_755' title='bbox 1565 4879 1637 4932; x_wconf 82' lang='lat' dir='ltr'><strong>licum</strong></span> <span class='ocrx_word' id='word_1_756' title='bbox 1654 4880 1770 4933; x_wconf 75' lang='lat' dir='ltr'><strong>mauriaco</strong></span> <span class='ocrx_word' id='word_1_757' title='bbox 1790 4879 1890 4933; x_wconf 76' lang='lat' dir='ltr'><strong>ommam</strong></span> 
     </span>
     <span class='ocr_line' id='line_1_55' title="bbox 318 4954 1887 5035; baseline -0.01 -13"><span class='ocrx_word' id='word_1_758' title='bbox 318 4973 398 5022; x_wconf 74' lang='lat' dir='ltr'><strong>maol:</strong></span> <span class='ocrx_word' id='word_1_759' title='bbox 413 4968 460 5023; x_wconf 85' lang='lat' dir='ltr'><strong>Sed</strong></span> <span class='ocrx_word' id='word_1_760' title='bbox 473 4967 560 5020; x_wconf 81' lang='lat' dir='ltr'><strong>adonai</strong></span> <span class='ocrx_word' id='word_1_761' title='bbox 575 4967 626 5022; x_wconf 86' lang='lat' dir='ltr'><strong>lae</strong></span> <span class='ocrx_word' id='word_1_762' title='bbox 642 4967 762 5035; x_wconf 82' lang='lat' dir='ltr'><strong>expositio,</strong></span> <span class='ocrx_word' id='word_1_763' title='bbox 772 4980 822 5032; x_wconf 84' lang='lat' dir='ltr'><strong>que</strong></span> <span class='ocrx_word' id='word_1_764' title='bbox 831 4978 876 5017; x_wconf 93' lang='lat' dir='ltr'><strong>non</strong></span> <span class='ocrx_word' id='word_1_765' title='bbox 890 4961 1022 5029; x_wconf 87' lang='lat' dir='ltr'><strong>spernendis</strong></span> <span class='ocrx_word' id='word_1_766' title='bbox 1035 4975 1086 5012; x_wconf 89' lang='lat' dir='ltr'><strong>eru·</strong></span> <span class='ocrx_word' id='word_1_767' title='bbox 1137 4959 1250 5012; x_wconf 80' lang='lat' dir='ltr'><strong>audenter</strong></span> <span class='ocrx_word' id='word_1_768' title='bbox 1259 4957 1374 5022; x_wconf 72' lang='lat' dir='ltr'><strong>colligitur</strong></span> <span class='ocrx_word' id='word_1_769' title='bbox 1390 4956 1453 5008; x_wconf 82' lang='lat' dir='ltr'><strong>ibam</strong></span> <span class='ocrx_word' id='word_1_770' title='bbox 1467 4970 1480 5007; x_wconf 92' lang='lat' dir='ltr'><strong>e</strong></span> <span class='ocrx_word' id='word_1_771' title='bbox 1494 4955 1565 5007; x_wconf 84' lang='lat' dir='ltr'><strong>nilrilo</strong></span> <span class='ocrx_word' id='word_1_772' title='bbox 1578 4955 1690 5007; x_wconf 72' lang='lat' dir='ltr'><strong>maresc.</strong></span> <span class='ocrx_word' id='word_1_773' title='bbox 1707 4957 1756 5010; x_wconf 86' lang='lat' dir='ltr'><strong>iloc</strong></span> <span class='ocrx_word' id='word_1_774' title='bbox 1766 4954 1837 5009; x_wconf 83' lang='lat' dir='ltr'><strong>baberi</strong></span> <span class='ocrx_word' id='word_1_775' title='bbox 1852 4965 1887 5019; x_wconf 84' lang='lat' dir='ltr'><strong>pt·</strong></span> 
     </span>
     <span class='ocr_line' id='line_1_56' title="bbox 318 5028 1890 5110; baseline -0.01 -13"><span class='ocrx_word' id='word_1_776' title='bbox 318 5046 417 5098; x_wconf 67' lang='lat' dir='ltr'><strong>dierum</strong></span> <span class='ocrx_word' id='word_1_777' title='bbox 444 5044 543 5096; x_wconf 71' lang='lat' dir='ltr'><strong>reorum</strong></span> <span class='ocrx_word' id='word_1_778' title='bbox 566 5043 692 5110; x_wconf 75' lang='lat' dir='ltr'><strong>velerimue</strong></span> <span class='ocrx_word' id='word_1_779' title='bbox 717 5055 837 5109; x_wconf 66' lang='lat' dir='ltr'><strong>spumare</strong></span> <span class='ocrx_word' id='word_1_780' title='bbox 864 5036 998 5091; x_wconf 87' lang='lat' dir='ltr'><strong>testimoniis</strong></span> <span class='ocrx_word' id='word_1_781' title='bbox 1019 5051 1087 5089; x_wconf 92' lang='lat' dir='ltr'><strong>com-</strong></span> <span class='ocrx_word' id='word_1_782' title='bbox 1135 5036 1232 5095; x_wconf 88' lang='lat' dir='ltr'><strong>test‚ait</strong></span> <span class='ocrx_word' id='word_1_783' title='bbox 1253 5033 1362 5085; x_wconf 86' lang='lat' dir='ltr'><strong>Nicotaus</strong></span> <span class='ocrx_word' id='word_1_784' title='bbox 1378 5031 1466 5100; x_wconf 78' lang='lat' dir='ltr'><strong>(eudes</strong></span> <span class='ocrx_word' id='word_1_785' title='bbox 1484 5030 1669 5098; x_wconf 73' lang='lat' dir='ltr'><strong>philosophique</strong></span> <span class='ocrx_word' id='word_1_786' title='bbox 1687 5045 1727 5083; x_wconf 89' lang='lat' dir='ltr'><strong>sur</strong></span> <span class='ocrx_word' id='word_1_787' title='bbox 1744 5032 1766 5084; x_wconf 90' lang='lat' dir='ltr'><strong>le</strong></span> <span class='ocrx_word' id='word_1_788' title='bbox 1788 5028 1890 5086; x_wconf 72' lang='lat' dir='ltr'><strong>(liutic-</strong></span> 
     </span>
     <span class='ocr_line' id='line_1_57' title="bbox 319 5102 1887 5181; baseline -0.008 -8"><span class='ocrx_word' id='word_1_789' title='bbox 319 5120 446 5181; x_wconf 73' lang='lat' dir='ltr'><strong>mundatur,</strong></span> <span class='ocrx_word' id='word_1_790' title='bbox 477 5119 640 5180; x_wconf 89' lang='lat' dir='ltr'><strong>admitteretur,</strong></span> <span class='ocrx_word' id='word_1_791' title='bbox 667 5118 755 5170; x_wconf 83' lang='lat' dir='ltr'><strong>nulum</strong></span> <span class='ocrx_word' id='word_1_792' title='bbox 785 5116 837 5168; x_wconf 87' lang='lat' dir='ltr'><strong>inde</strong></span> <span class='ocrx_word' id='word_1_793' title='bbox 850 5114 1007 5167; x_wconf 86' lang='lat' dir='ltr'><strong>detrimentum</strong></span> <span class='ocrx_word' id='word_1_794' title='bbox 1028 5126 1088 5163; x_wconf 83' lang='lat' dir='ltr'><strong>rere</strong></span> <span class='ocrx_word' id='word_1_795' title='bbox 1136 5108 1224 5173; x_wconf 73' lang='lat' dir='ltr'><strong>nunu)</strong></span> <span class='ocrx_word' id='word_1_796' title='bbox 1251 5114 1276 5160; x_wconf 92' lang='grc' dir='ltr'><strong>ιιι</strong></span> <span class='ocrx_word' id='word_1_797' title='bbox 1297 5106 1455 5161; x_wconf 85' lang='lat' dir='ltr'><strong>mathematica</strong></span> <span class='ocrx_word' id='word_1_798' title='bbox 1477 5107 1598 5158; x_wconf 75' lang='lat' dir='ltr'><strong>arrabonis</strong></span> <span class='ocrx_word' id='word_1_799' title='bbox 1628 5105 1792 5160; x_wconf 84' lang='lat' dir='ltr'><strong>demonstratio.</strong></span> <span class='ocrx_word' id='word_1_800' title='bbox 1815 5102 1887 5155; x_wconf 72' lang='lat' dir='ltr'><strong>altili</strong></span> 
     </span>
     <span class='ocr_line' id='line_1_58' title="bbox 318 5178 1884 5258; baseline -0.008 -10"><span class='ocrx_word' id='word_1_801' title='bbox 318 5195 423 5249; x_wconf 83' lang='lat' dir='ltr'><strong>vocabuli</strong></span> <span class='ocrx_word' id='word_1_802' title='bbox 449 5195 509 5246; x_wconf 83' lang='lat' dir='ltr'><strong>toro</strong></span> <span class='ocrx_word' id='word_1_803' title='bbox 529 5192 689 5258; x_wconf 74' lang='lat' dir='ltr'><strong>riquilcationi</strong></span> <span class='ocrx_word' id='word_1_804' title='bbox 710 5192 811 5247; x_wconf 86' lang='lat' dir='ltr'><strong>accedet.</strong></span> <span class='ocrx_word' id='word_1_805' title='bbox 826 5191 874 5243; x_wconf 84' lang='lat' dir='ltr'><strong>Nec</strong></span> <span class='ocrx_word' id='word_1_806' title='bbox 887 5189 996 5241; x_wconf 73' lang='lat' dir='ltr'><strong>mserum</strong></span> <span class='ocrx_word' id='word_1_807' title='bbox 1016 5186 1087 5239; x_wconf 80' lang='lat' dir='ltr'><strong>rideri</strong></span> <span class='ocrx_word' id='word_1_808' title='bbox 1136 5185 1237 5242; x_wconf 79' lang='lat' dir='ltr'><strong>iuberet.</strong></span> <span class='ocrx_word' id='word_1_809' title='bbox 1266 5185 1299 5235; x_wconf 88' lang='lat' dir='ltr'><strong>ait</strong></span> <span class='ocrx_word' id='word_1_810' title='bbox 1321 5196 1381 5234; x_wconf 91' lang='lat' dir='ltr'><strong>unus</strong></span> <span class='ocrx_word' id='word_1_811' title='bbox 1396 5195 1409 5233; x_wconf 91' lang='lat' dir='ltr'><strong>o</strong></span> <span class='ocrx_word' id='word_1_812' title='bbox 1424 5181 1537 5234; x_wconf 88' lang='lat' dir='ltr'><strong>modernis</strong></span> <span class='ocrx_word' id='word_1_813' title='bbox 1555 5181 1710 5245; x_wconf 85' lang='lat' dir='ltr'><strong>rationalistis,</strong></span> <span class='ocrx_word' id='word_1_814' title='bbox 1729 5183 1757 5235; x_wconf 84' lang='lat' dir='ltr'><strong>li.</strong></span> <span class='ocrx_word' id='word_1_815' title='bbox 1774 5178 1884 5236; x_wconf 69' lang='grc' dir='ltr'>Βιιιιιιὶι</span> 
     </span>
     <span class='ocr_line' id='line_1_59' title="bbox 318 5256 1963 5340; baseline -0.008 -16"><span class='ocrx_word' id='word_1_816' title='bbox 318 5272 402 5340; x_wconf 88' lang='lat' dir='ltr'><strong>poterit</strong></span> <span class='ocrx_word' id='word_1_817' title='bbox 413 5275 529 5324; x_wconf 90' lang='lat' dir='ltr'><strong>auctorem</strong></span> <span class='ocrx_word' id='word_1_818' title='bbox 542 5282 640 5328; x_wconf 86' lang='lat' dir='ltr'><strong>sacurm,</strong></span> <span class='ocrx_word' id='word_1_819' title='bbox 656 5269 777 5321; x_wconf 78' lang='lat' dir='ltr'><strong>initiorum</strong></span> <span class='ocrx_word' id='word_1_820' title='bbox 785 5266 920 5319; x_wconf 75' lang='grc' dir='ltr'>ιιιιιιιὶοιιιι</span> <span class='ocrx_word' id='word_1_821' title='bbox 933 5263 1088 5316; x_wconf 83' lang='lat' dir='ltr'><strong>subindicasse</strong></span> <span class='ocrx_word' id='word_1_822' title='bbox 1136 5262 1172 5313; x_wconf 92' lang='lat' dir='ltr'><strong>cui</strong></span> <span class='ocrx_word' id='word_1_823' title='bbox 1199 5261 1222 5312; x_wconf 89' lang='lat' dir='ltr'><strong>iu</strong></span> <span class='ocrx_word' id='word_1_824' title='bbox 1233 5265 1333 5311; x_wconf 84' lang='lat' dir='ltr'><strong>extremo</strong></span> <span class='ocrx_word' id='word_1_825' title='bbox 1349 5258 1400 5310; x_wconf 78' lang='lat' dir='ltr'><strong>rite</strong></span> <span class='ocrx_word' id='word_1_826' title='bbox 1418 5272 1496 5319; x_wconf 85' lang='lat' dir='ltr'><strong>cursu,</strong></span> <span class='ocrx_word' id='word_1_827' title='bbox 1520 5256 1597 5308; x_wconf 86' lang='lat' dir='ltr'><strong>radius</strong></span> <span class='ocrx_word' id='word_1_828' title='bbox 1611 5258 1712 5310; x_wconf 78' lang='lat' dir='ltr'><strong>ranulis</strong></span> <span class='ocrx_word' id='word_1_829' title='bbox 1724 5258 1801 5320; x_wconf 82' lang='lat' dir='ltr'><strong>illuxit,</strong></span> <span class='ocrx_word' id='word_1_830' title='bbox 1818 5265 1886 5308; x_wconf 78' lang='lat' dir='ltr'><strong>matut</strong></span> <span class='ocrx_word' id='word_1_831' title='bbox 1962 5258 1963 5311; x_wconf 73' lang='lat' dir='ltr'><strong>f</strong></span> 
     </span>
     <span class='ocr_line' id='line_1_60' title="bbox 318 5334 1963 5415; baseline -0.012 -15"><span class='ocrx_word' id='word_1_832' title='bbox 318 5348 379 5414; x_wconf 88' lang='lat' dir='ltr'><strong>qaod</strong></span> <span class='ocrx_word' id='word_1_833' title='bbox 407 5352 485 5415; x_wconf 86' lang='lat' dir='ltr'><strong>postca</strong></span> <span class='ocrx_word' id='word_1_834' title='bbox 510 5345 568 5398; x_wconf 80' lang='lat' dir='ltr'><strong>alm</strong></span> <span class='ocrx_word' id='word_1_835' title='bbox 594 5350 682 5406; x_wconf 76' lang='lat' dir='ltr'><strong>aanor,</strong></span> <span class='ocrx_word' id='word_1_836' title='bbox 706 5345 785 5397; x_wconf 88' lang='lat' dir='ltr'><strong>codem</strong></span> <span class='ocrx_word' id='word_1_837' title='bbox 800 5339 985 5407; x_wconf 83' lang='lat' dir='ltr'><strong>atlatuaSpirltu</strong></span> <span class='ocrx_word' id='word_1_838' title='bbox 1003 5338 1087 5391; x_wconf 87' lang='lat' dir='ltr'><strong>clarim</strong></span> <span class='ocrx_word' id='word_1_839' title='bbox 1135 5335 1288 5400; x_wconf 72' lang='lat' dir='ltr'><strong>intelligentiae</strong></span> <span class='ocrx_word' id='word_1_840' title='bbox 1301 5334 1495 5397; x_wconf 84' lang='lat' dir='ltr'><strong>coordinotricir,</strong></span> <span class='ocrx_word' id='word_1_841' title='bbox 1510 5346 1577 5398; x_wconf 89' lang='lat' dir='ltr'><strong>quam</strong></span> <span class='ocrx_word' id='word_1_842' title='bbox 1591 5346 1637 5384; x_wconf 86' lang='lat' dir='ltr'><strong>aco</strong></span> <span class='ocrx_word' id='word_1_843' title='bbox 1656 5334 1729 5387; x_wconf 85' lang='lat' dir='ltr'><strong>audeo</strong></span> <span class='ocrx_word' id='word_1_844' title='bbox 1745 5345 1820 5386; x_wconf 86' lang='lat' dir='ltr'><strong>rorare</strong></span> <span class='ocrx_word' id='word_1_845' title='bbox 1831 5341 1885 5382; x_wconf 78' lang='lat' dir='ltr'><strong>cru·</strong></span> <span class='ocrx_word' id='word_1_846' title='bbox 1962 5376 1963 5381; x_wconf 73' lang='grc'>,</span> 
     </span>
    </p>
   </div>
   <div class='ocr_carea' id='block_1_11' title="bbox 320 5403 1963 5491">
    <p class='ocr_par' dir='ltr' id='par_1_15' title="bbox 320 5403 1963 5491">
     <span class='ocr_line' id='line_1_61' title="bbox 320 5403 1963 5491; baseline -0.012 -15"><span class='ocrx_word' id='word_1_847' title='bbox 320 5422 562 5491; x_wconf 77' lang='lat' dir='ltr'><strong>expresseritellcans:</strong></span> <span class='ocrx_word' id='word_1_848' title='bbox 582 5412 720 5474; x_wconf 67' lang='lat' dir='ltr'><strong>:bonnus</strong></span> <span class='ocrx_word' id='word_1_849' title='bbox 731 5417 888 5488; x_wconf 79' lang='lat' dir='ltr'><strong>sapientialid</strong></span> <span class='ocrx_word' id='word_1_850' title='bbox 901 5422 936 5470; x_wconf 84' lang='lat' dir='ltr'><strong>est</strong></span> <span class='ocrx_word' id='word_1_851' title='bbox 950 5413 1018 5469; x_wconf 87' lang='lat' dir='ltr'><strong>rerba</strong></span> <span class='ocrx_word' id='word_1_852' title='bbox 1033 5412 1086 5481; x_wconf 75' lang='lat' dir='ltr'><strong>ruo)</strong></span> <span class='ocrx_word' id='word_1_853' title='bbox 1135 5411 1224 5476; x_wconf 79' lang='lat' dir='ltr'><strong>turem,</strong></span> <span class='ocrx_word' id='word_1_854' title='bbox 1239 5411 1341 5477; x_wconf 84' lang='lat' dir='ltr'><strong>quantis</strong></span> <span class='ocrx_word' id='word_1_855' title='bbox 1354 5411 1450 5463; x_wconf 86' lang='lat' dir='ltr'><strong>creatrix</strong></span> <span class='ocrx_word' id='word_1_856' title='bbox 1463 5423 1514 5462; x_wconf 89' lang='lat' dir='ltr'><strong>esse</strong></span> <span class='ocrx_word' id='word_1_857' title='bbox 1531 5407 1643 5460; x_wconf 79' lang='lat' dir='ltr'><strong>aebeat»</strong></span> <span class='ocrx_word' id='word_1_858' title='bbox 1780 5407 1801 5460; x_wconf 89' lang='lat' dir='ltr'><strong>t.</strong></span> <span class='ocrx_word' id='word_1_859' title='bbox 1814 5406 1837 5458; x_wconf 87' lang='lat' dir='ltr'><strong>a.</strong></span> <span class='ocrx_word' id='word_1_860' title='bbox 1850 5403 1872 5456; x_wconf 84' lang='lat' dir='ltr'><strong>l.</strong></span> <span class='ocrx_word' id='word_1_861' title='bbox 1962 5416 1963 5421; x_wconf 50' lang='lat'>¹</span> 
     </span>
    </p>
   </div>
   <div class='ocr_carea' id='block_1_12' title="bbox 734 4199 1893 4270">
    <p class='ocr_par' dir='ltr' id='par_1_16' title="bbox 734 4164 1963 4271">
     <span class='ocr_line' id='line_1_62' title="bbox 734 4199 1893 4270; baseline -0.003 -14"><span class='ocrx_word' id='word_1_862' title='bbox 734 4203 1088 4267; x_wconf 74' lang='lat' dir='ltr'><strong>ecantemrorsiguisscataon</strong></span> <span class='ocrx_word' id='word_1_863' title='bbox 1171 4203 1217 4256; x_wconf 89' lang='lat' dir='ltr'><strong>Sed</strong></span> <span class='ocrx_word' id='word_1_864' title='bbox 1236 4203 1323 4255; x_wconf 88' lang='lat' dir='ltr'><strong>etiamsi</strong></span> <span class='ocrx_word' id='word_1_865' title='bbox 1336 4204 1397 4270; x_wconf 89' lang='lat' dir='ltr'><strong>quod</strong></span> <span class='ocrx_word' id='word_1_866' title='bbox 1411 4199 1893 4270; x_wconf 79' lang='lat' dir='ltr'><strong>moperecoetentuntrattonutstaott·</strong></span> 
     </span>
    </p>
   </div>
   <div class='ocr_carea' id='block_1_13' title="bbox 0 0 2005 6176">
    <p class='ocr_par' dir='ltr' id='par_1_17' title="bbox 0 0 2005 6176">
     <span class='ocr_line' id='line_1_63' title="bbox 0 0 2005 6176; baseline 0 0"><span class='ocrx_word' id='word_1_867' title='bbox 0 0 2005 6176; x_wconf 95' lang='lat' dir='ltr'><strong> </strong></span> 
     </span>
    </p>
   </div>
   <div class='ocr_carea' id='block_1_14' title="bbox 1130 2317 1963 2386">
    <p class='ocr_par' dir='ltr' id='par_1_18' title="bbox 1130 2317 1963 2386">
     <span class='ocr_line' id='line_1_64' title="bbox 1130 2317 1963 2386; baseline 0.001 -18"><span class='ocrx_word' id='word_1_868' title='bbox 1130 2317 1211 2383; x_wconf 84' lang='lat' dir='ltr'><strong>possit,</strong></span> <span class='ocrx_word' id='word_1_869' title='bbox 1222 2317 1288 2369; x_wconf 89' lang='lat' dir='ltr'><strong>uobis</strong></span> <span class='ocrx_word' id='word_1_870' title='bbox 1303 2317 1400 2378; x_wconf 81' lang='lat' dir='ltr'><strong>exhibet,</strong></span> <span class='ocrx_word' id='word_1_871' title='bbox 1415 2331 1504 2370; x_wconf 88' lang='lat' dir='ltr'><strong>nccuou</strong></span> <span class='ocrx_word' id='word_1_872' title='bbox 1518 2319 1595 2370; x_wconf 90' lang='lat' dir='ltr'><strong>mundi</strong></span> <span class='ocrx_word' id='word_1_873' title='bbox 1611 2319 1677 2383; x_wconf 85' lang='lat' dir='ltr'><strong>hujus</strong></span> <span class='ocrx_word' id='word_1_874' title='bbox 1694 2318 1836 2386; x_wconf 86' lang='lat' dir='ltr'><strong>aspectabilis</strong></span> <span class='ocrx_word' id='word_1_875' title='bbox 1851 2319 1892 2369; x_wconf 85' lang='lat' dir='ltr'><strong>ior·</strong></span> <span class='ocrx_word' id='word_1_876' title='bbox 1962 2336 1963 2355; x_wconf 54' lang='grc' dir='ltr'>ι</span> 
     </span>
    </p>
   </div>
  </div>
 </body>
</html>
