3934 6172
390 440 441 500 DE
459 436 624 500 oPJFlclo
646 435 719 497 SEX
740 433 901 507 uitulini,
924 435 996 495 LlB.
1020 435 1044 511 l,
1067 435 1151 496 GAP.
1174 434 1254 496 xlll.
1563 437 1619 497 tlt

70 608 221 691 «peridem
234 603 521 685 tempuselaborata
534 608 618 678 sunt,
634 607 670 662 ut
686 602 730 663 eit
752 601 808 661 Bs-
858 599 935 660 dum
948 600 991 660 ita
1003 600 1467 680 predicent2maresltiusesss
1478 598 1624 663 terrtvel
1668 621 1777 669 suman

67 702 147 776 sdins,
171 717 230 779 qno
255 697 288 758 in
309 714 406 759 unam
433 695 645 757 collectionem
663 693 809 772 cogendos
858 690 984 771 ubique,
1018 693 1068 753 vel
1100 692 1311 772 compluribus
1342 693 1376 754 iu
1412 693 1506 771 locis,
1532 695 1625 755 utin
1669 677 1780 781 siais-s,

66 800 258 872 erutaque.
276 812 289 849 ν
858 785 1002 865 AEgypto.
1024 786 1125 859 Quare
1152 807 1167 843 n
1185 785 1247 847 nisi
1260 786 1307 845 vis
1319 785 1425 846 statuti
1438 786 1567 848 coelestis
1581 787 1627 848 in-

99 887 143 947 lil.
165 886 208 945 ln
232 883 284 945 illo
308 882 362 945 [tei
389 887 542 962 precepto
567 879 712 958 deinceps
745 895 811 939 esse
857 876 979 939 biberet
994 877 1292 948 (aitAmbrosiusex
1305 877 1425 959 Basilio)
1440 879 1628 958 quidobsta-

8 1016 44 1049 ...
68 977 263 1040 bebimiidcm
285 975 459 1051 observant,
479 977 515 1033 ιιι
537 970 761 1040 ιιιιιιίοιιιιιοε,
774 986 811 1029 ac
857 973 916 1042 ret,
940 971 1017 1049 quin
1042 988 1099 1050 per
1124 970 1216 1050 plana
1238 971 1376 1050 AEgypti,
1400 989 1471 1051 quor
1491 973 1628 1034 maxime

8 1058 43 1159 ᾖ,
68 1070 157 1141 nnus,
177 1076 206 1130 et
230 1071 428 1148 erumpentes
454 1084 471 1127 e
497 1070 585 1125 terre
599 1061 811 1143 penetralibus
858 1061 1076 1123 humilioribus
1089 1062 1197 1141 jacens
1213 1060 1346 1123 vallibus
1358 1065 1536 1143 campestris
1548 1082 1629 1127 asse·

8 1166 38 1263 :q
69 1179 196 1242 sqnsmm
206 1160 353 1223 scatebrae
362 1158 494 1239 perenni
504 1157 594 1237 lapsu
602 1156 637 1216 in
646 1173 731 1215 merc
743 1173 811 1234 per·
857 1154 948 1231 ritur,
966 1172 1052 1216 mare
1066 1153 1198 1215 rubrum
1220 1155 1368 1234 AEgyptio
1392 1155 1502 1235 pelago
1521 1157 1630 1219 misce·

8 1284 28 1315 ι
68 1259 233 1334 rumperent,
252 1270 352 1331 eoque
372 1251 429 1312 sibi
450 1252 536 1311 riam
557 1248 719 1310 etexitum
732 1266 809 1327 quo·
858 1246 969 1308 returl
989 1247 1129 1326 Denique
1155 1247 1267 1308 docent
1288 1247 1358 1324 boc,
1382 1248 1628 1329 quivoluerunt,

68 1365 178 1427 mnqne
197 1345 319 1407 ratione
338 1348 523 1424 quererent.
544 1342 625 1403 Tum
638 1341 714 1403 illud
734 1358 811 1420 prce
858 1340 925 1400 baec
950 1340 1013 1400 duo
1036 1340 1095 1400 sibi
1115 1339 1215 1401 maris
1233 1345 1426 1419 connectere,
1444 1347 1537 1422 etque
1550 1343 1584 1405 in
1597 1363 1630 1406 se

68 1444 134 1499 terea
154 1434 334 1517 perlectum,
359 1440 395 1493 ut
419 1434 569 1510 Oceanus,
585 1450 620 1493 ac
635 1429 810 1492 marcudeo
858 1431 1086 1494 translnndere.
1105 1454 1118 1491 ν
1135 1433 1220 1498 Quos
1233 1432 1271 1492 ab
1293 1451 1330 1493 eo
1344 1439 1456 1494 conatu
1470 1434 1631 1497 deterritos

68 1547 141 1590 onae
158 1528 216 1589 suis
231 1546 263 1589 se
284 1524 428 1588 terminis
441 1523 623 1600 contineret,
638 1542 696 1584 nec
708 1521 777 1583 fixis
791 1540 811 1581 a
859 1524 958 1601 aiunt,
974 1542 1026 1601 ne,
1041 1524 1067 1584 si
1080 1525 1213 1585 isthmus
1220 1524 1272 1585 ille
1285 1524 1508 1604 perfoderetur,
1519 1546 1631 1590 coeun-

67 1616 810 1694 lleolimitibustranscensis,inundaret,actcrram
858 1617 903 1678 tia
927 1617 1062 1678 invicem
1089 1617 1182 1678 umbo
1207 1617 1307 1677 maria
1333 1623 1432 1679 totam
1458 1621 1629 1700 AEgyptum

68 1714 190 1795 ctqneiu
198 1718 413 1774 cumanentac
421 1707 713 1790 spirentobruerct.
722 1705 811 1781 Quod
861 1709 967 1790 utique
977 1708 1214 1789 depressiorem,
1226 1727 1262 1769 ac
1272 1706 1441 1788 subjectam
1451 1710 1629 1774 obmiscent.

67 1802 159 1886 alioqui
166 1805 305 1867 loturum
314 1822 392 1879 esse,
404 1802 464 1865 nisi
473 1800 571 1863 divini
583 1798 812 1862 mundativelut
860 1802 939 1862 Huic
950 1800 1102 1881 opinioni,
1117 1818 1189 1880 que
1202 1818 1289 1861 mare
1304 1818 1397 1880 supra
1410 1808 1526 1865 terram
1540 1806 1631 1867 attol-

67 1898 143 1960 lrcuo
153 1898 283 1979 quodam
297 1901 490 1959 coerceretur
505 1912 603 1969 mure,
619 1912 657 1953 ex
666 1911 703 1954 eo
716 1909 810 1968 ergu-
859 1893 906 1969 lit,
918 1893 1093 1973 complures
1107 1891 1316 1972 suffragantia
1329 1894 1458 1973 antiqui.
1479 1897 1585 1959 Cicero
1598 1899 1632 1959 in

67 1996 216 2053 nectamur
230 1990 291 2065 illi,
310 1989 395 2069 quod
411 1994 494 2049 terra
505 1986 545 2047 sit
558 1984 741 2065 depressior,
758 2002 810 2045 su·
860 1985 996 2048 mcundo
1020 1992 1057 2050 de
1082 1983 1204 2046 Natura
1225 1982 1366 2053 Deorum,
1397 2007 1412 2044 o
1440 1989 1538 2066 Mare,
1561 2007 1633 2052 cum

67 2102 163 2162 proque
182 2100 247 2144 cam
277 2099 364 2162 aqua
388 2084 565 2159 consurget.
591 2078 735 2138 «Nonne
753 2075 812 2157 ipsi
859 2097 954 2159 snpra
964 2083 1080 2139 terram
1088 2077 1139 2151 sit,
1151 2075 1265 2157 inquit,
1280 2077 1420 2139 medium
1431 2082 1633 2144 terraelocum

68 2175 181 2237 ridemus
203 2193 307 2250 mure,
329 2172 372 2234 uit
398 2167 612 2244 Ambrosius¹,
634 2168 812 2250 frequenter
860 2175 1018 2251 expetens,
1046 2175 1254 2248 congregatur
1288 2171 1427 2250 undiquc
1460 2174 1631 2252 equaliter,

67 2268 193 2329 nmosum
205 2265 348 2340 itn‚utin
357 2263 455 2326 altum
464 2264 576 2324 tluclus
585 2261 652 2341 ejus
661 2267 811 2342 tauquam
860 2280 962 2343 neque
972 2261 1137 2338 redundat,
1153 2279 1255 2340 neque
1267 2260 1447 2324 effunditur.
1463 2286 1479 2323 ν
1494 2267 1541 2326 Ex
1556 2285 1632 2328 nos·

67 2378 137 2421 mons
147 2379 227 2441 sqnae
238 2365 420 2439 praeruptus
433 2354 645 2436 insurgat,ubi
657 2355 811 2435 impetum
858 2356 915 2417 tris
923 2371 1009 2431 vero,
1026 2355 1057 2415 id
1069 2360 1115 2414 est
1128 2353 1301 2415 christianis
1312 2354 1463 2431 Patribus,
1472 2357 1611 2438 plerique
1623 2378 1632 2435 ;

66 2470 138 2513 nnn
156 2454 192 2513 ad
212 2452 303 2513 littus
326 2449 457 2524 illiserit,
480 2447 514 2508 in
541 2465 667 2527 spumas
683 2445 807 2521 resolvi,
859 2453 929 2509 tum
951 2464 1024 2507 vero
1051 2445 1238 2508 recentiores
1272 2445 1356 2506 baud
1389 2450 1491 2527 pauci.
1517 2450 1634 2524 Quibus

66 2543 193 2625 rcpogulis
212 2541 401 2625 quibusdam
424 2557 527 2602 srenae
553 2538 681 2600 humilis
700 2557 808 2618 reper-
858 2540 1061 2602 adversantur
1075 2537 1138 2613 alii,
1154 2543 1186 2598 et
1200 2555 1401 2619 superaquas
1414 2540 1552 2604 eminere
1565 2562 1634 2605 cen-

66 2654 175 2703 cessum.
194 2634 368 2698 secundum
389 2631 473 2713 quod
498 2630 647 2712 scriptum
668 2629 734 2691 est?
748 2631 810 2692 Ant
858 2638 927 2694 sent
948 2637 1075 2693 terram.
1096 2631 1140 2692 De
1165 2649 1227 2710 qus
1246 2633 1467 2709 controversia,
1482 2634 1633 2713 quoniam

67 2746 108 2788 non
124 2727 252 2789 timebitis
277 2725 357 2795 σοι’,
376 2725 450 2786 dicit
470 2723 634 2799 Dominus,
652 2721 706 2805 qui
723 2720 811 2804 posui
857 2723 991 2786 instituti
1001 2729 1048 2784 est
1059 2723 1198 2800 ulterius,
1211 2724 1303 2803 plura
1315 2743 1380 2785 non
1396 2725 1506 2788 dicem.
1520 2729 1631 2807 Habet,

66 2838 161 2880 omum
178 2820 249 2897 fines
268 2815 375 2880 mori?
394 2815 609 2879 Infirmissimo
625 2816 727 2894 itaque
740 2833 808 2876 om·
858 2818 913 2899 qui
928 2833 997 2878 eam
1013 2815 1186 2877 accuratius
1203 2817 1311 2877 rimari
1332 2818 1477 2887 voluerit,
1492 2820 1631 2899 pbiloso-

66 2910 315 2974 numellissabuli
326 2910 453 2990 pulvere
464 2909 510 2969 vis
523 2906 619 2968 maris
632 2907 666 2967 in
679 2913 811 2987 tempes-
857 2911 994 2991 phornm
1016 2908 1074 2970 hac
1101 2908 1139 2968 de
1165 2926 1200 2968 re
1232 2909 1534 2986 commentationes;
1563 2918 1632 2972 tum

66 3010 113 3065 tete
133 3005 308 3080 cohibetur;
332 3009 364 3064 et
383 3002 468 3063 velut
480 2998 610 3061 habenis
623 2999 809 3078 quibusdem
858 3002 1000 3064 Pererius
1014 3000 1142 3061 adillud
1158 2998 1273 3062 Genesis
1287 2999 1389 3061 locum
1402 3001 1530 3063 uberem
1542 3003 1581 3065 de
1595 3022 1634 3065 ea

66 3096 169 3159 celesbs
184 3095 308 3178 imperii
333 3113 353 3155 a
374 3093 552 3175 prescripto
567 3091 625 3152 sibi
645 3091 707 3153 finc
723 3112 811 3154 revo-
858 3093 1099 3174 disputationem
1121 3091 1267 3152 instituit.
1292 3092 1397 3170 Nobis,
1424 3094 1471 3155 uti
1489 3114 1530 3156 nc
1548 3096 1631 3158 taciti

66 3194 141 3265 corr,
150 3189 336 3269 violentique
346 3186 480 3267 equoris
488 3191 592 3246 motus
602 3184 636 3244 in
646 3203 710 3245 sese
723 3185 809 3246 iron-
858 3187 987 3248 omnino
1003 3188 1234 3265 preterenmus
1255 3184 1330 3245 illud
1353 3185 1506 3265 imprimis
1519 3188 1630 3268 placet,

65 3280 273 3363 gitur,slqueiu
283 3280 429 3341 reductos
442 3277 529 3339 sinus
540 3294 612 3338 suos
621 3277 804 3338 scinditur.»
858 3298 917 3341 nce
927 3277 1073 3340 universe
1087 3293 1174 3337 mare
1187 3294 1280 3337 omne
1294 3295 1389 3357 supra
1401 3284 1516 3340 terram
1528 3299 1630 3343 ussur-

67 3372 121 3434 llec
140 3374 317 3435 Ambrosius
340 3390 380 3433 es
404 3367 536 3444 Bosilio;
560 3387 630 3449 quse
655 3369 809 3430 rhetorico
858 3389 943 3450 gere,
968 3388 1025 3430 nec
1048 3369 1148 3429 ullum
1174 3386 1250 3447 esse,
1279 3387 1343 3448 quo
1366 3388 1430 3432 non
1453 3372 1493 3432 sit
1516 3374 1632 3435 alicubi

67 3465 167 3542 prinde
187 3466 290 3528 colore
315 3462 454 3543 depinxit
472 3459 599 3522 Basilius
612 3460 691 3521 alter
706 3460 811 3523 Soleu-
858 3470 940 3525 terra
953 3461 1138 3541 depressior.
1161 3461 1262 3534 Quare
1284 3466 1348 3522 tum
1369 3462 1438 3537 hos,
1454 3482 1549 3544 quom
1563 3468 1633 3529 lbos

66 3556 150 3618 mnne
173 3559 205 3618 in
231 3554 377 3619 oratione
397 3555 509 3635 prima.
532 3552 680 3629 «Nudat,
696 3552 808 3633 inquit,
859 3574 932 3616 vers
944 3552 1108 3634 scripsisse,
1118 3552 1144 3613 si
1154 3571 1219 3614 non
1228 3554 1472 3633 generatim,sed
1484 3574 1523 3619 ex
1532 3565 1630 3643 parte,

66 3654 116 3726 post
135 3649 195 3712 hec
222 3650 314 3731 aquis
338 3652 426 3728 terga
449 3644 645 3721 continentis,
668 3645 753 3706 velut
776 3645 810 3707 in
859 3665 951 3709 suum
965 3646 1096 3725 quisque
1111 3643 1265 3711 defendat.

67 3742 221 3818 obruam
234 3741 416 3805 conditoriis
434 3740 533 3801 morin
550 3736 747 3813 concludens,
759 3758 808 3801 re·
899 3741 979 3802 Vlll.
995 3738 1165 3813 Quaesitum
1180 3738 1259 3799 illud
1271 3745 1317 3799 est
1331 3748 1490 3819 praeterea,
1505 3743 1634 3823 quinam

66 3834 186 3912 meolam
199 3838 367 3916 imponens
379 3832 491 3913 abysso
506 3828 691 3893 mandatum
704 3848 808 3909 sunm,
858 3832 963 3895 illusit
976 3848 1128 3910 equorum
1145 3830 1377 3910 interpretenda
1396 3833 1544 3895 collectio.
1561 3836 1631 3896 Non

67 3930 89 3983 et
99 3944 179 3989 trena
188 3927 318 3990 frenans
335 3933 486 4005 tanquam
500 3929 584 3985 metu
599 3941 697 3998 mare,
710 3928 811 3984 tutam
859 3925 945 3987 enim
971 3941 1053 3984 unus
1077 3923 1219 3983 omnium
1248 3929 1294 3983 cst
1319 3922 1441 4001 alvens,
1469 3943 1541 3986 cum
1568 3928 1632 3988 sint

67 4014 191 4102 dpengi
203 4018 479 4093 exundationibus,
501 4022 532 4077 et
554 4015 722 4094 naufragiis
736 4033 810 4077 cou-
860 4016 958 4080 maria
978 4015 1108 4076 diverse.
1125 4013 1258 4075 Hebraea
1270 4014 1409 4093 quidem,
1425 4022 1456 4076 et
1472 4017 1511 4077 iis
1523 4018 1632 4080 Latina

67 4108 190 4174 mentem
211 4130 350 4186 seruans,
370 4108 493 4171 ιιιιιιιιιαί
505 4111 671 4169 ventorum
685 4106 813 4188 impres·
860 4106 1092 4185 consentientia,
1110 4112 1141 4167 et
1153 4113 1354 4186 congregatas
1365 4125 1430 4169 esse
1444 4126 1541 4187 aquas
1554 4109 1636 4171 indi-

67 4200 177 4266 dmum
191 4206 230 4266 ed
242 4212 361 4267 terram
377 4201 568 4284 propellatur
589 4218 684 4261 mere.
702 4199 812 4261 Fertur
860 4205 931 4264 cant
950 4199 982 4259 in
1005 4196 1098 4260 iocum
1118 4217 1209 4259 unum
1218 4217 1232 4275 ‚·
1255 4203 1288 4258 at
1305 4200 1422 4274 Graeca,
1440 4207 1473 4270 εἰς
1487 4211 1634 4284 πιναγογὴν
1727 4261 1734 4274 ,

68 4295 168 4371 quilcm
179 4297 309 4360 sublatis
330 4295 488 4358 tumidum
501 4292 666 4367 fluctibus3
691 4293 742 4353 sed
758 4290 813 4353 nbi
861 4298 931 4370 μιαν,
947 4289 981 4351 in
990 4309 1079 4352 cnam
1087 4289 1296 4351 collectionem.
1309 4291 1407 4363 Quum
1416 4309 1490 4353 mox
1501 4294 1634 4359 Hebrsea

68 4382 155 4450 initos
165 4390 312 4469 attigerit,
331 4386 453 4467 lugiens
474 4385 507 4447 in
521 4404 587 4447 sese
601 4389 683 4446 retro
696 4383 810 4464 ngitur,
860 4381 952 4444 lectio
966 4384 1055 4443 vocnt
1067 4398 1167 4479 nipe,
1182 4382 1293 4442 Latina
1305 4390 1557 4466 conpreqotioncs,
1575 4388 1632 4468 plu

69 4495 93 4537 sc
112 4480 218 4543 domini
245 4481 292 4543 sni
316 4498 425 4541 vocem
445 4477 477 4538 in
493 4476 649 4539 littoribus
667 4476 812 4557 scriptum
860 4475 919 4536 ruli
941 4473 1041 4554 posito
1068 4473 1135 4535 loco
1169 4473 1350 4554 singularis,
1374 4477 1454 4539 sicut
1480 4486 1512 4540 ct
1536 4481 1634 4543 Graeci

70 4565 177 4651 bueus,
200 4573 336 4635 curvatis
356 4571 389 4632 in
404 4569 537 4630 sublime
551 4568 706 4644 fluctibns,
722 4566 812 4629 illum
859 4564 1010 4644 feceruut,
1035 4573 1067 4628 τὰ
1085 4576 1230 4647 συστήματα
1245 4580 1294 4630 τῶν
1309 4576 1417 4644 ὑδάτων,
1444 4570 1632 4650 collectiones,

70 4660 161 4737 dont,
173 4666 226 4745 qui
239 4664 393 4727 terminos
404 4660 591 4742 prescripsit
604 4658 627 4720 ⁶.
643 4681 658 4718 ν
861 4659 910 4720 vel
923 4677 1076 4719 concursus
1089 4678 1253 4738 aquarum.
1272 4662 1366 4723 Porro
1381 4679 1434 4724 cxx
1454 4665 1494 4725 ad
1509 4685 1634 4728 versum

97 4754 155 4816 Vll.
168 4760 268 4838 Auget
285 4755 383 4818 divini
404 4754 488 4815 illius
508 4751 812 4833 operisadmirabili-
862 4769 994 4825 nonum,
1018 4751 1223 4831 appendicem
1244 4755 1412 4833 quamdam
1429 4756 1559 4836 habent,
1573 4777 1635 4839 qua

70 4852 142 4907 ιιιοιιι
152 4849 290 4925 Basilius,
306 4852 337 4910 et
350 4866 421 4909 cnm
435 4864 472 4908 eo
481 4843 674 4923 Ambrosius,
684 4844 810 4924 aliique,
862 4843 985 4904 Hebraei
1002 4842 1163 4924 Latinique
1177 4851 1284 4907 carent
1305 4847 1439 4909 codices:
1456 4847 1501 4910 Et
1518 4868 1635 4932 conprs·

97 5040 203 5098 uiuis.
221 5038 282 5096 'os
299 5041 356 5095 τότε
370 5038 410 5093 rel
424 5034 510 5109 άγγιῖα
523 5034 758 5109 ονγνιατεσκενάσάη,
773 5036 815 5089 ὅτι
862 5053 938 5107 γητον
952 5035 1005 5097 τοῖς
1017 5033 1134 5107 πελάγιοι
1148 5035 1278 5104 φυλάττων
1296 5036 1341 5104 τὴν
1355 5038 1467 5110 insuper,
1481 5042 1527 5094 ιιάν
1538 5040 1634 5114 άνέμων

73 5114 117 5173 dte
126 5126 178 5195 φάς
190 5126 246 5198 μίαν
262 5122 376 5178 σύστασιν
391 5120 551 5193 ἀποκριθῆναι
564 5120 593 5173 rb
604 5119 679 5191 ὕδωρ.
864 5115 982 5190 άμὸολαῖς
1001 5117 1094 5185 sitiret
1116 5118 1176 5190 πρὸς
1193 5118 1237 5186 τὴν
1256 5118 1346 5192 χάρσον
1364 5119 1380 5188 i)
1398 5121 1516 5179 θάλαττα.
1539 5126 1637 5198 σάρισαι

98 5204 202 5264 ddisti..
217 5209 332 5266 Sumne.
352 5201 480 5276 Γνμνοῖδι
494 5201 556 5276 μετὰ
570 5207 643 5257 τοῦτο
656 5208 706 5256 τῶν
720 5199 815 5256 ὑδάτων
866 5201 909 5272 μὲν
932 5202 1100 5274 ιιορνφοιιμινη
1123 5204 1174 5263 τοῖς
1193 5203 1295 5274 κύμασι.
1318 5201 1429 5276 dedoces
1448 5206 1476 5260 bi
1497 5214 1547 5261 τῶν
1571 5211 1636 5281 ὅρων

73 5290 106 5351 tit
115 5287 205 5363 ιιιίρω
219 5291 252 5345 τὰ
263 5297 338 5346 νῶτα·
354 5289 437 5361 ὥσπερ
451 5286 476 5340 ἔν
492 5305 540 5341 τισι
552 5285 661 5358 ταμείοις
676 5284 708 5339 τά
720 5285 816 5356 πελάγη
864 5284 999 5340 ὑπονοστεῖ
1013 5284 1193 5357 δραπιτιάοιιοα
1208 5285 1249 5337 sel
1263 5286 1307 5353 τὴν
1324 5280 1367 5341 τοῖν
1382 5289 1501 5342 δεσπότου
1514 5289 1597 5359 φωνὴν
1612 5291 1636 5344 lu

72 5371 198 5440 sputus,
218 5374 329 5446 κλεῖθρον
344 5370 431 5434 ἐπιθεὶς
444 5374 474 5443 τῇ
494 5369 591 5440 &ideoq
614 5369 644 5423 τὸ
657 5371 812 5441 πρόσταγμα,
866 5367 986 5442 αἰγιαλοῖς
1006 5367 1175 5441 γιγρομμάνην
1189 5367 1285 5439 ὁρῶσα,
1299 5371 1451 5442 καρπουμένη
1466 5374 1518 5432 τοῖς
1535 5372 1636 5444 »ὅμοι’

73 5452 105 5501 ¹²1
114 5454 197 5528 ψάμμῳ
209 5456 359 5530 χαλινώσας,
374 5454 409 5517 ὡς
421 5454 502 5524 pouq,
518 5450 562 5519 τὴν
576 5451 708 5519 θάλατταν,
726 5450 816 5504 ons·
866 5451 1049 5525 προσνννιῖτδν
1063 5448 1253 5523 άροθισάσαντα.

95 5604 103 5648 ¹
115 5607 158 5655 lu.
168 5609 198 5655 lu
208 5611 233 5655 tu
242 5612 344 5656 Βοαοοαν
356 5620 405 5665 cap.
417 5606 512 5654 rin-l
525 5605 586 5650 lllsr.
599 5616 620 5649 ν.
