4004 6168
325 348 385 419 tot
875 346 1073 417 APPENith
1093 345 1145 411 AD
1165 345 1313 415 LIBRUM
1333 346 1359 413 11

327 513 477 577 naturabs
505 514 637 593 perfecte
664 514 791 595 notitia,
819 532 952 594 eamque
976 516 1098 596 primus
1147 511 1358 583 invincibilem
1373 512 1452 592 jero
1469 510 1619 579 micenis
1632 528 1697 577 non
1709 510 1794 575 itam.
1808 511 1904 591 usqne

327 605 422 671 horno
449 608 619 686 perceperit
646 625 685 671 ex
708 608 801 684 douo,
825 627 890 671 non
911 627 949 669 ex
971 608 1095 682 debito;
1146 605 1640 685 ebipsolanseuiumuensclnm
1653 603 1906 673 dmhioamacce

326 697 530 766 nihilominus
543 704 648 767 umen
667 717 777 765 verum
800 704 858 776 cst,
876 700 1095 778 ignorantiam,
1145 696 1236 775 pisse,
1276 699 1329 761 sed
1343 717 1432 767 voces
1463 716 1543 778 pone
1575 699 1667 777 ipsas,
1704 701 1736 759 et
1767 695 1905 774 loquendi

327 808 389 868 qua
400 790 492 855 modo
506 790 679 863 subruimus,
691 810 727 853 cc
740 810 778 853 ex
790 793 880 872 culpo
893 793 1098 870 llnmssaque
1146 807 1267 857 morem
1282 792 1406 868 penitus
1419 789 1603 860 combibisse
1615 789 1720 857 videas
1731 806 1740 862 ;
1750 794 1907 867 postquam

327 881 466 949 obstricti
479 883 593 962 singuli
606 886 763 951 nascimur
775 904 782 947 z
795 903 902 963 quere,
918 885 1098 964 quodigno·
1145 881 1212 947 bec
1226 884 1392 963 Augustini
1405 882 1587 949 auctoritate
1599 881 1671 947 ands
1693 880 1838 961 probasse
1854 880 1907 944 sibi

326 974 429 1037 rende
442 974 622 1054 huijrurnodi
634 995 797 1057 uunquam
808 996 865 1043 nos
874 978 947 1039 setis
960 982 1094 1053 excuset,
1144 974 1228 1037 visne
1241 980 1289 1039 est
1301 975 1463 1051 Zanohiue,
1477 975 1554 1041 illud
1571 974 1683 1053 adjecit
1696 993 1705 1049 3
1733 994 1749 1029 c
1762 978 1809 1035 est
1821 972 1908 1052 igion

327 1073 363 1131 ut
376 1068 471 1130 sentit
487 1068 672 1146 lansenius,
692 1088 763 1133 cum
777 1088 814 1132 eo
828 1088 944 1135 nexum
959 1088 1023 1133 uon
1038 1075 1094 1144 est,
1143 1066 1337 1146 Augustinus
1350 1070 1480 1135 Petrum
1499 1068 1644 1131 omnium
1660 1065 1790 1131 nomiue
1806 1064 1908 1129 Patro·

326 1159 410 1238 quod
431 1159 563 1237 bomini,
588 1167 624 1229 ut
646 1163 740 1227 homo
768 1168 823 1239 ost,
848 1162 1011 1227 deberetur
1031 1167 1096 1225 mm
1144 1166 1321 1225 nosnoster
1334 1161 1368 1229 iu
1387 1161 1446 1225 hec
1465 1178 1566 1229 causa
1581 1181 1598 1219 o
1615 1159 1704 1233 Quot
1724 1157 1861 1238 quidem,
1876 1166 1910 1221 ut

326 1250 460 1330 perfecta
487 1254 606 1323 notitia.
634 1255 696 1317 Sed
721 1261 786 1316 esto
815 1273 933 1317 nexum
960 1254 1097 1331 sitzjam
1144 1253 1293 1317 danscnio
1307 1252 1731 1333 estporiomiliare,ilaetiem
1739 1250 1909 1330 menter

325 1345 510 1411 antecedens
522 1347 582 1411 boc
595 1347 697 1427 ipsum
710 1348 873 1427 aggredior
890 1367 897 1407 :
914 1352 945 1413 ct
957 1346 1097 1411 adverse·
1144 1350 1191 1405 est
1204 1349 1390 1424 usurpatum
1411 1365 1431 1409 a
1451 1344 1589 1421 Calvino,
1604 1343 1752 1421 Lutbere,
1772 1343 1909 1407 iohanne

325 1436 379 1499 riis
405 1438 510 1503 seeum
537 1457 660 1519 oppono
688 1441 723 1503 D.
751 1441 927 1517 Theseum,
957 1441 1094 1515 Scotum,
1145 1437 1222 1512 iius,
1247 1437 1398 1511 Wiclclio,
1414 1438 1544 1517 aliisquo
1567 1436 1765 1517 superiorum
1788 1442 1909 1501 mutum

325 1528 360 1591 n.
378 1529 639 1605 Boccventurem,
650 1532 787 1613 aliosque
799 1551 908 1597 omnes
920 1533 1093 1612 theologos,
1144 1530 1398 1609 bercheleiam
1421 1530 1495 1599 inde
1518 1547 1616 1610 usqua
1639 1529 1907 1609 spredestiostu,

325 1622 378 1701 qui
393 1641 464 1687 crum
483 1623 641 1703 Magistro,
656 1644 695 1689 ex
716 1630 858 1691 veterum
884 1628 1012 1691 Petrum
1026 1644 1095 1689 san·
1144 1623 1199 1701 qui
1212 1622 1356 1691 omnium
1368 1623 1462 1703 primi
1475 1623 1633 1695 enonbns
1647 1621 1805 1687 suistcnti
1816 1622 1909 1687 docto

325 1715 432 1791 mohs,
452 1734 575 1781 summo
599 1718 711 1794 studio,
727 1736 909 1798 summoque
932 1737 1094 1796 consensu,
1144 1715 1414 1781 oiseuctoritatem
1435 1715 1629 1795 praetendere
1648 1714 1755 1785 conati
1779 1721 1864 1791 sunt;
1878 1721 1908 1781 ut

324 1813 361 1869 ut
374 1806 447 1869 alibi
459 1808 589 1887 plenum
602 1809 690 1889 lado,
705 1817 810 1877 eonba
824 1813 905 1875 hanc
916 1812 1096 1890 opinionem
1144 1812 1234 1873 uolat
1247 1810 1380 1890 Prosper
1393 1813 1425 1870 io
1438 1806 1799 1884 commerciacum
1812 1808 1850 1869 od
1860 1827 1905 1873 ao.

324 1899 549 1981 conspirarunt,
573 1921 655 1982 quae,
670 1910 706 1969 ut
723 1925 739 1962 c
752 1904 838 1968 Fidei
850 1906 973 1983 dogma,
984 1923 1095 1984 resque
1145 1901 1258 1965 Christ.
1274 1903 1354 1978 Aac,
1374 1919 1463 1967 nom.
1478 1903 1610 1965 rubros
1623 1900 1719 1980 igitur
1731 1900 1909 1965 lausanium

323 1990 501 2061 irrEoclesia
514 1995 666 2061 catholice
680 2002 906 2063 exbeomnem
920 2004 1094 2061 controven
1143 2011 1320 2059 mucosum
1343 1998 1491 2074 patronos
1516 1993 1631 2059 babere
1652 2010 1719 2057 non
1741 2011 1824 2072 nego
1839 2011 1846 2053 :
1861 1994 1908 2055 sed

323 2083 438 2158 sicma
456 2085 495 2145 ab
509 2086 657 2153 carrecto
667 2087 854 2153 defenditur.
872 2090 1094 2155 Scdnimirum
1144 2104 1223 2165 quos
1235 2086 1302 2166 ipse
1314 2104 1380 2153 uon
1393 2086 1534 2153 nominat
1550 2105 1557 2153 t
1574 2104 1648 2155 nam
1660 2104 1800 2166 quorum
1813 2093 1906 2165 nobo

322 2174 396 2239 fidoi
412 2176 527 2255 dogma
549 2183 606 2257 ost,
632 2198 697 2245 nou
721 2182 889 2256 catholice,
912 2183 963 2244 sed
984 2184 1092 2245 dense·
1144 2178 1224 2241 cinio
1234 2178 1394 2255 glorietur,
1405 2179 1438 2257 ii,
1448 2184 1483 2247 ut
1492 2179 1716 2245 ostendomsuo
1725 2178 1908 2259 loco,etipei

323 2266 426 2329 nisam
443 2287 450 2331 z
467 2287 501 2333 ec
518 2275 581 2333 tres
603 2272 771 2352 praecipuo,
795 2275 879 2354 quod
893 2275 1018 2354 quddam
1033 2275 1094 2354 ipsi
1143 2288 1298 2350 numnam
1322 2271 1439 2347 lavem,
1454 2278 1485 2337 et
1506 2272 1649 2352 plurimis
1668 2271 1795 2341 intecis
1811 2278 1907 2352 apeue

323 2361 468 2438 concedo,
485 2371 731 2443 propugnatores
753 2367 858 2435 habet,
875 2386 911 2429 ec
932 2367 1088 2433 vindicas:
1143 2363 1356 2431 adversantur.
1373 2364 1432 2427 Rei
1445 2364 1539 2443 hidas
1552 2363 1709 2445 specimen
1721 2364 1776 2431 bio
1789 2364 1906 2445 aliquod

323 2469 388 2517 non
400 2471 452 2515 cos
465 2460 582 2530 tamen,
598 2475 676 2537 quos
688 2457 716 2523 is
729 2458 1093 2540 nobiaobjicit,sedquos
1141 2455 1182 2519 eit
1195 2454 1229 2517 in
1248 2456 1422 2536 Augustino
1438 2476 1445 2521 t
1460 2457 1609 2536 quoniam
1628 2457 1655 2521 is
1674 2457 1906 2525 uuusdansenic

322 2548 557 2613 severacumiu
571 2549 641 2625 hoo,
656 2555 725 2615 tum
738 2550 851 2613 insiliis
865 2552 1093 2615 omnibusdoc·
1141 2546 1238 2613 instar
1265 2554 1311 2615 est
1338 2549 1491 2619 omnium.
1514 2549 1631 2626 Primo,
1654 2567 1720 2617 non
1748 2548 1833 2615 iavct
1856 2548 1906 2629 ipsi

323 2637 412 2699 trinae
427 2657 491 2700 suae
507 2641 647 2719 pertibus
662 2650 810 2722 sequutus
823 2644 1093 2724 estmegisaoscc
1141 2640 1345 2720 Augustinus,
1361 2642 1444 2721 quia,
1467 2642 1552 2721 quod
1572 2660 1612 2703 ex
1638 2641 1692 2709 illo
1712 2642 1791 2707 citat
1809 2648 1906 2711 ronne

322 2731 425 2797 duces.
444 2731 567 2797 Primos
587 2740 633 2795 est
650 2734 814 2811 Luthoros,
839 2736 927 2815 crpus
947 2737 1001 2799 ille
1020 2745 1093 2799 sunt
1141 2730 1350 2809 ignorantiam
1366 2734 1447 2813 juris
1465 2734 1628 2811 notandis,
1642 2734 1683 2803 ad
1705 2734 1906 2814 ignorandum

321 2827 399 2889 tem.
417 2824 469 2900 Vl,
479 2824 513 2887 in
527 2841 603 2889 oxu
619 2824 748 2889 Geulol.
764 2831 833 2902 153,
841 2829 914 2891 edil.
925 2829 1089 2892 Wittemb.
1139 2823 1212 2887 facti
1225 2827 1330 2903 solius,
1345 2826 1484 2905 vellegio
1497 2846 1516 2891 a
1530 2826 1758 2906 heimpcsitae
1769 2829 1904 2908 minet.

321 2932 409 2979 omas
431 2937 444 2974 o
460 2916 547 2983 aare
558 2921 605 2979 eet
626 2919 680 2984 illa
692 2919 820 2982 celebris
835 2920 1091 2983 scholasticorum
1142 2916 1222 2981 Illud
1236 2918 1336 2997 allent,
1358 2937 1394 2981 co
1409 2919 1469 2983 sibi
1482 2937 1546 2999 prae
1559 2918 1678 2983 courir
1691 2918 1799 2985 iuvere
1812 2919 1905 2985 enai·

321 3008 474 3073 sententie
484 3010 521 3071 de
536 3011 711 3090 ignorantie
724 3013 896 3077 invincibili
913 3021 1090 3094 excusante,
1140 3013 1217 3083 tuat,
1235 3012 1317 3090 quod
1330 3017 1376 3075 cst
1388 3011 1409 3077 l.
1428 3012 1474 3075 ΙΙΙ
1488 3009 1524 3073 oie
1538 3010 1589 3073 lid.
1604 3010 1903 3091 ord.c.xv1u,u.iil.

321 3107 379 3165 eto.
396 3102 539 3182 Quisquis
552 3102 763 3167 invincibilem
776 3107 985 3184 ignorantiam
995 3126 1090 3169 arcu.
1144 3123 1160 3160 o
1180 3103 1280 3167 Etiam
1295 3122 1351 3184 per
1366 3103 1575 3183 ignorantiam
1592 3104 1673 3169 beu
1686 3106 1833 3185 quendam
1852 3106 1904 3173 in·

321 3193 473 3258 sotionem
494 3198 607 3259 mereri
627 3199 745 3273 statuit,
767 3200 876 3260 evertit
899 3198 1090 3279 Scriptorum
1138 3195 1310 3273 probentur
1337 3202 1369 3259 et
1394 3196 1576 3276 corrigenda
1600 3196 1785 3275 judicantur
1808 3219 1816 3260 ι
1838 3221 1852 3257 s
1873 3217 1905 3260 ee

321 3288 457 3365 Sacram,
474 3292 504 3349 et
517 3288 600 3350 tollit
619 3291 753 3353 emedio
776 3292 945 3366 Christum,
963 3292 1090 3371 justitiae
1139 3304 1224 3364 vcro,
1246 3307 1318 3367 quse
1344 3296 1517 3368 coquuntur
1543 3287 1654 3356 callido
1680 3290 1817 3353 reticet:
1835 3313 1850 3349 s
1867 3290 1906 3351 ait

320 3380 417 3443 solem
437 3386 494 3443 etc.
516 3381 696 3444 Scholastiei
718 3382 927 3445 invincibilem
940 3385 1089 3463 ignorem·
1138 3380 1221 3443 anim
1243 3381 1418 3460 Apostolus,
1434 3381 1678 3449 misericordiam
1701 3390 1905 3463 consequutus
2000 3384 2001 3423 ³

319 3472 396 3533 tiam
422 3473 568 3536 dixerunt
595 3474 802 3537 excursebilom
828 3482 899 3554 etc,
926 3483 1014 3538 teuta
1045 3483 1091 3539 cst
1138 3489 1220 3549 aum,
1235 3472 1308 3551 quia
1321 3472 1581 3549 ignoraremus
1601 3475 1768 3554 Apostolus
1785 3477 1902 3556 quippe.
2000 3518 2001 3527 η

320 3564 437 3625 aecius
456 3564 489 3624 in
509 3566 598 3644 Papae
611 3566 734 3640 scholis,
755 3574 786 3629 et
804 3569 954 3631 Ecclesiis.
967 3590 983 3628 o
1007 3570 1090 3630 Alter
1138 3583 1210 3629 cum
1224 3565 1382 3633 coriscum
1395 3573 1644 3646 persequeretur,
1655 3568 1729 3631 etin
1741 3569 1811 3648 ejus
1823 3567 1903 3631 dra

320 3661 366 3717 est
374 3654 529 3728 Calvinus,
540 3656 595 3734 qui
608 3657 641 3717 in
653 3677 680 3717 c.
694 3676 747 3719 111.
759 3661 861 3737 Loca,
876 3660 1033 3723 catholicis
1046 3662 1089 3723 ite
1137 3658 1228 3736 pulos
1241 3658 1350 3721 acerbe
1370 3659 1506 3736 serviret,
1521 3678 1587 3723 non
1607 3678 1646 3723 ex
1659 3660 1744 3738 juris
1763 3659 1902 3729 mantis

318 3745 436 3810 illudit:
452 3747 565 3821 ‹rQuasi
576 3766 649 3809 vero
663 3750 703 3811 ad
716 3751 929 3830 repellendum
942 3754 997 3813 Dei
1003 3753 1087 3832 judi·
1136 3749 1324 3828 ignoranlio,
1339 3752 1392 3814 sed
1407 3751 1481 3815 facti
1490 3756 1626 3826 unum,
1640 3758 1696 3813 aut
1708 3753 1789 3832 legis
1804 3753 1902 3833 posito

318 3840 401 3901 cirum
428 3840 559 3903 suffiunt
582 3840 766 3920 ignorantiae
789 3844 956 3924 clypeuso
984 3845 1086 3908 luerit.
1136 3843 1291 3920 peccabat.
1308 3843 1903 3931 Adbascigiturrespondorelausenius
1999 3842 2000 3877 ¹

317 3938 421 3995 autem
435 3933 457 3995 l.
475 3934 517 4009 11,
533 3952 559 3995 o.
576 3950 648 4011 11,n.
665 3936 766 4008 huila
779 3936 953 3998 concludit:
968 3956 1087 4017 equare
1136 3933 1228 3997 debet
1243 3954 1251 3996 :
1275 3936 1420 4016 quodque
1444 3937 1477 3998 iu
1504 3955 1563 4001 uos
1588 3937 1689 4003 telem
1713 3938 1847 4013 burne,
1872 3936 1903 3999 iu

317 4031 459 4106 utsupra
477 4027 587 4087 monto
601 4029 807 4108 reprehensus
821 4037 867 4091 est
890 4029 987 4106 Pluto,
1003 4034 1087 4110 quod
1136 4026 1238 4107 ipsum
1252 4028 1342 4093 redit.
1358 4029 1519 4105 Secundo,
1534 4029 1697 4095 confovet
1717 4030 1776 4110 ipsi
1789 4031 1903 4108 Augias»

317 4118 425 4180 omnic
458 4124 582 4197 peccate
614 4119 797 4200 ignorantie
831 4123 1008 4202 imputnrit;
1043 4124 1087 4185 ite
1135 4120 1237 4197 finus,
1266 4120 1342 4201 quia
1377 4122 1417 4185 ed
1440 4122 1659 4200 ‘ignorantiam
1694 4121 1903 4187 invincibilem

317 4228 427 4271 acrum
441 4215 487 4271 est
497 4210 689 4291 repudianda
703 4214 828 4293 opinio,
845 4215 899 4293 qui
912 4215 1085 4279 consultam
1134 4213 1290 4287 tunnefelt,
1306 4213 1392 4297 quod
1405 4214 1444 4277 de
1454 4213 1590 4279 vincibili
1605 4233 1629 4277 s.
1639 4213 1749 4279 doctor
1760 4214 1899 4279 affirmet
1998 4260 1999 4305 ,

316 4302 479 4379 maliciam,
495 4309 526 4363 et
540 4304 724 4383 pravitatem
741 4306 776 4366 in
797 4305 943 4368 omnibns
953 4309 1086 4387 peccatis
1133 4303 1247 4384 Liquet
1263 4306 1296 4366 id
1310 4324 1382 4367 cum
1396 4324 1434 4367 ex
1447 4305 1902 4385 iconomachicam

316 4395 650 4459 intercederotredunt.
659 4397 797 4458 Nimium
805 4398 1082 4479 enimcxperimur,
1133 4414 1181 4472 eo,
1206 4398 1290 4477 quod
1311 4416 1369 4479 pro
1392 4416 1424 4459 se
1445 4398 1518 4459 citat
1536 4398 1705 4459 iansenius
1727 4417 1767 4461 ex
1790 4398 1842 4460 lib.
1867 4396 1902 4458 de

316 4488 435 4568 quoties
448 4487 681 4564 labemnr,eum
690 4489 773 4552 boue
785 4492 1081 4555 nostreiuteutiono.
1132 4489 1243 4569 oratio,
1259 4494 1287 4550 et
1301 4489 1425 4552 libori.
1442 4490 1476 4550 in
1490 4509 1552 4571 quo
1567 4508 1593 4550 c.
1609 4507 1692 4569 m,n.
1709 4490 1899 4570 bidlegitur:

315 4583 375 4641 Tot
388 4579 530 4640 obruitur
551 4581 828 4644 ballsrciuationum
848 4584 956 4645 formis
978 4592 1085 4648 nostre
1137 4602 1153 4640 o
1164 4582 1216 4644 sed
1231 4591 1262 4644 et
1276 4583 1327 4643 illa
1349 4583 1525 4659 ignorantia
1538 4629 1546 4656 ,
1561 4601 1631 4663 quoe
1645 4602 1712 4644 non
1724 4589 1772 4647 est
1783 4601 1900 4659 eorum,

315 4674 405 4751 ratio,
421 4678 467 4735 tot
480 4672 694 4736 erroribusest
707 4676 869 4737 obnoxior
887 4677 977 4738 etei.
993 4679 1035 4739 lV
1049 4677 1084 4741 de
1132 4676 1188 4755 qui
1211 4676 1288 4738 scire
1310 4675 1433 4753 nolum,
1455 4676 1509 4740 scd
1530 4693 1654 4753 eorum,
1674 4677 1732 4757 qui
1756 4684 1901 4758 tauquam

316 4768 370 4835 lid.
387 4767 450 4829 ord.
465 4784 529 4827 non
549 4767 657 4846 procul
670 4768 709 4828 ad
723 4768 792 4829 icit.
807 4769 906 4844 docet,
921 4769 1083 4832 homiuem
1132 4769 1311 4849 simpliciter
1324 4768 1476 4837 nesciunt,
1492 4769 1652 4833 neminem
1666 4770 1712 4833 sic
1726 4775 1903 4845 monachat

313 4862 348 4921 in
362 4879 399 4922 co
412 4878 551 4940 peccare,
565 4859 649 4938 quod
674 4859 794 4920 evitari
813 4879 879 4921 non
896 4867 1006 4941 potest,
1028 4870 1084 4924 aut
1131 4861 1319 4940 sempiterno
1328 4859 1400 4939 igne
1413 4879 1478 4922 non
1491 4860 1614 4925 ardeat:
1625 4861 1653 4923 si
1664 4868 1834 4942 propterea
1841 4880 1902 4929 non

314 4954 399 5033 quie,
414 4952 495 5032 quod
507 4951 683 5013 faciendum
697 4958 754 5028 est,
762 4953 896 5014 cecitate
907 4972 972 5014 uon
984 4955 1081 5034 videt,
1131 4954 1270 5030 credidit,
1285 4953 1359 5033 quia
1372 4971 1437 5015 uon
1451 4952 1578 5031 cadim,
1592 4953 1724 5017 omuino
1738 4955 1826 5034 qnod
1839 4973 1902 5017 me·

313 5052 369 5108 aut
381 5044 560 5105 infirmitate
573 5062 637 5105 non
651 5043 794 5122 implebo
813 5046 935 5107 Tertius
948 5046 1082 5128 denique
1131 5047 1237 5123 deret,
1262 5047 1316 5108 sed
1334 5045 1482 5122 memsam,
1505 5052 1542 5109 ut
1562 5045 1669 5111 mitius
1690 5047 1803 5117 adeat
1818 5067 1827 5113 r
1842 5067 1903 5111 non
1996 5104 1997 5107 ,

313 5142 360 5199 cst
373 5137 582 5216 Hieronymus
591 5136 752 5212 Zenobiae,
761 5144 981 5200 monstrumex
993 5145 1081 5202 utro·
1130 5140 1215 5201 euim
1240 5138 1306 5200 sine
1329 5157 1421 5201 cause
1444 5134 1559 5201 dictum
1577 5144 1646 5201 ceti
1672 5137 1813 5219 Effunde
1827 5140 1903 5203 im

313 5248 375 5311 que
388 5229 568 5305 condatum,
583 5227 637 5305 qui
659 5225 783 5308 tieolop.
801 5236 888 5292 troci.
904 5232 926 5291 l.
943 5231 968 5307 l,
983 5252 1010 5293 o.
1025 5250 1078 5311 xn,
1130 5239 1211 5293 tuum
1226 5232 1258 5293 io
1270 5236 1378 5313 penio,
1407 5248 1475 5312 quer
1495 5235 1525 5292 te
1546 5249 1602 5292 uon
1628 5238 1823 5309 moeream
1845 5238 1901 5297 elo.

312 5326 390 5386 thes.
405 5325 434 5397 l,
449 5321 548 5397 docet,
558 5318 766 5398 ignorantiam
777 5321 1089 5401 invincibilemfooti,
1129 5324 1236 5386 Trahit
1244 5325 1304 5385 hoc
1318 5324 1384 5403 ipse
1396 5324 1436 5384 ad
1454 5323 1535 5401 juris
1549 5321 1697 5385 neumatis
1709 5322 1903 5404 maupaaubi·

312 5417 362 5477 vel
378 5414 454 5495 jarria
477 5417 531 5473 aut
548 5430 567 5471 e
585 5412 659 5488 Deo,
675 5418 728 5473 cut
750 5411 790 5472 ab
810 5414 991 5475 bominibus
1013 5416 1078 5495 lati,
1128 5416 1191 5479 lem
1225 5415 1446 5496 ignorantiam,
1481 5414 1721 5481 reclamantibus
1757 5417 1903 5481 omnbus

312 5524 458 5571 excusare
470 5504 596 5586 quidem
610 5522 628 5565 a
642 5511 779 5584 pecceio;
791 5506 1079 5587 ignoruntiemvero
1128 5510 1292 5589 theologis,
1314 5508 1368 5589 qui
1388 5525 1427 5570 ex
1449 5508 1508 5570 hoc
1529 5507 1595 5588 ipso
1623 5509 1690 5571 loco
1714 5509 1901 5589 superabilis
