3984 6176
467 397 700 462 benetatato
720 396 794 458 SEX
815 395 976 473 DIERUM,
998 396 1070 460 tta.
1094 398 1117 459 l.
1140 399 1224 461 GAP.
1249 401 1272 462 1.
1523 484 1526 491 Α
1604 402 1665 464 tta

98 566 201 629 ionem
226 584 289 628 non
311 564 426 627 minori
447 566 519 646 jure
541 568 729 630 creationem
754 584 842 650 posse
892 561 1008 625 babere
1034 571 1279 628 monstratur.»
1300 566 1379 629 Vide
1392 567 1617 630 Tertullianum
1631 569 1665 630 in
1705 535 1711 548 ⁸

97 660 210 735 cenoed,
236 656 369 740 quamsi
391 678 429 721 cx
446 659 544 721 nihilo
562 662 750 743 procederet,
767 663 843 723 'ler-
893 653 974 716 libro
986 665 1094 721 eontra
1106 656 1332 741 Hermoqeuem,
1349 678 1405 740 cap
1419 676 1480 722 xit.

97 754 228 815 tilherus
249 753 368 833 judicat
397 753 432 815 in
457 754 536 817 libro
562 753 598 817 de
624 754 845 816 Resurrectiene
934 747 973 809 X.
1009 750 1155 812 Ceterum
1188 752 1333 813 universe
1367 753 1470 814 Deum
1503 771 1521 815 e
1563 752 1662 814 nihilo

97 846 189 919 eamd,
212 846 307 927 cupite
331 863 374 907 nr.
403 867 419 906 a
443 847 543 928 Igitur
569 847 700 924 confide,
728 847 842 927 inquit,
893 856 1012 902 creasse
1024 840 1153 921 aliquid,
1176 861 1213 905 oc
1225 862 1291 905 non
1309 844 1415 905 omnia
1428 844 1494 905 sine
1507 845 1662 907 creatione

96 938 173 1000 illum
196 943 295 999 totum
325 939 387 1000 hoo
411 957 450 1001 ex
482 939 580 1001 nihilo
606 940 783 1022 protulisse,
813 945 845 1001 et
894 932 1075 1007 constitisse,
1090 934 1152 1011 vel,
1167 935 1662 1018 utltlethodius,sliiqueloquun·

96 1032 183 1093 Deum
211 1031 302 1107 nosti,
335 1022 471 1108 fideiido,
493 1032 588 1112 ‘quod
612 1038 736 1094 tantum
762 1032 844 1093 Deus
893 1028 956 1092 tur,
972 1042 1038 1086 ease
1055 1034 1174 1108 ἀγένητα,
1193 1027 1303 1089 iisdem
1327 1028 1498 1090 rationibus
1511 1029 1662 1091 demons-

94 1122 187 1184 vdent
200 1123 278 1183 Nam
291 1124 462 1203 etquidem
482 1123 669 1186 infirmiores
684 1124 744 1186 boc
757 1124 844 1205 prius
893 1116 970 1177 irari
990 1123 1101 1197 potest,
1126 1118 1315 1200 quibusesse
1329 1122 1427 1181 Deum
1440 1121 1587 1201 aliquem,
1602 1121 1663 1183 hoc

95 1214 249 1276 umeredc
266 1214 397 1276 materia
420 1215 523 1295 potius
540 1215 711 1296 subjacenti
733 1215 844 1276 volunt
872 1214 941 1270 -ast
967 1218 1182 1274 summumst
1216 1212 1345 1275 unicum
1372 1231 1478 1275 rerum
1508 1215 1661 1288 omnium,

94 1306 127 1367 ab
146 1306 194 1366 itte
215 1306 448 1368 universitatem
473 1307 646 1369 dedicatam
672 1307 843 1370 seeundum
894 1305 1109 1383 aeternumque
1127 1304 1327 1385 principium,
1352 1305 1515 1366 etanullo
1531 1305 1665 1385 produc-

94 1396 284 1478 philosophos.
308 1399 414 1468 Porro,
436 1399 493 1460 erni
512 1403 556 1461 ita
568 1400 603 1461 in
623 1417 698 1462 ver-0
712 1401 843 1463 hahere.
895 1399 962 1454 tum
975 1394 1036 1455 alio
1049 1395 1174 1474 probari
1190 1397 1267 1458 solet
1277 1418 1286 1473 ;
1311 1397 1395 1477 quod
1409 1415 1467 1458 nos
1484 1398 1572 1459 initio
1590 1396 1664 1458 libri

94 1499 144 1565 tor,
167 1508 261 1570 quum
285 1496 394 1555 tamen
419 1491 511 1571 longe
543 1493 618 1554 alias
644 1493 841 1571 substantias,
893 1486 986 1566 primi
999 1486 1036 1549 de
1051 1487 1111 1550 Deo
1130 1488 1270 1551 fecimus.
1285 1489 1373 1565 Quod
1391 1508 1466 1551 vero
1489 1491 1529 1551 ad
1542 1509 1579 1552 ea
1592 1508 1664 1570 per-

93 1582 224 1663 lonqeque
236 1582 315 1644 alias
328 1584 445 1664 specim
460 1602 499 1646 ex
515 1584 734 1649 reformatione
748 1590 845 1648 mate·
892 1578 972 1640 tinet
984 1598 1089 1660 opera,
1105 1600 1240 1661 quorum
1255 1582 1449 1644 effectionem
1462 1581 1550 1644 initio
1564 1585 1664 1645 Gene-

92 1675 289 1736 rioediceretur
303 1676 478 1754 protulisse,
487 1678 513 1737 si
524 1695 560 1738 ea
573 1678 757 1757 protulerat,
773 1697 843 1759 quae
893 1686 961 1731 ⁸20³
973 1672 1071 1733 Μθθθθ
1090 1673 1202 1753 attigit,
1222 1692 1287 1735 non
1308 1679 1409 1753 it⁰tsssi
1430 1673 1495 1735 ³01³
1517 1675 1663 1755 eximius

93 1767 277 1828 onninonon
303 1767 440 1829 fuerant.
461 1770 528 1843 Qun
552 1769 636 1831 enim
650 1770 789 1847 interest,
804 1790 843 1833 01
893 1763 1070 1825 narratione
1084 1764 1197 1845 colligi,
1212 1784 1251 1827 ex
1261 1766 1358 1827 nihilo
1370 1767 1550 1846 produxisse
1564 1769 1663 1830 Deum

92 1858 172 1920 nihilo
184 1859 256 1939 quid
269 1860 414 1939 proferri,
434 1879 475 1921 an
489 1879 528 1923 ex
540 1862 654 1942 aliquo,
670 1862 748 1924 dum
758 1864 841 1942 quod
893 1872 1097 1935 quecumque
1120 1856 1226 1920 fecisse
1247 1859 1369 1932 dicitur,
1388 1860 1443 1920 sed
1457 1859 1593 1922 adbibita
1613 1879 1661 1936 ea,

92 1969 144 2012 non
165 1951 229 2025 tuit,
255 1951 337 2013 liat?
370 1953 495 2032 quando
523 1953 617 2015 etiam
643 1972 708 2015 non
735 1954 841 2032 tuisse,
892 1964 987 2026 quam
1007 1949 1086 2023 dixi,
1104 1950 1337 2013 ratiocinatione
1350 1957 1468 2031 potest3
1488 1953 1520 2014 id
1532 1953 1616 2033 quod
1629 1954 1663 2014 in

92 2043 319 2106 nhdshfirisse.
336 2045 388 2106 Sic
402 2045 540 2107 eruisse
562 2047 760 2124 econtrario,
776 2067 841 2111 non
891 2040 1093 2119 aequantibus
1118 2042 1230 2105 mehus
1256 2044 1455 2123 intelligetur.
1494 2045 1538 2106 Ac
1564 2047 1663 2108 Graeci

92 2134 359 2197 nibilrsttuisse.r
891 2132 1018 2211 quidem
1042 2134 1174 2196 verbum
1201 2135 1389 2198 Hebraicum
1413 2155 1486 2213 urz,
1509 2154 1575 2198 nou
1604 2156 1661 2218 per

123 2229 199 2302 Quod
220 2228 407 2290 Tertulliani
431 2228 548 2291 dietum
569 2247 635 2291 non
658 2230 843 2311 niphilosn·
891 2224 1033 2287 Graecum
1046 2234 1136 2304 truce,
1150 2227 1182 2288 id
1201 2229 1382 2304 estcrmoit,
1396 2228 1449 2290 sed
1469 2248 1525 2309 per
1546 2236 1660 2309 tectior,

92 2318 166 2398 phin,
196 2337 231 2381 no
261 2320 470 2382 scholastiscae
499 2321 674 2383 subtilitatis
700 2323 842 2402 regulam
890 2321 1061 2394 verterunt,
1081 2319 1163 2399 quod
1184 2326 1230 2382 est
1243 2319 1329 2398 fecit.
1348 2322 1413 2382 Hoc
1435 2327 1542 2383 autem
1560 2323 1660 2385 nihilo

91 2412 156 2490 engi
174 2412 271 2489 debet,
304 2412 359 2475 sed
376 2412 416 2473 ad
439 2413 597 2493 popularis
615 2414 726 2493 judicii
752 2416 842 2477 truti-
890 2409 989 2488 magis
1003 2409 1339 2474 effectionemenibilo
1353 2414 1657 2494 propriesignifieat3

93 2520 161 2564 nam.
180 2504 376 2567 Permultum
398 2505 484 2567 enim
506 2506 646 2583 interest,
671 2524 710 2568 ex
723 2507 839 2587 aliquo,
890 2501 943 2562 sed
957 2519 1027 2564 eam
1042 2508 1161 2581 tamen,
1175 2522 1238 2584 qua
1251 2522 1302 2566 res
1315 2505 1381 2566 sola
1400 2511 1502 2567 creata
1515 2506 1659 2585 produci·

91 2612 124 2655 m
140 2613 176 2657 ex
194 2597 294 2659 nihilo
316 2597 371 2659 fiat
388 2597 558 2678 quippiam.
576 2599 642 2660 Hoc
655 2599 750 2672 enim,
763 2618 842 2680 prae-
890 2595 952 2666 tur,
966 2595 1220 2657 utadirinarum
1231 2614 1434 2676 personarum
1448 2599 1662 2678 originesepo-

91 2696 209 2768 terqusm
232 2691 327 2763 Deus,
351 2690 439 2751 nulla
461 2708 511 2751 res
534 2696 634 2770 potest
652 2692 729 2767 alia;
754 2693 842 2772 eujus
890 2686 1148 2748 recursurum
1170 2688 1662 2768 disputareconsuereruntanti·

89 2779 219 2843 utonem
242 2782 342 2864 spisse
359 2782 499 2863 quidem,
519 2801 555 2844 ae
575 2782 751 2857 difficulter,
771 2785 841 2846 red-
890 2777 945 2857 qui
981 2778 1131 2858 theologi,
1175 2797 1247 2840 cum
1281 2782 1350 2843 Filii
1386 2787 1496 2844 conns
1528 2783 1660 2845 Arianos

90 2870 152 2932 dunt
181 2880 286 2936 tamen
319 2874 496 2936 scholarum
527 2874 678 2954 magistri.
712 2876 775 2937 Nos
807 2876 841 2938 in
890 2869 1094 2945 divinitatem,
1120 2889 1243 2934 necnon
1266 2874 1364 2934 saneti
1384 2874 1519 2952 Spiritus
1539 2893 1661 2937 assere·

90 2982 179 3026 aarum
199 2967 283 3028 tricis
307 2985 373 3028 non
392 2966 524 3028 libenter
548 2965 731 3029 insistimus.
753 2968 841 3030 Hanc
889 2966 972 3023 rant.
995 2963 1058 3024 iios
1077 2964 1163 3024 enim
1180 2963 1394 3026 demonstrant
1413 2983 1515 3045 neque
1531 2977 1657 3047 initote,

89 3064 175 3118 tutem
205 3059 242 3120 ad
277 3059 460 3120 institutum
493 3063 635 3120 nostrum
666 3060 837 3140 aptiorem,
890 3071 992 3134 neque
1013 3056 1176 3132 ποιητοιςίιι
1208 3056 1377 3135 scripturis
1410 3056 1569 3137 appellari,
1604 3066 1659 3122 aut

88 3156 177 3229 utpote
198 3150 383 3228 faciliorem,
408 3150 596 3231 judicamus,
628 3169 724 3231 quam
749 3151 840 3215 offert
889 3148 991 3227 reipsa
1008 3151 1040 3208 st
1052 3148 1205 3208 sententia
1224 3148 1391 3227 designari,
1411 3149 1484 3230 quia
1497 3157 1656 3232 rbitratu,

90 3242 161 3303 uobis
181 3248 268 3305 retus
289 3244 423 3324 scriptor
447 3242 622 3305 bletbodius
648 3244 683 3304 in
701 3243 783 3305 libro
804 3244 840 3307 de
890 3244 921 3300 et
934 3248 1053 3302 ποιεῖσθαι
1065 3244 1239 3301 ereatmum
1252 3258 1370 3315 rerum,
1387 3260 1578 3324 operumque
1589 3263 1659 3325 pro

88 3332 177 3394 libere
198 3334 331 3397 arbitrio
359 3335 443 3416 apud
462 3335 622 3397 Photium.
639 3335 739 3396 Deum
754 3336 839 3397 enim
889 3331 1148 3412 pariuntque
1161 3351 1227 3394 non
1247 3341 1367 3411 οὺοιώδη,
1388 3334 1481 3396 idest
1501 3334 1658 3397 substauti-

89 3424 179 3505 probrt
190 3443 228 3487 ex
245 3426 360 3501 nihilo,
377 3426 410 3487 id
428 3430 476 3487 est
487 3443 525 3488 ox
546 3426 633 3488 nulla
655 3425 837 3505 substantia
889 3441 956 3483 vem
969 3422 1086 3484 habent
1098 3423 1265 3503 originem,
1279 3430 1311 3487 et
1323 3443 1361 3487 ex
1375 3425 1442 3506 ipsa
1458 3427 1658 3507 producentis

89 3515 140 3578 sire
154 3519 278 3580 materia
302 3519 391 3600 prius
415 3523 564 3595 exstante,
583 3518 790 3581 substantiam
803 3537 839 3582 ae
888 3513 1071 3592 substantia,
1084 3515 1185 3595 qualis
1196 3522 1242 3578 est
1255 3518 1424 3598 generatio,
1437 3519 1492 3580 sed
1507 3520 1656 3582 exhinse·

89 3610 238 3678 murtam.
266 3611 410 3690 adeoque
435 3628 486 3672 res
508 3626 617 3672 omnes
634 3628 761 3688 arcane,
786 3630 840 3673 no·
888 3624 942 3669 cus
952 3605 1161 3670 elaberentur.

88 3707 162 3777 nate
173 3702 204 3763 id
212 3701 410 3782 philosopho,
424 3719 557 3782 quocum
569 3701 778 3783 disputantem
793 3721 837 3781 se,
927 3699 1095 3778 Procopius
1125 3700 1159 3760 in
1186 3702 1409 3763 commentario
1447 3703 1481 3763 iu
1514 3702 1655 3779 (feretur,

89 3790 257 3856 relaturum
265 3794 350 3855 tacit.
365 3794 399 3854 ld
413 3799 753 3874 autemeoorgumento
767 3812 840 3856 con·
888 3789 1072 3852 Hebraicam
1094 3809 1202 3854 vocem
1218 3794 1263 3854 ait
1275 3794 1448 3873 significare
1461 3796 1557 3872 idem,
1572 3796 1655 3876 quod

88 3883 182 3961 firmat,
195 3886 279 3967 qnod
303 3885 407 3948 omnis
426 3886 536 3947 artifex
548 3886 587 3948 de
610 3903 675 3947 non
696 3887 839 3948 exstanti-
888 3887 998 3959 ἐποίησε,
1026 3882 1117 3944 idest
1139 3883 1264 3963 feritet
1285 3893 1377 3959 ἔκτισε,
1398 3886 1429 3947 id
1455 3893 1502 3948 est
1532 3887 1653 3948 creauit.

88 3974 135 4036 bus
149 3979 296 4040 exeuntia
318 3978 449 4040 molitur
472 3995 577 4058 opera,
599 3978 645 4039 uti
656 3977 785 4040 domum
800 3996 839 4040 ex
888 3973 1042 4051 ethecae,
1068 3975 1154 4055 quod
1171 3982 1217 4037 est
1235 3976 1399 4039 instituere.
1417 3979 1519 4044 Quam
1540 3991 1657 4057 postre-

15 4138 16 4141 ¹
88 4072 247 4132 nondomo.
274 4070 325 4132 Sic
339 4077 371 4131 at
390 4076 489 4131 artem
503 4088 566 4150 qua
582 4088 660 4150 opus
673 4070 777 4146 efflui,
799 4089 838 4132 ex
888 4082 974 4127 mam
989 4066 1150 4127 notionem
1163 4069 1262 4147 magis
1277 4069 1444 4131 convenire
1456 4069 1539 4130 dicit
1558 4070 1656 4132 «Ete-

89 4178 139 4221 mn
157 4168 219 4223 arte
238 4162 298 4223 sibi
311 4163 376 4242 ipse
390 4168 488 4241 parat.
512 4162 556 4223 Ac
569 4161 704 4241 denique
718 4180 757 4223 ex
771 4181 836 4224 non
886 4158 965 4233 nim,
981 4158 1128 4236 quoniam
1147 4157 1221 4237 feeit
1235 4159 1274 4221 de
1286 4160 1323 4221 iis
1337 4161 1430 4222 etiam
1446 4161 1655 4242 dictunque

15 4290 17 4311 ι
88 4252 265 4330 qualitatihus
291 4254 456 4333 qualitates
482 4253 659 4332 producunt
683 4254 833 4331 artifices;
885 4249 990 4329 aliqua
1003 4248 1583 4330 ermeteriatiunt,uteierroialoem,
1601 4261 1657 4315 aut

89 4348 190 4407 bmetsi
214 4347 399 4425 neutiquam
421 4344 606 4406 substantias
625 4363 664 4407 ex
676 4364 742 4406 non
762 4346 832 4407 sub
884 4341 969 4403 aliud
983 4341 1043 4402 tale
1061 4341 1132 4404 fecit
1152 4342 1272 4417 arhiex,
1286 4345 1478 4406 occasionem
1499 4345 1577 4407 illud
1590 4348 1657 4428 qui·

90 4438 188 4498 unuh
198 4437 366 4518 proferant.
381 4437 493 4513 «Quod
505 4437 580 4497 siita
593 4455 626 4498 se
638 4437 790 4499 resbabet
802 4439 836 4500 in
884 4433 1016 4497 busdam
1038 4433 1123 4495 dedit
1141 4435 1307 4507 merendi,
1329 4435 1447 4498 Mosem
1456 4436 1496 4498 ab
1505 4439 1656 4520 AEgyptiis

90 4526 269 4606 bominibus3
293 4548 400 4591 nonne
417 4529 518 4609 magis
542 4529 697 4603 convenit,
723 4530 834 4609 iuquit,
884 4527 1039 4602 edoctum,
1052 4544 1092 4587 ex
1101 4527 1231 4588 materia
1238 4526 1326 4607 prius
1335 4535 1473 4591 exstante
1484 4535 1585 4592 totum
1598 4531 1657 4592 hoc

91 4620 210 4683 atillam
223 4641 287 4684 non
300 4621 402 4683 solum
417 4620 579 4700 qualitates
589 4639 628 4682 ex
640 4627 835 4682 norrexstan-
883 4618 1064 4681 universum
1081 4636 1147 4680 esse
1165 4618 1293 4690 factum,
1316 4622 1428 4684 merito
1446 4623 1558 4684 dixsse
1570 4622 1654 4704 feeit.

91 4710 156 4772 tibus
170 4713 289 4775 efficere
314 4714 420 4793 possit,
440 4712 498 4793 md
518 4711 611 4773 etiam
630 4711 836 4775 substantias?
884 4712 1022 4786 Quorum
1053 4709 1232 4790 ignorantes
1254 4712 1445 4776 calumniam
1471 4714 1655 4795 interpretes

91 4801 124 4863 lio
141 4804 221 4866 enim
245 4807 324 4886 ipso,
346 4804 432 4884 quod
446 4821 463 4865 e
479 4822 545 4865 non
562 4804 754 4865 exstantibus
767 4803 836 4866 fleri
884 4803 1029 4864 dixerunt
1044 4802 1128 4882 feeit,
1156 4822 1228 4864 eum
1247 4808 1420 4885 oportuerit
1443 4806 1544 4868 dicere
1569 4806 1652 4867 iusti-

92 4896 491 4979 umquippiamapparetid
500 4897 534 4958 in
545 4896 723 4957 substantiis
732 4896 835 4958 locum
885 4893 1013 4956 tuiti.»
1044 4895 1119 4969 Que
1149 4896 1293 4976 Procopii
1330 4899 1483 4973 λιπτολογια
1519 4916 1583 4959 non
1610 4904 1656 4960 est

15 5168 17 5171 ι
118 5100 266 5158 tumor.
290 5097 366 5170 apud
390 5095 468 5153 Prot.
495 5096 557 5153 cod.
588 5113 695 5153 culti.
722 5096 768 5149 liat
790 5095 838 5170 γὰρ
886 5114 960 5164 rurus
974 5092 999 5158 ἐξ
1017 5093 1061 5149 ait
1080 5096 1157 5149 ὄντων
1178 5097 1252 5168 φάναι
1275 5098 1390 5151 δύνασθαι
1410 5101 1507 5166 ποιεῖν,
1531 5099 1655 5156 ἀλλὰκαὶ

91 5185 136 5253 np'
152 5182 206 5253 ἡμῖν
226 5183 321 5255 δρώμιν
344 5181 487 5253 ἀνθρώπους
508 5178 532 5244 lt
550 5179 595 5235 aiut
614 5181 692 5235 ὄντων
709 5181 838 5244 ποιοῦντές
886 5174 984 5245 cislau
998 5178 1028 5232 rb
1049 5176 1096 5251 γὰρ
1117 5181 1219 5249 δηναιὸν
1240 5184 1343 5251 φανῆναι
1356 5179 1386 5235 rb
1406 5181 1513 5253 γίνεσθαί
1530 5202 1554 5238 τι
1573 5182 1655 5247 itatis

15 5290 16 5295 =
91 5279 141 5316 rur
151 5259 200 5319 olor
214 5263 252 5319 trt
263 5270 313 5321 τῶν
327 5264 532 5338 ἂρχιτικτονιιιῶν
546 5263 575 5319 τὸ
589 5264 744 5337 παράδειγμα
755 5261 837 5316 λάὸω-
886 5261 979 5329 ὄντωνς
994 5261 1035 5314 καὶ
1049 5261 1091 5324 τὰς
1102 5262 1186 5326 obstet
1200 5262 1277 5326 οὕτως
1290 5263 1355 5336 ἔχειν
1364 5263 1493 5319 δείκνυται.

15 5402 16 5409 χ
90 5363 134 5413 tur
143 5345 213 5419 tirtp
224 5342 289 5402 ὦτοι
297 5352 397 5402 ποιοῦσι
411 5347 495 5410 πόλεις
508 5344 702 5417 adulantiam,
717 5346 838 5409 uttrecht
922 5344 939 5401 b
957 5343 1072 5400 Precor.
1091 5345 1126 5398 Τὸ
1137 5343 1163 5398 u
1182 5343 1315 5418 ‘Etpaixbr
1330 5346 1359 5401 rb
1373 5342 1470 5416 tuaique
1482 5349 1654 5419 superinstant

15 5440 17 5507 i
90 5425 126 5481 tir
137 5427 160 5483 ta
170 5437 303 5495 retrusit.
317 5429 348 5484 Et
356 5428 438 5484 τοίνυν
447 5434 521 5485 τοῦτο
532 5430 609 5493 οὕτως
620 5429 686 5503 ἔχειν
698 5430 736 5482 ιιι*
747 5426 838 5500 ἀνθρώ-
885 5427 913 5482 rb
924 5427 1012 5496 turres,
1027 5428 1068 5482 uel
1081 5427 1111 5482 rb
1126 5426 1253 5490 trituta-
1269 5429 1328 5500 ὅπερ
1340 5427 1403 5482 iores
1419 5428 1515 5501 μᾶλλον
1531 5431 1622 5499 buluir
1637 5432 1654 5503 ἡ

15 5522 16 5571 ζ
91 5527 133 5563 Μ
140 5508 261 5589 ἔδιξιιριν,
269 5520 325 5576 πῶς
333 5511 392 5588 cipi
400 5517 508 5583 προσῆκε
517 5513 559 5570 τὸν
572 5513 626 5568 trba
636 5511 669 5587 μὴ
680 5512 756 5586 μόνην
765 5512 835 5566 uort-
884 5510 975 5586 napi,
985 5511 1020 5574 ὡς
1034 5508 1058 5575 ἐξ
1071 5509 1116 5565 οὒκ
1127 5512 1205 5565 ὄντων
1215 5508 1329 5573 ἀνέδειξε·
1346 5510 1375 5565 rb
1386 5510 1434 5584 γὰρ
1449 5508 1560 5579 ἐποίησεν
1570 5511 1652 5586 ἐπειδὴ

1716 2994 1804 3038 Gerttrs

1684 3047 1831 3101 nequaiaetor

1710 3101 1804 3145 unctu

1726 3154 1785 3207 dett.
