3948 6172
346 695 405 765 cat,
422 694 557 751 nectam
572 687 611 748 ab
631 687 709 761 illis,
723 706 801 767 quos
824 693 1003 768 oppugnat,
1018 706 1114 767 quum
1163 705 1258 768 quam
1272 687 1420 767 figmento
1433 702 1490 746 suo
1512 682 1629 745 bellum
1648 682 1765 745 indicat.
1788 681 1883 762 Inditis

345 800 364 842 a
377 782 475 860 seipso
499 780 662 855 dissidere,
677 785 746 841 tum
760 780 905 841 cumdem
919 781 1025 840 omnio
1045 799 1116 841 auc·
1163 780 1290 841 rentiam
1303 778 1388 840 enim
1401 795 1458 857 pro
1478 774 1677 837 medebilitute
1686 774 1832 835 voluntatis
1846 792 1884 835 su·

344 873 477 935 toritutis
491 871 668 950 abjudicare
682 872 835 951 praesidia,
856 878 921 932 eta
942 890 975 934 se
997 877 1116 933 veteres
1164 871 1222 932 mit
1235 871 1270 932 in
1282 870 1337 931 illo
1350 870 1450 949 capite
1471 883 1559 929 xxnr
1578 866 1650 927 libri
1673 866 1757 941 sexti3
1780 884 1833 944 quc
1849 866 1884 935 lit,

345 982 455 1026 omnes
481 964 632 1039 alienare;
662 963 892 1042 Augustinum,
912 981 1006 1043 equo
1032 967 1116 1024 totus
1164 963 1252 1024 utad
1265 978 1365 1024 unum
1387 959 1515 1040 aliquid,
1531 958 1616 1041 quod
1628 957 1719 1019 semel
1735 956 1887 1036 arripnit,et

346 1056 482 1136 pendere
495 1054 593 1116 videri
615 1055 692 1131 vult,
707 1073 743 1116 ac
759 1055 884 1115 Latinos
906 1073 981 1116 cum
1002 1054 1116 1116 Graecis
1160 1056 1228 1134 jam
1241 1054 1370 1126 obtinet,
1386 1071 1453 1113 non
1476 1055 1651 1112 constanter
1678 1048 1885 1125 adhereatscd,

346 1148 493 1228 reliquos.
1164 1152 1201 1207 ut
1211 1146 1368 1208 fastidiosa
1388 1150 1445 1220 est,
1456 1161 1492 1205 sc
1505 1142 1646 1215 volatica,
1658 1140 1696 1202 ab
1714 1159 1772 1202 uno
1784 1139 1817 1200 cd
1831 1139 1886 1201 dle

386 1241 468 1301 VIII.
506 1237 631 1301 Etenim
645 1254 718 1298 cum
731 1235 754 1311 ¹,
770 1237 905 1317 exempli
924 1238 1042 1316 gretia,
1058 1256 1115 1300 no·
1164 1256 1237 1299 rum
1250 1237 1407 1300 desciscat.
1424 1236 1484 1303 Sic,
1501 1252 1573 1296 rum
1591 1233 1697 1295 virtuti
1708 1250 1747 1309 se,
1761 1230 1887 1311 officioque

346 1350 418 1393 vam
438 1329 588 1392 libertatis
611 1329 765 1390 retioncm
787 1328 919 1409 probare
942 1347 981 1390 ex
993 1329 1118 1409 Augus·
1166 1329 1294 1406 dedidit,
1310 1335 1381 1411 post
1400 1326 1441 1390 ad
1464 1327 1590 1401 vitium,
1615 1343 1651 1386 ac
1667 1323 1835 1405 voluptatem
1850 1341 1887 1402 rp

348 1423 413 1484 tino
441 1424 561 1499 studet,
589 1422 717 1500 ejusque
737 1420 840 1481 verbis
866 1419 961 1497 islisf,
995 1421 1061 1481 rId
1084 1421 1117 1482 in
1165 1422 1271 1503 plicat.
1295 1422 1352 1482 Cui
1366 1420 1494 1500 quidem
1507 1417 1713 1492 mutabilitati,
1728 1415 1793 1489 sive,
1810 1420 1885 1476 utro

347 1521 453 1577 nostra
471 1532 536 1576 esse
554 1519 714 1595 potestate,
740 1512 835 1592 quod,
862 1529 935 1573 cum
959 1513 1115 1591 volumus,
1166 1519 1224 1586 cat,
1252 1512 1481 1593 indifferentia,
1506 1509 1637 1592 opponit
1671 1507 1810 1580 stabilem,
1826 1506 1886 1567 etin

346 1606 487 1684 iacimus,
503 1628 519 1666 ο
537 1606 605 1682 Vel,
626 1604 750 1684 equod,
768 1604 792 1665 si
807 1604 893 1679 vult,
908 1603 981 1665 facit
994 1605 1117 1685 aliquis,
1166 1606 1250 1667 bono
1271 1605 1381 1681 fixum,
1405 1623 1441 1666 ac
1468 1601 1710 1664 determinatum
1728 1604 1833 1670 statum,
1849 1594 1885 1677 qui

347 1699 374 1761 si
387 1719 452 1761 non
465 1699 551 1773 vult,
572 1716 636 1758 non
658 1696 749 1772 iacit,
764 1716 780 1755 o
798 1714 931 1776 cumque
954 1697 1027 1757 iude
1046 1714 1117 1777 per·
1166 1704 1212 1759 est
1235 1697 1269 1757 in
1289 1698 1363 1771 Deo,
1386 1715 1423 1758 ac
1443 1696 1541 1757 beatis
1568 1692 1711 1755 omnibus
1734 1710 1743 1754 ι
1768 1689 1839 1751 Unde
1857 1689 1886 1749 iu

348 1791 478 1853 suadere
502 1791 623 1865 nititur,
641 1788 725 1868 quod
747 1805 804 1849 nos
829 1793 938 1867 sponte
961 1787 1116 1866 volumus,
1166 1789 1331 1862 concludit,
1345 1806 1412 1850 non
1424 1787 1514 1849 illum
1534 1783 1743 1848 esselibertati
1754 1779 1884 1844 naturalem

232 1952 243 1965 ³
346 1884 469 1944 tametsi
483 1882 654 1944 necessario
668 1881 712 1942 sic
730 1881 886 1955 volumus,
903 1886 940 1940 ut
953 1881 1050 1955 nolle,
1064 1884 1119 1942 aut
1166 1900 1224 1945 nec
1245 1888 1363 1958 οὓσιώδη,
1379 1897 1451 1942 cum
1465 1885 1497 1941 et
1509 1878 1593 1941 absit
1612 1872 1885 1957 splerisque,quibus
1952 1916 1954 1931 .

347 1994 413 2037 non
433 1974 513 2035 velle
540 1992 605 2035 non
624 1973 795 2053 possimus,
816 1971 1020 2034 nihilominus
1040 1971 1119 2034 velle
1166 1980 1271 2035 tamen
1296 1973 1431 2034 liberum
1449 1971 1595 2034 convenit
1619 1968 1782 2041 arbitrium,
1800 1970 1826 2027 et
1840 1963 1885 2026 sine

347 2065 461 2141 libere;
486 2065 616 2145 pessime
636 2065 669 2125 id
689 2082 729 2124 ex
748 2064 923 2143 Augustino
951 2064 1078 2141 colligit,
1093 2063 1120 2124 si
1165 2065 1260 2144 hujus
1273 2066 1460 2127 detrimento
1484 2063 1582 2144 possit
1601 2060 1722 2124 aulerri.
1744 2060 1838 2121 Verum
1852 2055 1885 2117 lu·

348 2160 381 2220 in
394 2163 505 2237 quarto
523 2158 587 2233 illo,
603 2162 634 2218 et
649 2156 805 2217 tricesimo
823 2157 923 2235 capite
945 2156 1119 2236 indiffercn·
1167 2157 1252 2219 dicre
1277 2163 1308 2220 et
1330 2155 1517 2218 veteratoris
1547 2159 1596 2217 est
1627 2138 1884 2230 ists'tesgirerstlit·

349 2250 424 2312 tiam
441 2248 592 2309 libertatis
605 2265 643 2309 eo
663 2266 766 2322 sensu,
786 2265 849 2326 quo
871 2247 975 2324 debet,
989 2248 1116 2328 accepit.
1168 2250 1238 2310 Non
1251 2250 1336 2312 enim
1350 2247 1589 2327 indifferentium
1603 2246 1657 2326 qui
1672 2247 1704 2306 in
1716 2239 1885 2306 libertabus

348 2342 542 2422 Augustinus
556 2340 642 2401 enim
655 2340 693 2401 de
706 2340 805 2400 libero
818 2339 863 2401 ibi
875 2339 1003 2401 arbitrio
1021 2340 1121 2419 loqui·
1167 2341 1309 2404 finitione
1332 2348 1501 2421 reponunt,
1525 2357 1564 2402 eo
1588 2339 1681 2400 modo
1698 2333 1852 2413 intelligunt,
1861 2333 1886 2390 ul

349 2439 412 2509 tur,
427 2439 581 2514 quatenus
605 2433 640 2492 in
652 2432 710 2493 hac
730 2432 804 2507 rita,
821 2437 852 2492 et
869 2431 903 2491 in
926 2439 1003 2492 statu
1027 2431 1121 2493 cinto-
1167 2433 1251 2495 idem
1262 2434 1301 2495 sit
1315 2451 1387 2495 cum
1400 2432 1587 2509 mobilitate,
1599 2450 1637 2493 ac
1653 2429 1767 2492 levitate
1783 2425 1885 2486 illurn

350 2544 471 2587 remeo
490 2526 621 2595 utimur,
643 2530 675 2584 et
688 2524 806 2603 aliquid
818 2523 982 2599 volumus3
1001 2523 1119 2585 nonde
1167 2525 1267 2601 satili,
1282 2543 1345 2605 que
1365 2525 1460 2585 modo
1474 2542 1549 2603 erga
1561 2524 1634 2598 hoc,
1654 2520 1743 2583 modo
1763 2510 1885 2597 ergeffldl

347 2617 513 2679 beatorum
537 2616 719 2691 necessarie,
742 2622 773 2677 et
793 2613 833 2676 ud
849 2633 950 2676 unum
970 2614 1119 2677 deterrui·
1167 2617 1341 2692 afficim1u;
1356 2635 1418 2696 qua
1431 2617 1552 2678 ratione
1573 2615 1675 2676 brutis
1688 2613 1772 2675 etiam
1782 2609 1884 2670 mma·

348 2714 422 2770 nata
435 2706 603 2769 voluntatis
616 2708 748 2768 actione.
764 2707 853 2766 Vana
874 2706 966 2773 item,
981 2712 1012 2768 et
1033 2706 1120 2767 irrita
1167 2709 1251 2770 tibus
1264 2707 1471 2789 indifferentia
1495 2707 1655 2783 convenit,
1673 2720 1791 2785 quorum
1804 2696 1885 2780 oppeti-

349 2806 423 2862 sunt
436 2803 621 2875 argumenta
634 2797 877 2878 caetern,quibus
890 2797 1033 2872 ostendit,
1054 2803 1120 2859 tam
1168 2801 1267 2863 tiones
1301 2818 1372 2862 suas
1402 2799 1520 2861 babent
1554 2797 1781 2869 vicissitudines,
1800 2788 1885 2853 necin
1953 2862 1954 2871 χ

351 2893 568 2973 Augustinum,
593 2909 690 2970 quam
709 2889 815 2951 Patres
833 2891 920 2963 alios,
937 2907 1009 2951 cum
1027 2890 1066 2952 de
1080 2890 1118 2951 li·
1168 2894 1278 2954 eedem
1303 2910 1338 2953 re
1360 2899 1510 2972 perpetuu
1534 2891 1723 2964 consistunt;
1744 2880 1885 2949 sodindilic
1953 2910 1954 2937 z

348 2985 424 3046 bero
438 2991 536 3062 agunt
553 2983 690 3058 arbitrio,
711 2983 741 3044 ei
764 2982 861 3044 solnm
882 3000 1039 3063 opponere
1067 3000 1119 3043 cu·
1167 2985 1303 3045 rentium
1330 2990 1444 3045 vocent
1471 2984 1644 3063 potentiam
1662 2975 1828 3062 agendive
1842 2989 1886 3034 non

348 3082 489 3155 gentem,
527 3075 758 3154 violentamque
793 3075 1014 3136 necessitatem.
1040 3074 1120 3136 Nem
1168 3076 1292 3156 agendi,
1318 3076 1379 3137 boc
1401 3076 1492 3150 item,
1508 3080 1563 3136 aut
1586 3075 1663 3136 illud
1685 3062 1884 3153 eligendisris

349 3169 456 3230 omnin
469 3168 656 3241 testimonie,
672 3185 742 3247 quae
765 3185 804 3228 ex
818 3167 879 3228 illis
902 3165 1074 3245 exscripsit,
1090 3171 1122 3227 et
1169 3187 1239 3248 quae
1259 3167 1412 3229 voluntati
1435 3167 1514 3229 ratio
1538 3165 1765 3247 praescripserit,
1782 3155 1887 3222 suem

349 3260 463 3341 quibus
476 3259 508 3320 id
526 3259 609 3338 quod
625 3258 692 3319 vult
712 3258 832 3320 efficere
845 3264 987 3331 conetur,
1004 3258 1045 3318 ed
1068 3276 1119 3318 ar·
1169 3279 1236 3321 non
1258 3262 1351 3322 modo
1366 3266 1507 3340 cogente,
1527 3260 1583 3321 sed
1596 3277 1697 3340 neque
1715 3251 1886 3319 determinable
1952 3264 1953 3281 ³

350 3352 478 3413 bitrium
492 3350 626 3412 liberum
648 3356 805 3431 spectant,
821 3369 886 3411 non
908 3350 1059 3419 absolute,
1074 3350 1121 3410 in·
1168 3354 1360 3415 necessitate.
1378 3353 1443 3414 Hoc
1456 3351 1773 3431 indifferentissgenus
1789 3336 1886 3407 inomni

349 3442 499 3522 finiteque
522 3448 692 3522 sumptum,
709 3460 810 3522 neque
837 3442 994 3515 divinum,
1010 3448 1065 3503 aut
1084 3447 1120 3503 ut
1169 3444 1298 3505 arbitrio
1322 3444 1420 3505 libero
1444 3443 1546 3506 inesse
1573 3445 1720 3520 sentiunt,
1737 3429 1887 3522 quantumiit

351 3533 465 3594 Christi
492 3538 555 3607 est,
585 3533 635 3592 vel
663 3534 869 3612 Angelorum,
896 3534 1121 3613 beatorumque
1168 3536 1202 3597 in
1216 3536 1300 3598 bono
1311 3536 1362 3598 vel
1370 3541 1484 3597 ustura
1506 3555 1574 3613 sue,
1591 3536 1641 3598 vel
1654 3537 1722 3598 dote
1732 3521 1886 3614 ‹pdmd
1951 3600 1952 3613 ,

350 3624 529 3705 proprium,
547 3623 649 3684 sedut
663 3625 784 3685 homini
797 3626 938 3700 mortali,
953 3632 995 3700 et,
1011 3632 1046 3687 ut
1069 3645 1121 3687 ro·
1169 3628 1298 3690 ventitia
1321 3627 1471 3705 defixum,
1495 3628 1753 3708 obfirmutnmque
1768 3623 1809 3697 sit,
1820 3613 1886 3680 ut'm

348 3722 430 3792 cant,
442 3714 564 3789 uictori,
579 3716 739 3791 convenit3
751 3735 863 3796 nempe
875 3724 1028 3797 quatenus
1041 3719 1121 3780 eirca
1171 3721 1307 3801 Angelis,
1324 3740 1360 3782 ac
1371 3720 1470 3782 beatis
1481 3721 1666 3784 hominibus
1678 3718 1779 3782 evenit.

348 3807 480 3883 bonum,
496 3806 823 3886 malumquevirtutes,
837 3809 1118 3887 ncubarersatur,
1208 3814 1252 3873 X.
1275 3813 1320 3874 Ac
1340 3814 1366 3873 si
1383 3812 1452 3892 quis
1480 3813 1634 3893 majorem
1660 3817 1769 3894 purtem
1785 3806 1887 3868 l⁰t⁰¹l1l

351 3906 443 3979 atque
457 3903 494 3959 ut
506 3915 632 3959 morum
646 3916 685 3959 ex
698 3917 735 3959 eo
759 3900 879 3978 regula,
896 3901 1120 3981 aestimatioque
1167 3904 1294 3965 illorum
1314 3906 1482 3983 prudenter
1501 3907 1686 3982 consideret,
1705 3920 1768 3984 qun
1784 3891 1888 3961 essm

349 3993 477 4071 petitur,
495 4009 531 4050 ac
553 3991 737 4052 meritorum
758 3991 916 4071 utrimque
942 3993 1117 4055 discrimen.
1168 3996 1290 4071 litteris,
1306 4003 1361 4058 aut
1375 4015 1414 4059 ex
1432 3999 1568 4077 antiquis
1590 3997 1726 4061 Patribus
1736 3991 1836 4057 nunc
1845 4000 1887 4046 ¹11¹·

348 4084 416 4145 Hoc
442 4101 517 4145 vero
544 4083 637 4143 modo
665 4083 844 4146 necessitate
875 4083 962 4145 nulla
988 4086 1121 4148 coerceri
1169 4096 1355 4169 perreseetae
1376 4089 1527 4169 capitibus
1548 4087 1781 4170 aliquotselegit,
1797 4092 1888 4163 ptest*

350 4180 472 4254 potest;
488 4193 545 4235 nec
569 4175 636 4235 sine
658 4173 868 4254 indifferentia,
891 4182 923 4237 et
944 4177 1041 4237 libera
1065 4197 1121 4258 po·
1169 4182 1276 4243 sertim
1300 4182 1334 4242 in
1347 4188 1434 4242 sexto
1448 4181 1527 4242 libro
1542 4183 1622 4243 tomi
1636 4182 1724 4249 tertii,
1738 4171 1887 4240 animadrer

349 4271 460 4326 testate
485 4266 632 4326 utriusvis
646 4266 727 4341 agit,
756 4272 792 4327 ut
818 4285 900 4328 novo
927 4268 1121 4347 dogmatistae
1170 4273 1418 4335 tetinomnibns
1433 4273 1517 4334 haud
1535 4274 1631 4336 aliam
1651 4261 1889 4335 indiderentelor·

350 4356 450 4436 placet
465 4357 499 4416 in
513 4376 562 4433 eo,
589 4357 673 4435 quod
700 4357 803 4434 citavi,
829 4358 938 4438 capite.
962 4361 1122 4440 Expendat
1169 4384 1254 4426 mum
1269 4365 1412 4445 exprimi,
1433 4383 1528 4444 quam
1546 4384 1618 4446 quoe
1632 4351 1889 4427 liberumroluntalit

350 4448 483 4527 impiger
505 4448 601 4508 lector
629 4449 734 4509 omnia
766 4455 908 4511 veterum
932 4453 1119 4530 testimonia,
1169 4457 1415 4531 inclinationem,
1424 4475 1461 4516 ec
1472 4457 1754 4520 determinationem
1764 4444 1887 4515 nudo

351 4556 421 4618 quae
440 4556 496 4617 pru
524 4557 580 4599 sua
604 4539 656 4600 ille
679 4541 826 4620 opinione
851 4551 1075 4606 commemorat
1088 4546 1121 4606 in
1168 4548 1228 4610 hoc
1247 4557 1294 4609 est
1306 4566 1376 4628 quae
1390 4547 1430 4608 ad
1444 4548 1631 4611 alterutrum
1644 4548 1803 4629 eligendum
1814 4533 1888 4602 muti·

349 4636 436 4691 sexto
459 4629 514 4690 illo
527 4629 618 4705 libro,
639 4640 670 4691 et
692 4634 956 4712 quemadmodum
982 4636 1054 4697 inde
1074 4656 1122 4698 ra·
1170 4658 1265 4719 quam
1278 4640 1415 4715 delinita,
1439 4646 1471 4700 et
1483 4640 1571 4720 quasi
1584 4642 1797 4719 circumscripta
1809 4629 1887 4699 sitiit·
1948 4656 1949 4659 ¹

349 4722 535 4798 tiocinetur;
559 4721 652 4800 plane
678 4727 721 4784 ita
747 4742 815 4785 rem
841 4726 967 4803 hebere,
983 4733 1020 4788 ut
1043 4729 1117 4805 dixi,
1169 4737 1204 4793 ut
1226 4731 1424 4792 omnibusad
1437 4732 1594 4811 agendum
1612 4729 1777 4795 necessariis
1793 4719 1889 4809 prediti

350 4813 528 4893 comperiet,
543 4830 578 4873 ac
593 4813 761 4875 caecitatem
773 4815 909 4877 hominis
928 4818 1121 4899 obstupescet
1169 4823 1314 4884 voluntas
1326 4821 1402 4884 velle
1412 4824 1509 4903 possit
1521 4829 1576 4884 aut
1588 4826 1682 4887 nolle.

350 4905 414 4965 suis
428 4904 536 4965 irretiti
558 4904 686 4983 placitis,
707 4924 742 4967 ac
756 4907 895 4985 decretis,
911 4916 942 4970 et
968 4914 1121 4974 contrarie
1208 4916 1274 4975 Hoc
1293 4914 1447 4995 imprimis
1468 4917 1575 4977 omnia
1594 4916 1648 4979 ille
1667 4914 1812 4995 Scriptus
1826 4896 1888 4965 wll·

350 4996 605 5058 secumoratione
619 4999 797 5076 pugnantis.
1168 5006 1275 5068 monia
1301 5005 1482 5086 pradicant,
1510 5026 1581 5087 quea
1608 5027 1705 5071 novus
1734 4995 1890 5088 dogmatum

390 5087 443 5147 IX.
468 5087 530 5148 Sed
548 5088 633 5149 enirn
653 5088 863 5170 indifferentiae
888 5109 1003 5155 nomen
1018 5094 1117 5158 inter-
1168 5098 1295 5173 libavit3
1310 5097 1467 5159 velutlroc
1479 5098 1679 5161 Ecclesiusrici
1691 5117 1699 5159 z
1713 5092 1836 5177 Appomt
1847 5080 1887 5143 uo

349 5179 425 5240 dum
438 5178 499 5240 ulio
513 5197 604 5240 sensu
618 5181 852 5261 interpretatur,
866 5202 924 5246 nec
938 5186 998 5246 illis
1010 5194 1118 5250 contra
1169 5189 1279 5271 ignem,
1296 5196 1324 5250 et
1345 5206 1466 5270 aquom.
1481 5189 1530 5252 Ad
1552 5189 1629 5272 quod
1642 5190 1771 5263 colunt,
1787 5171 1887 5263 pontt&

347 5289 426 5352 quos
439 5271 513 5351 agit,
529 5272 656 5349 usitato;
672 5292 710 5335 er
724 5294 787 5355 qno
800 5276 834 5336 in
847 5276 925 5338 illud
947 5277 1116 5341 absurdum
1166 5300 1285 5342 monum
1315 5288 1410 5342 tuom.
1431 5282 1507 5343 Ante
1532 5281 1673 5344 domim
1698 5281 1754 5342 crta
1776 5282 1800 5336 et
1817 5279 1885 5331 nort:
1946 5286 1947 5321 r

345 5364 464 5442 incidit,
480 5364 564 5444 quod
576 5383 671 5444 supra
684 5369 801 5443 notari,
817 5374 854 5429 ut
866 5369 1115 5434 adversariorum
1164 5372 1271 5437 boam
1283 5381 1311 5436 ot
1325 5372 1454 5449 molum
1464 5373 1703 5457 qoodplacuen‘t,
1713 5353 1884 5434 modom.

372 5561 382 5606 l
398 5562 460 5606 lom.
470 5561 507 5613 lll,
519 5562 560 5608 lib.
568 5564 604 5614 tl.
615 5576 635 5609 c.
650 5566 729 5610 rue-2
742 5567 801 5624 Aug.
815 5568 855 5614 ltb.
867 5568 897 5613 lli
909 5570 936 5615 de
947 5571 986 5616 lli.
995 5572 1043 5617 art.
1056 5584 1105 5630 cup.
1118 5577 1203 5622 riu-³
1216 5578 1268 5624 ticet
1282 5588 1316 5621 rr.
