4122 6184
706 228 1111 306 DEANGELIS,L1B,11,
1139 230 1225 302 GAP,
1258 233 1296 293 X.
1756 230 1793 291 tt

206 392 292 469 talos,
307 396 340 455 et
351 393 491 455 variatis
507 391 569 455 sint
581 399 747 471 amatores,
762 394 816 455 sed
829 395 913 474 qnod
926 395 978 457 ille
1028 402 1180 478 martyres
1197 417 1216 460 a
1239 395 1421 460 Christianis
1444 416 1460 454 ι
1477 400 1628 476 tanquam
1639 394 1796 458 ministros

206 485 288 546 solus
310 486 496 548 naturaliter
515 487 554 548 sit
573 493 605 549 et
621 487 814 555 immortalis,
831 493 975 565 etaerus,
1027 491 1188 569 quosdam,
1211 496 1242 552 et
1257 491 1375 571 legatos
1391 488 1646 569 postulationum,
1668 488 1796 569 quasad

205 578 309 639 catari
331 597 406 641 vero
427 579 703 657 immortalitatem,
723 580 924 641 etveritatem
938 599 977 641 cx
1027 582 1127 643 Deum
1149 584 1340 664 concipimus
1350 592 1372 660 ⁰,
1393 604 1409 641 ιι
1434 581 1557 643 habitos
1574 599 1640 643 esse
1659 581 1797 660 prodidit

205 669 372 750 largitione
396 671 480 734 illius
507 678 754 753 consequentum
785 677 816 735 et
839 672 921 733 aliud
938 672 978 735 sit
1026 676 1185 756 Eunapius
1205 676 1329 755 gentilis
1350 680 1457 737 auctor
1481 675 1513 735 ia
1540 672 1678 736 AEdesio.
1707 673 1796 734 Absit

206 779 318 823 remim
332 781 409 834 esse,
426 769 459 825 et
476 765 551 845 quid
567 765 682 827 habere
699 782 755 844 per
768 764 876 841 semet,
892 764 976 825 aliud
1027 784 1101 846 ergo
1123 767 1218 830 verbo
1234 767 1360 844 invidia,
1371 778 1401 829 et
1414 766 1558 828 mediator
1571 764 1710 828 absolute
1722 783 1795 827 oum

205 855 239 915 in
251 861 406 935 potestate
419 858 563 918 donantis
577 876 653 931 esse,
669 857 753 937 quod
767 856 923 919 habeasa
1026 858 1148 934 dicitur,
1170 861 1220 941 vel
1242 881 1257 919 α
1279 859 1431 921 mediator
1453 859 1507 920 Dei
1528 863 1560 919 et
1578 857 1754 934 hominum,
1777 880 1791 917 ι

243 948 292 1009 Ita
312 956 422 1011 auctor
449 949 564 1029 dialogi
585 950 679 1030 primi
691 947 726 1010 de
748 950 906 1026 Trim'tate,
921 947 976 1028 qui
1026 968 1108 1013 unus
1126 952 1319 1032 intelligatur
1339 951 1478 1012 Christus
1499 950 1658 1012 Dominus.
1679 951 1717 1010 Et
1730 949 1795 1010 Au·

204 1041 286 1104 inter
299 1060 397 1121 opera
407 1042 567 1105 Athanasii
581 1043 681 1104 editus
690 1048 784 1121 est,et
794 1048 840 1104 est
849 1041 976 1104 Maximi
1025 1043 1189 1122 gustinus³
1204 1050 1286 1107 recte
1296 1045 1379 1105 inter
1391 1050 1560 1123 utrumque
1574 1060 1672 1119 genus
1684 1042 1794 1103 distin-

204 1134 366 1215 martyris,
395 1152 521 1196 caumm
548 1135 660 1209 reddit,
688 1153 764 1212 eur,
792 1152 865 1195 cum
892 1152 976 1194 nemo
1025 1139 1103 1216 guit,
1119 1142 1268 1216 utreque
1282 1142 1403 1198 muetos
1416 1136 1456 1197 ab
1470 1135 1678 1197 intercedendi
1693 1134 1794 1196 officio

203 1224 304 1300 boam,
318 1227 382 1287 nisi
394 1226 470 1288 solos
483 1226 561 1289 Deus
571 1225 594 1304 ¹,
610 1226 763 1288 aGhristo
773 1245 837 1288 esse
844 1226 974 1299 dicatur,
1026 1229 1150 1307 penitus
1165 1229 1318 1306 excludat,
1332 1247 1390 1291 nec
1403 1229 1472 1309 pari
1481 1244 1554 1290 eum
1563 1226 1685 1287 Christo
1697 1226 1796 1306 digni-

203 1316 287 1378 idem
311 1323 430 1394 tamen,
457 1320 568 1397 Bonas,
594 1318 729 1398 inquit¹,
752 1318 834 1379 domo
854 1317 889 1379 de
906 1316 978 1380 bomo
1025 1325 1088 1381 tate
1115 1321 1284 1383 censendos
1307 1340 1371 1383 esse
1399 1326 1497 1402 putat,
1525 1319 1580 1399 qui
1604 1317 1792 1398 simpliciter,

205 1408 300 1471 corda
317 1412 369 1472 aui
391 1410 525 1473 thesauro
541 1412 664 1493 profert
685 1410 769 1472 bona.
789 1410 977 1472 »Nimirum
1026 1413 1272 1495 excellenterque
1297 1413 1442 1476 mediator
1461 1416 1526 1489 est;
1543 1413 1630 1486 sicut,
1649 1429 1722 1473 oum
1734 1411 1795 1473 hoc

208 1503 387 1583 «quoniam
406 1506 488 1567 Deus
502 1523 566 1566 non
579 1503 728 1565 bonitatis
744 1503 978 1585 participatione
1026 1505 1166 1568 absolute
1185 1526 1302 1570 nomen
1317 1508 1472 1584 audimus,
1492 1503 1542 1568 vel
1559 1503 1690 1566 dicimus
1703 1503 1792 1581 Dens,

185 1593 306 1657 -bonus
321 1603 380 1675 cst,
390 1597 446 1658 sed
466 1602 513 1658 est
531 1598 600 1677 ipsa
614 1596 747 1673 bonitas,
761 1596 856 1657 homo
870 1601 976 1657 autem
1025 1615 1089 1658 non
1104 1599 1201 1660 oborn
1214 1600 1319 1661 animo
1327 1599 1506 1679 cogitamus,
1516 1615 1612 1677 quarn
1621 1614 1791 1672 summum,

205 1686 352 1750 bonitatis
378 1689 614 1769 participatione
627 1689 729 1750 bonus
755 1694 835 1750 estss.
854 1688 933 1750 »Sic
946 1693 977 1749 et
1024 1708 1061 1750 ae
1086 1709 1196 1755 verum
1225 1694 1342 1770 Deum3
1371 1710 1474 1772 neque
1495 1697 1601 1752 tamen
1621 1689 1793 1771 repreben-

205 1779 315 1841 Cbristi
327 1781 516 1844 vocabulum
529 1781 563 1843 in
569 1781 735 1861 Scripturis
754 1781 977 1843 communicari
1025 1781 1145 1845 dendus
1158 1790 1204 1846 est
1216 1785 1278 1860 ille,
1293 1784 1348 1865 qui
1361 1784 1439 1846 dixit
1455 1783 1548 1861 Masi,
1561 1781 1639 1844 Ecce
1652 1783 1795 1843 constitui

205 1872 298 1935 mam
318 1873 499 1936 bominibus
520 1874 663 1936 observat
682 1872 865 1954 cyrillusin
878 1891 975 1952 ancy·
1024 1881 1052 1935 te
1066 1874 1160 1937 Deam
1178 1875 1384 1954 Piarmois3
1401 1875 1451 1938 vel
1469 1875 1700 1955 Christus1pse,
1722 1892 1795 1937 cum
1911 1922 1912 1925 ,

205 1963 279 2027 elica
299 1964 342 2029 ad
355 1965 529 2029 bonarios:
549 1984 621 2048 qua
634 1972 681 2028 est
692 1965 775 2027 inter
788 1965 863 2027 Acta
875 1965 975 2047 Ephe·
1024 1984 1064 2027 ex
1077 1969 1229 2030 Doride
1206 1988 1250 2031 src
1262 1969 1420 2050 loquitur.
1440 1967 1509 2050 Epo
1524 1966 1603 2047 dici,
1625 1966 1670 2028 dii
1691 1965 1795 2029 estr's'.

205 2057 282 2121 sina.
1025 2059 1113 2132 Quod
1124 2061 1206 2123 rdem
1218 2067 1249 2124 et
1262 2061 1300 2124 de
1314 2061 1438 2124 Domina
1451 2059 1613 2140 vocabulo,
1621 2059 1794 2140 acrequtns

70 2158 151 2222 flat
154 2165 174 2203 ιι
243 2152 479 2232 Sanctosporro
492 2157 558 2212 tam
572 2150 715 2230 Angelos,
729 2168 824 2231 quam
832 2148 976 2211 homines
1025 2151 1222 2233 dicipoterit.

59 2268 186 2312 mm
205 2262 305 2322 nosse,
321 2250 354 2306 et
365 2245 480 2307 intueri
494 2244 602 2307 omnia
613 2244 704 2304 docet
716 2242 880 2322 insigniter
893 2243 977 2304 Basi·
1067 2244 1127 2305 Sed
1140 2245 1231 2307 illum
1249 2244 1415 2323 Augustini
1429 2245 1544 2324 locum,
1566 2245 1621 2327 qui
1640 2244 1711 2307 est
1702 2263 1736 2307 ιιι
1749 2263 1795 2308 se-

68 2320 174 2366 '¹⁸⁸¹‘
205 2335 263 2400 lias
276 2336 405 2399 inlibro
420 2336 466 2399 De
480 2334 757 2417 oeravirpiaitate3
773 2333 829 2396 ubi
842 2335 976 2396 dicatam
1025 2337 1125 2398 cundo
1149 2342 1252 2400 contro
1275 2337 1519 2415 Parmenionem,
1548 2337 1647 2418 capite
1673 2342 1792 2414 octavo,

205 2432 268 2494 Deo
294 2430 450 2511 vbg‘ncm
476 2448 542 2491 non
576 2429 677 2490 solum
710 2427 844 2507 Angelos
876 2427 976 2489 vereri
1025 2428 1115 2490 nobis
1144 2427 1299 2492 intentare
1327 2429 1428 2492 solent
1456 2430 1607 2492 Catholici
1642 2429 1794 2509 dogmatis

206 2530 350 2605 oportere
367 2523 453 2601 dicit,
481 2522 535 2584 sed
558 2521 653 2583 edam
672 2527 805 2596 sanctos,
827 2519 976 2600 quoniam
1025 2522 1201 2599 adversarii,
1216 2527 1366 2602 tanquam
1379 2523 1549 2600 neminem,
1564 2528 1678 2603 praeter
1692 2522 1795 2585 Chris-

206 2616 313 2679 omnia
345 2616 391 2677 illi
420 2614 595 2697 pervident.
628 2635 644 2672 o
670 2615 710 2674 Et
736 2612 808 2694 quid
838 2612 972 2692 singula,
1024 2614 1795 2692 tum,mediatorem,etadvocatumdioi,baberive

205 2710 316 2792 inquit,
356 2725 588 2788 commemoro,
614 2704 805 2785 Angelorum
837 2704 976 2766 infinitas
1025 2707 1105 2768 sinat
1117 2707 1320 2783 Augustinus.
1334 2707 1454 2769 Verum
1467 2706 1715 2769 animadvertere
1723 2707 1794 2768 illos

205 2800 440 2878 multitudines,
469 2817 603 2880 cumque
628 2798 678 2859 his
703 2803 829 2878 patrum
855 2802 976 2859 sanctos
1025 2801 1195 2880 oportebat.
1212 2800 1384 2880 cujusmodi
1395 2799 1581 2861 mediatores
1591 2799 1747 2879 intelligat
1759 2799 1794 2860 in

205 2893 356 2975 spiritus?
378 2894 458 2955 Nam
484 2910 578 2953 nemo
605 2897 651 2952 est
674 2890 811 2960 illorum,
837 2890 891 2969 qui
911 2908 976 2951 nou
1025 2912 1062 2954 ea
1073 2892 1291 2972 disputatione,
1307 2909 1403 2972 quarn
1416 2897 1524 2954 contm
1537 2891 1712 2952 Donatistas
1725 2909 1793 2952 sus-

205 2985 321 3066 ubiqne
350 2992 548 3059 contueatur,
577 3001 651 3045 cum
677 2983 744 3063 ipse
766 2982 893 3063 quidem
911 3000 977 3043 cor·
1025 2985 1116 3065 cepit.
1132 2985 1288 3046 Nimirum
1306 2984 1413 3064 quales
1426 3002 1459 3045 se
1472 3001 1539 3045 case
1549 2982 1709 3063 jactabant
1719 2983 1793 3045 isto-

205 3079 288 3159 poris
306 3078 407 3141 oculis
428 3097 494 3140 non
519 3077 559 3137 sit
577 3075 780 3156 aspectabilis,
801 3075 854 3137 sed
873 3076 976 3136 incor-
1024 3097 1097 3139 rum
1108 3076 1253 3158 episcopi,
1269 3081 1305 3137 nt
1317 3075 1557 3150 Parmenianus,
1574 3074 1630 3155 qui
1647 3077 1794 3139 «media-

206 3190 298 3252 poreo
327 3177 452 3253 aspectu
484 3169 524 3231 ad
556 3168 702 3230 notitiam
737 3167 977 3249 comprehendat
1024 3174 1126 3231 torem
1146 3169 1248 3251 posuit
1268 3167 1447 3248 episcopum
1472 3168 1553 3230 iuter
1574 3169 1738 3249 populum,
1763 3177 1795 3232 et

206 3262 374 3327 omnia⁸.r
1025 3263 1136 3339 Deam,
1154 3282 1170 3320 ιι
1188 3259 1329 3343 quodibi
1341 3260 1434 3322 refert
1454 3261 1657 3341 Augustinus.
1672 3261 1795 3324 Etenim

242 3357 437 3438 Augustinus
450 3356 525 3417 item
538 3371 681 3415 sermone
695 3368 763 3414 xolv
777 3350 812 3413 de
831 3350 974 3429 Diversis,
1025 3360 1217 3416 sacramenta
1236 3352 1342 3414 omnia
1368 3352 1551 3415 Christiana
1575 3354 1732 3431 religionis
1755 3374 1795 3416 ea

207 3450 303 3533 capite
316 3448 440 3531 quinto,
454 3448 494 3509 de
507 3447 613 3523 Paulo,
623 3452 653 3509 et
667 3445 835 3533 Stephano,
850 3444 976 3506 rAmbo
1025 3446 1159 3508 ministri
1173 3446 1350 3508 conditione
1360 3444 1475 3524 valere,
1486 3447 1715 3508 Donatistarum
1727 3447 1793 3509 hae·

207 3542 248 3603 ibi
266 3560 324 3603 ros
344 3540 477 3616 ridetis;
500 3540 591 3601 ambo
611 3538 704 3600 modo
715 3552 890 3599 sermonem
904 3555 975 3597 nos·
1025 3539 1101 3602 resis
1112 3538 1192 3615 fait3
1208 3545 1254 3609 ut,
1268 3537 1294 3598 si
1306 3538 1345 3599 ah
1358 3536 1474 3618 injusto
1488 3539 1792 3618 administrarentur,

206 3640 287 3696 num
298 3633 428 3710 auditis,
442 3632 535 3694 ambo
549 3650 606 3712 pro
619 3630 711 3692 nobis
722 3634 818 3691 orate.
834 3649 849 3686 ι
1026 3651 1092 3694 nou
1110 3632 1203 3693 modo
1220 3630 1301 3692 nibil
1316 3632 1507 3712 prodessent,
1527 3632 1687 3693 sedetiam
1706 3632 1793 3695 obes-

242 3728 295 3789 tx.
321 3727 484 3801 Quocirca,
512 3723 623 3785 sihoc
649 3721 785 3784 maxime
819 3719 976 3782 catholicae
1027 3730 1111 3798 sent,
1146 3729 1177 3786 et
1209 3723 1420 3803 inquinarent
1459 3726 1563 3804 ltaque
1594 3724 1704 3786 merito
1738 3744 1795 3787 suo

205 3819 307 3882 hostes
330 3819 475 3899 Ecclesiae
495 3817 534 3878 ab
558 3815 739 3878 invocandis
767 3813 885 3876 Sanctis
907 3814 977 3874 abs·
1026 3822 1114 3878 sanct
1101 3816 1231 3892 titatem,
1252 3822 1283 3876 et
1302 3816 1437 3877 fructum
1458 3817 1752 3878 sacramentorum
1743 3818 1793 3895 ris,

205 3916 309 3988 terret,
340 3893 425 3991 quod
451 3927 559 3990 preces
585 3915 706 3970 nostras
732 3926 798 3968 non
824 3906 976 4007 audiant3
1026 3909 1185 3989 quibusea
1197 3907 1795 3989 daranttribu1d1cebant,eoquemodo

204 4003 346 4065 desinant
355 4003 469 4082 tngrda
481 4002 536 4064 illa
547 4020 580 4063 se
590 4000 786 4063 excusatione
800 3976 976 4085 defendere'
1026 4002 1109 4063 inter
1127 4000 1280 4076 homines,
1305 4019 1341 4062 ac
1360 4002 1459 4061 Deum
1477 3998 1661 4077 mediatores,
1676 4006 1707 4062 et
1721 4019 1794 4063 con-

204 4114 273 4177 quoe
286 4096 323 4158 in
340 4094 467 4175 Angelis
484 4094 620 4175 profecto
634 4112 699 4156 non
712 4093 804 4161 valet,
821 4110 898 4172 quos
912 4092 976 4153 sin·
1027 4094 1179 4158 ciliatores
1190 4112 1222 4155 se
1232 4112 1297 4154 esse
1306 4092 1526 4173 praedicabant
1542 4093 1630 4166 Quod
1639 4111 1678 4155 ex
1689 4097 1796 4160 mtrltis

203 4189 436 4269 gubsessistere
448 4193 601 4261 nostrum,
618 4193 649 4247 et
666 4203 716 4247 res
729 4190 852 4246 nostras
864 4203 977 4265 procu·
1026 4185 1111 4246 libris
1121 4184 1476 4264 coutraillosscriptisab
1486 4183 1793 4264 Augustinooonstat.

204 4300 274 4343 rare
305 4281 475 4363 Scripturas
507 4280 602 4361 fidem
634 4278 762 4340 iaciunt.
796 4278 905 4355 ltaque
931 4277 976 4338 illi
1025 4280 1189 4355 Hicigitur
1204 4278 1295 4357 plane
1308 4277 1368 4338 hoc
1383 4295 1476 4338 sensu
1495 4282 1590 4358 negat
1608 4278 1797 4345 mediatorem

206 4374 314 4436 mitem
338 4373 477 4435 invocari
496 4377 635 4452 possunt,
649 4376 680 4433 et
694 4367 866 4432 ruedr'otorea
877 4370 975 4430 Deum
1024 4390 1089 4435 esse
1113 4388 1313 4451 quemquam,
1335 4375 1449 4450 praeter
1469 4369 1626 4433 Christum
1641 4372 1740 4438 Deum
1766 4380 1797 4438 et

206 4466 287 4529 inter
300 4471 333 4529 et
347 4484 405 4528 nos
419 4464 569 4532 adluberi
586 4482 624 4526 eo
642 4479 757 4543 genere
770 4458 972 4524 mediatorum.
1023 4463 1196 4539 bominem,
1211 4480 1345 4543 proquo
1360 4461 1466 4524 nullus
1480 4461 1667 4543 interpellat.

207 4558 290 4638 qnod
318 4557 470 4620 catholiea
492 4556 603 4636 ragida
623 4553 804 4636 praeseribit.
828 4553 877 4615 Sic
889 4552 975 4615 enim
1063 4555 1102 4616 Χ.
1136 4557 1259 4617 Rursus
1292 4555 1477 4636 Apostolum
1509 4555 1678 4619 adversarii
1706 4557 1797 4621 nobis

241 4775 469 4837 aAtn.tlial.1
484 4772 632 4837 'Omittit
646 4772 674 4827 ob
688 4772 752 4829 κατὰ
767 4772 858 4847 μετοχὴ
860 4792 872 4825 ν
888 4767 975 4843 druid-
1025 4780 1072 4849 χοῦ
1085 4775 1186 4848 καθορᾷ,
1201 4771 1328 4847 αὗτδςμέν
1344 4774 1460 4847 σώματος
1473 4770 1582 4847 ὄμμασιν
1597 4772 1645 4850 οὺχ
1662 4776 1795 4851 ὁρώμενος,

211 4859 351 4933 Μῦςῖῦτῑι
372 4861 473 4936 ἇγᾱθδς
497 4860 554 4914 ἀλλ’
573 4857 646 4922 ωιτός
667 4857 731 4913 ἔστιν
756 4858 884 4932 ἇγαθότης·
907 4854 922 4909 ὃ
948 4851 975 4906 δὲ
1024 4859 1152 4931 ἀσωμάτῳ
1173 4856 1200 4912 at
1227 4858 1350 4930 βλέμματι
1377 4856 1565 4931 πιριλαμὸάνων
1591 4857 1623 4925 εἰς
1649 4866 1741 4933 γνῶσιν
1766 4861 1798 4916 τὰ

209 4948 328 5022 ΜΡΝ(
341 4947 439 5021 imi]
453 4944 604 5017 ἆῖαθὸΐηῐός
617 4941 682 4996 tetra
697 4942 794 5014 ἀγαθὸς.
1025 4961 1054 4994 σ
1042 4942 1162 5014 ’μπαντα

240 5031 362 5089 ΗΜ
375 5029 425 5082 Ka*
446 5023 471 5082 τί
490 5027 558 5100 λέγω
570 5025 623 5081 ²²⁰
649 5025 770 5091 ἕκαστον
798 5019 848 5080 τῶν
864 5024 976 5099 &Domi
1062 5025 1199 5082 chtttr.
1226 5023 1354 5096 Aldpmptt
1374 5026 1433 5095 γοΰν
1457 5016 1602 5091 ἐκαλοῦντο,
1627 5026 1667 5079 ael
1686 5027 1797 5083 διάκονοί

209 5111 354 5189 ἄναρῐθμητα
379 5108 475 5182 aialim
498 5112 539 5165 καὶ
562 5108 626 5183 μετὰ
644 5096 736 5164 τούτων
750 5108 782 5162 τὰ
795 5114 845 5163 τῶν
864 5111 975 5184 πατέρων
1026 5124 1089 5170 τινες
1101 5126 1143 5160 και
1157 5106 1267 5180 τρέοὸεις
1280 5113 1330 5161 τῶν
1344 5102 1462 5174 αἰτήσεων
1477 5105 1543 5180 παρὰ
1557 5113 1606 5162 των
1617 5108 1688 5166 θεων

207 5199 259 5271 ἅγια
271 5199 415 5272 ιτνῶματα·
431 5192 511 5257 οὐδεὶς
519 5193 567 5269 γαρ
580 5193 661 5248 rotis
661 5191 761 5261 νέατ,ν
725 5193 798 5257 tos
812 5190 872 5266 οὗχὶ
883 5212 975 5248 ταντα·

210 5376 285 5425 Hal.
296 5388 319 5429 r,
333 5376 370 5423 ¹8.
382 5371 439 5416 -b
450 5370 527 5419 uoto.
544 5380 585 5423 ru,
599 5367 634 5419 tt.
643 5389 672 5403 -
683 5369 699 5415 t
709 5368 768 5426 tus.
783 5368 822 5414 nt.
838 5367 859 5413 tt
869 5372 928 5415 mat.
940 5367 1004 5424 mitt.
1016 5369 1092 5417 Peras.
1104 5378 1126 5412 ο.
1136 5362 1243 5412 siru-l
1254 5363 1323 5412 tati
1337 5374 1368 5408 ιιι
1380 5380 1406 5397 ·-
1416 5363 1431 5408 t
1443 5364 1506 5410 torm
1516 5374 1538 5416 r,
1550 5362 1608 5407 tter
1618 5363 1657 5410 Ρι.
1669 5366 1771 5422 amau
