4122 6184
626 240 679 302 Dll
697 238 876 316 Abantis,
898 236 974 300 ΗΒ.
997 239 1052 316 111,
1075 238 1157 302 GAP.
1181 240 1222 302 11.
1676 238 1717 300 θθ

166 409 314 472 omns
325 407 553 471 Alexandrinus
562 405 671 468 eadam
683 403 823 467 imbutus
836 402 901 485 opi·
948 405 1023 468 uilia
1042 406 1213 483 vananbn,
1232 412 1264 468 at
1282 406 1413 468 oiroulos
1433 425 1472 468 ex
1491 422 1580 479 auro,
1604 405 1717 485 quibus

127 500 222 563 aione
234 501 422 583 primumin
433 497 639 581 Pmdopopiro,
654 516 726 559 oum
739 498 899 578 voluptate
947 498 1073 560 brachia
1094 504 1262 576 aremnurr,
1287 505 1318 560 et
1337 498 1563 561 medicamenta
1575 516 1614 560 ex
1631 497 1714 574 iuro,

125 593 441 674 dqrrurutumabripi
449 591 897 664 animumanissataflomm,
948 591 1060 670 qrribus
1086 590 1167 652 lanea
1200 591 1389 668 colorantur,
1416 596 1447 653 at
1478 589 1581 651 illlum
1613 590 1716 669 ipsum

125 686 239 765 inquit,
252 685 405 749 indidum
417 685 476 746 tibi
488 684 630 766 prebent
641 683 764 763 Angeli,
778 683 833 763 qui
844 681 899 745 Dei
947 682 1076 761 nigrum
1097 683 1270 763 pulverem,
1300 701 1363 763 qno
1396 683 1558 744 oculorum
1591 681 1718 744 exordia

125 778 394 858 prlebritudinem
413 778 608 857 reliquerunt
625 779 753 856 propter
766 775 898 857 pulelui·
947 774 1204 854 producuntur.»

124 871 282 947 tudinem,
296 888 369 950 quan
391 869 551 947 tlaooessit,
576 887 612 930 ae
635 873 794 929 tantuma
822 868 900 930 eoelo
988 867 1023 927 ld
1036 867 1129 928 etiam
1142 869 1176 927 in
1189 867 1269 929 libro
1278 868 1323 929 De
1334 866 1420 929 culte
1428 866 1621 948 feminarum
1631 884 1718 947 repe-

123 962 245 1043 delapsi
257 963 505 1025 suntinterram
519 972 577 1024 ἣν
600 962 638 1022 Et
650 961 686 1021 in
699 959 789 1021 tertio
812 958 900 1022 Stro-
947 959 1024 1019 titur
1040 959 1065 1020 ⁸.
1089 961 1130 1020 Et
1155 959 1189 1020 in
1216 958 1295 1021 libro
1309 959 1344 1020 de
1363 959 1534 1041 Virginibus
1555 954 1714 1035 aebudis',

126 1064 251 1129 maon,
270 1076 289 1115 ε
299 1057 372 1118 lam
385 1072 460 1117 vero
474 1060 506 1115 et
518 1052 629 1133 Angeli
643 1053 773 1132 quidam
786 1051 899 1114 intem·
947 1052 1070 1112 tametsi
1085 1052 1120 1113 in
1135 1051 1189 1113 illo
1203 1051 1271 1113 loeo
1299 1050 1426 1128 Genesis,
1440 1051 1536 1113 Filios
1553 1051 1612 1114 Dei
1628 1052 1714 1131 legit,

125 1147 270 1226 pueritia
298 1148 396 1222 duob,
417 1146 493 1208 vien
519 1145 687 1226 eupiditate
708 1145 803 1206 huoe
821 1145 899 1206 eoelo
947 1148 1054 1205 umen
1071 1145 1205 1224 Angelos
1226 1144 1467 1224 interpretatum
1493 1150 1618 1226 propter
1638 1160 1716 1225 quos

125 1237 312 1301 desiderum
333 1239 358 1301 θ.
382 1260 398 1297 ο
419 1239 455 1300 ln
470 1238 579 1318 quinto
603 1254 680 1298 vero
699 1236 900 1315 Angeloa'ait
946 1236 1078 1297 velanda
1097 1236 1265 1298 mulierum
1286 1236 1387 1316 capita
1409 1237 1467 1297 diei
1495 1236 1534 1296 ab
1568 1236 1716 1316 Apostolo

124 1332 252 1393 eosdem
270 1332 446 1394 mulierum
465 1330 566 1411 speeie
584 1334 701 1408 raptos,
726 1329 765 1389 iis
787 1346 900 1390 aroana
946 1333 1046 1408 putet,
1068 1329 1219 1409 inpriore
1235 1327 1275 1390 acl
1292 1325 1461 1390 Coriottrbs
1481 1326 1504 1403 θ,
1527 1346 1641 1408 equos,
1657 1328 1710 1405 ait,

124 1441 286 1503 munem,
302 1443 340 1486 aa
352 1424 513 1486 reoondita
525 1420 700 1501 patefecisse
716 1438 724 1481 ι
748 1420 898 1501 «Angeli,
946 1420 1107 1500 legimusa
1120 1424 1194 1500 Deo,
1206 1421 1325 1483 etooelo
1341 1420 1489 1482 erudisse
1503 1420 1544 1481 ob
1556 1422 1716 1502 consupis-

125 1515 239 1595 nanu,
267 1515 328 1593 illi,
350 1516 465 1597 quibus
490 1532 625 1595 superna
648 1530 716 1574 sors
736 1512 898 1593 obtigerat,
948 1513 1083 1574 oannem
1104 1514 1305 1591 feminarum,
1323 1519 1381 1575 ato.
1403 1512 1500 1575 Debet
1515 1529 1588 1591 ergo
1606 1514 1716 1576 udum·

124 1606 243 1688 delapsi
270 1608 312 1670 ad
335 1608 525 1688 voluptates,
552 1605 757 1667 enuntiarunt
790 1622 900 1666 maana
947 1605 1033 1667 brari
1053 1606 1146 1669 iacies
1163 1613 1228 1668 tam
1255 1606 1436 1686 periculosa,
1464 1624 1536 1687 quer
1559 1606 1717 1688 usquead

124 1697 902 1782 mulieribus,etquaeeumqueadeorumvenerunt
948 1697 1062 1758 eoelum
1088 1699 1231 1761 seandala
1252 1698 1389 1780 jaculata
1410 1704 1467 1776 est,
1498 1704 1533 1760 ut
1556 1716 1628 1761 oum
1652 1701 1716 1761 Deo

123 1792 351 1871 oognitionem,
367 1791 487 1854 autema
509 1790 636 1871 Angelis
653 1788 899 1866 occultantibus3
949 1789 1104 1865 assistens,
1120 1792 1170 1852 oui
1192 1808 1242 1852 res
1254 1796 1301 1852 est
1320 1790 1510 1870 Angelorum
1529 1791 1716 1853 extermina-

123 1883 172 1945 rel
180 1886 288 1966 potius
301 1886 343 1947 sd
356 1884 482 1948 Domini
499 1883 670 1945 adventum
690 1900 728 1944 ea
740 1899 900 1944 reservari·
948 1887 1095 1945 torum.»
1117 1883 1262 1945 Meminit
1283 1889 1315 1944 et
1331 1884 1365 1944 in
1378 1885 1488 1963 quinto
1508 1890 1611 1946 eontra
1630 1883 1717 1946 Mar-

122 1975 207 2038 tibns
231 1986 256 2038 ⁶.
284 1998 302 2036 υ
331 1977 425 2058 Apud
450 1976 600 2038 Pbotium
639 1975 742 2036 codiee
783 1988 897 2036 sumu
949 1973 1069 2036 aunan.

123 2069 302 2150 Stephanus
318 2071 460 2132 Goburus
466 2066 629 2145 Tritheita‚
642 2067 812 2148 questione
825 2083 897 2128 τινι
990 2068 1042 2128 lv.
1059 2067 1233 2148 cyprianus
1243 2066 1283 2128 ab
1296 2066 1486 2129 Tertulliano
1502 2066 1580 2130 illud
1594 2068 1719 2131 edoctas

123 2161 347 2240 problenmtiae
360 2168 527 2241 utramque
540 2163 576 2223 in
589 2166 711 2241 partem
724 2160 856 2222 disserit.
950 2164 996 2220 est
1008 2160 1047 2221 de
1059 2159 1148 2232 fusis,
1164 2166 1195 2221 et
1213 2158 1413 2238 ornamentis,
1428 2178 1500 2240 que
1519 2160 1666 2223 mulieres
1678 2160 1718 2224 ab

163 2254 221 2316 Ill.
249 2253 303 2316 Sio
329 2254 538 2316 Tertullianus
563 2253 645 2314 libro
659 2252 694 2314 de
707 2250 896 2331 Idololatria,
949 2252 1138 2314 amatoribus
1148 2251 1340 2332 suisAngelis
1351 2252 1533 2328 didicerunt,
1548 2252 1670 2315 inlibro
1684 2253 1720 2315 de

125 2347 225 2426 eapite
240 2363 271 2409 nt
285 2348 325 2409 de
337 2347 513 2426 Astrologia
524 2346 655 2427 loquens
666 2346 710 2406 ait
731 2366 747 2404 (ι
765 2344 899 2423 Angelos
949 2343 1129 2424 Disciplina,
1153 2348 1182 2406 et
1197 2342 1302 2407 babitu
1313 2344 1463 2424 virpioum
1482 2346 1521 2405 Et
1540 2344 1574 2406 in
1591 2346 1671 2407 libro
1684 2346 1720 2409 de

124 2456 192 2500 eme
209 2439 282 2501 illos
306 2441 478 2501 desertores
497 2438 564 2513 Dei,
589 2443 745 2499 amatores
768 2435 900 2499 femina·
949 2434 1101 2499 idolorum
1116 2440 1256 2513 vanitate,
1269 2437 1332 2498 sive
1346 2436 1449 2517 potius
1459 2436 1615 2499 Minucius
1627 2438 1719 2501 ibiab

124 2549 210 2608 rum,
247 2530 421 2612 proditores
454 2533 549 2593 etiam
574 2530 669 2610 hujus
701 2529 898 2608 curiositatis,
948 2527 1002 2589 illo
1015 2527 1196 2610 descriptus,
1212 2529 1370 2590 daemones
1384 2549 1400 2587 (ι
1413 2529 1539 2609 spiritus
1549 2530 1720 2593 insincerus

125 2630 295 2705 propterea
317 2642 443 2705 quoque
468 2624 782 2685 damnatoran.»
810 2623 901 2684 Elin
949 2625 1089 2700 etvagos
1110 2640 1175 2683 esse
1189 2621 1273 2694 dicit,
1295 2621 1349 2701 qui
1372 2628 1574 2702 posteaquam
1588 2625 1720 2687 terrenis

124 2716 207 2777 libro
228 2715 267 2778 de
281 2714 401 2777 Habitu
421 2715 567 2778 muliebri
589 2714 682 2777 latius
705 2713 901 2794 disciplinam
949 2712 1033 2774 vitiis
1052 2713 1193 2775 immersi
1213 2719 1297 2791 sunt,
1313 2719 1345 2775 et
1357 2732 1377 2774 a
1389 2713 1497 2795 vigore
1515 2717 1641 2795 eoelesti,
1655 2723 1718 2780 ter-

125 2809 213 2871 illam
237 2808 424 2870 mulieribus
445 2808 592 2871 traditam
608 2808 900 2869 adaemonibusex-
949 2807 1720 2890 renouantagioreeesserunt,nondesinuntperditi

125 2902 357 2964 tenditzslttam
370 2900 467 2977 etilli,
479 2898 612 2981 inquit¹,
623 2899 679 2980 qui
691 2899 902 2961 eaeonstitue-
950 2898 1089 2977 perdere.
1106 2920 1122 2957 a
1138 2898 1198 2961 Ubi
1215 2901 1254 2961 ad
1269 2899 1411 2960 eamdem
1425 2900 1463 2961 de
1477 2903 1629 2982 corruptis
1648 2920 1717 2963 mu·

127 3000 214 3070 runt,
227 2993 405 3074 (muliebria
415 2993 530 3055 scilieet
540 2989 741 3073 ornamenta)
753 2992 902 3052 damnata
949 2989 1078 3052 lienibus
1091 2991 1274 3072 opinionem
1289 2991 1402 3053 allusit.

126 3086 161 3147 in
183 3104 315 3167 paenam
339 3085 448 3147 mortis
472 3086 677 3165 deputantur3
714 3083 760 3144 illi
787 3083 902 3145 scilieet
989 3085 1164 3145 aasentias
1183 3084 1259 3146 item
1282 3081 1305 3159 ⁸,
1328 3101 1422 3163 quem
1445 3084 1602 3165 superiore
1620 3086 1720 3168 eapite

126 3180 251 3261 Angeli,
272 3179 329 3259 qui
346 3179 387 3240 ud
406 3178 485 3239 filias
507 3178 672 3240 homiuum
687 3177 725 3237 de
739 3177 900 3238 eoelorue-
950 3175 1195 3255 retuli,Angalos
1208 3195 1227 3236 a
1241 3175 1363 3237 diabolo
1371 3176 1541 3238 mulierum
1548 3177 1720 3259 implicatos

126 3279 212 3347 runt,
223 3277 262 3332 ut
273 3272 475 3351 bacquoqua
490 3268 661 3351 ignominia
672 3266 797 3330 feminae
812 3285 900 3331 aoce-
950 3268 1107 3329 amoribus
1121 3274 1219 3349 putat.

125 3364 190 3427 dut.
210 3365 302 3438 Nam,
326 3370 358 3425 et
380 3381 453 3424 oum
470 3363 615 3424 materias
641 3362 793 3441 quasdam
821 3361 901 3424 bene
991 3360 1142 3422 Eusebius
1155 3361 1323 3442 quoquein
1331 3360 1527 3444 libroquinto
1539 3363 1575 3426 sle
1587 3364 1717 3448 Praepa-

126 3456 273 3533 omnus,
280 3460 314 3516 et
329 3460 411 3516 artas
420 3455 582 3535 plerasque
589 3472 655 3515 nou
661 3453 741 3515 bene
750 3452 902 3515 revelatas
950 3454 1067 3515 ratione
1092 3454 1291 3534 Euespelica,
1307 3455 1447 3534 gigantes
1460 3458 1499 3518 ab
1514 3459 1639 3536 Angelis
1648 3478 1719 3541 pro-

127 3549 241 3610 mulo
263 3547 364 3609 midto
386 3547 488 3627 magis
513 3546 657 3627 imperito
681 3546 899 3626 prodidissent,
950 3550 1068 3606 creatos
1086 3547 1251 3608 existimat.
1276 3548 1315 3608 nt
1332 3547 1506 3610 llethodius
1526 3551 1665 3615 orabono
1682 3552 1718 3614 sle

128 3641 167 3721 (si
178 3640 309 3721 quidem
322 3646 354 3702 et
367 3640 566 3701 metallorum
579 3656 675 3718 opera
692 3639 899 3715 nudaverant,
950 3636 1185 3702 Resurrectiorte.

127 3739 159 3796 et
173 3732 344 3795 herbarum
356 3732 483 3811 ingenis
491 3732 703 3806 traduxerant,
720 3737 752 3792 et
764 3730 902 3791 ineantu-
991 3729 1131 3810 Perinde,
1146 3738 1182 3793 ut
1195 3732 1252 3810 illi,
1267 3732 1415 3813 loquitur,
1430 3751 1466 3793 ao
1483 3734 1577 3797 sentit
1589 3736 1718 3798 Ambro-

129 3826 253 3887 tionum
284 3824 369 3886 viras
399 3822 675 3904 provulgaverant,
710 3828 740 3883 at
774 3839 901 3883 omnem
949 3821 1013 3883 sius
1026 3823 1120 3884 variis
1133 3823 1167 3884 in
1179 3824 1311 3886 loeisln
1323 3824 1573 3906 ApolopioDavill
1581 3826 1715 3909 priore⁷‚

126 3917 352 3993 amenitatem,
372 3915 523 3995 usquead
541 3915 702 3977 stellarum
720 3915 901 3993 interpreta-
953 3916 1050 3975 «Non
1063 3915 1185 3977 mirmis
1196 3917 1368 3991 hominem,
1378 3923 1408 3977 et
1416 3918 1541 3998 Angelis
1550 3920 1716 4001 adsequan-

125 4010 250 4071 tionem
262 4005 508 4088 designaverant)
523 4006 660 4088 proprie,
669 4012 700 4068 et
708 4006 796 4087 quasi
809 4024 901 4085 peou·
950 4007 1027 4067 dum
1039 4007 1171 4086 judiees,
1187 4009 1360 4088 plurimum
1372 4009 1446 4070 vitae
1459 4028 1535 4088 suae,
1545 4011 1610 4072 imo
1623 4031 1642 4073 a
1654 4031 1716 4092 pu·

127 4101 248 4163 liaritm
262 4101 506 4162 instrumentum
520 4100 605 4161 istud
617 4098 776 4161 muliebris
793 4098 902 4179 glorias
951 4099 1050 4176 aritia,
1066 4099 1100 4160 in
1113 4099 1239 4175 divitiis,
1256 4099 1437 4177 honoribus,
1451 4101 1589 4182 imperiis
1606 4102 1716 4166 demo·

128 4194 345 4271 contulerunt,
359 4193 481 4255 lumina
495 4191 684 4273 lapillorum,
699 4191 813 4272 quibus
832 4208 900 4252 mo·
950 4196 1084 4260 rentem,
1112 4191 1147 4251 in
1172 4192 1279 4253 multis
1312 4192 1535 4254 tentationibus
1569 4196 1716 4275 positum,

127 4394 366 4462 οθσθιςθτσστθσιι,
378 4397 464 4470 mli-‚tl
483 4395 558 4469 ἀρχῇ,
573 4388 645 4458 οὗτος
655 4412 683 4448 τι
697 4393 764 4462 ὁτῆς
777 4392 847 4462 θλης,
861 4390 903 4446 καθ
949 4390 991 4445 did
999 4392 1090 4455 κάλλος
1100 4395 1290 4466 μαραινόμενον,
1304 4393 1344 4447 καθ
1357 4399 1476 4450 τοσοῦτον
1491 4397 1541 4466 (an
1555 4402 1683 4471 τοσοῦτοι)
1695 4396 1719 4463 ἐξ

127 4487 179 4536 νῦν
192 4479 219 4535 tv
233 4479 296 4554 αὐτῇ
310 4479 381 4534 εἰδῶν
395 4479 539 4553 όρχων,ιιαθ
552 4479 692 4551 θτεροςτῶν
701 4477 793 4551 repleb
804 4481 903 4549 πρῶτον
950 4474 1061 4549 bipertiri
1071 4478 1247 4540 καταπεσόντες
1261 4477 1350 4551 χαμαί.

127 4570 206 4620 ταῦτα
219 4563 358 4634 παρθαεμα.
373 4560 427 4617 ἴστε
441 4560 468 4615 θθ
483 4561 556 4633 μηθθν
577 4560 641 4634 ἡμᾶς
657 4560 797 4633 ἀμάρτυρον
811 4559 902 4632 λόγοιν,
987 4559 1004 4615 ὁ
1022 4558 1100 4616 ldetn
1114 4558 1162 4615 lib.
1178 4560 1215 4616 Ill
1231 4562 1339 4617 Slrom.
1352 4558 1425 4632 ’Ἢθη
1436 4561 1463 4618 dl
1475 4564 1516 4617 καὶ
1531 4564 1633 4638 ἄγγελοί
1646 4585 1717 4632 τινες,

129 4648 188 4703 dii
201 4649 257 4708 ταῖς
273 4647 408 4719 προφήταις
423 4643 590 4717 terrebimur
605 4644 711 4716 μηνόιιν.
736 4643 843 4697 Ἐκεῖνοι
859 4640 902 4714 pto
951 4640 1063 4716 ἀκρατεῖς
1073 4644 1210 4716 γενόμενοι,
1236 4641 1350 4718 ἐπιθυμίᾳ
1374 4644 1484 4710 ἇλόντες,
1498 4646 1627 4720 οόρανόθεν
1646 4651 1719 4725 θεΰρο

127 4730 164 4797 εἰς
176 4729 305 4801 kabrata
316 4731 432 4793 πεσόντες
443 4728 579 4801 παρθένων,
588 4729 629 4783 sal
639 4727 729 4795 ἥττους
738 4726 826 4800 σαρεθς
835 4724 903 4799 εόρε-
950 4726 1178 4781 martaritanus.

128 4816 220 4878 θέντος.
235 4805 309 4876 οὗτος
330 4812 358 4868 bl
385 4812 522 4885 ieelim,
545 4811 587 4866 aul
608 4809 781 4884 πονηρθςπτρθ
795 4807 839 4877 τὴν
853 4814 904 4863 τῶν
987 4808 1099 4867 aldem
1113 4808 1160 4867 lib·
1177 4810 1209 4868 V.
1227 4810 1257 4865 Ol
1270 4809 1371 4884 ἄγγελοι
1387 4810 1412 4866 οἱ
1426 4813 1468 4867 τόν
1484 4814 1536 4867 όνεο
1548 4815 1640 4888 κλῆρον
1654 4815 1720 4886 rdia-

129 4898 329 4969 ιεεκυστωμθνων
342 4897 475 4969 γενόμενος
486 4892 614 4965 διοίκησιν.
631 4891 657 4947 ἐκ
669 4892 711 4967 μὲν
729 4886 771 4947 οὖν
785 4898 835 4947 τῶν
849 4893 904 4966 περὶ
951 4893 1033 4965 χότες,
1043 4892 1263 4961 κατολισθιόσαντες
1277 4894 1310 4958 εἰς
1322 4893 1422 4963 ἡδονὰς,
1436 4894 1535 4964 distros
1548 4897 1580 4953 τὰ
1593 4898 1721 4973 ἀπόρρητα

131 4978 176 5042 ἃς
204 4979 336 5052 upum<
363 4974 490 5051 όχόντυν,
518 4974 543 5032 οἱ
569 4974 717 5050 sertensi
745 4972 904 5048 όγεννήθησαν
952 4977 1006 5038 ταῖς
1015 4974 1133 5047 γυναιξίν,
1145 4977 1192 5032 θσα
1206 4996 1232 5032 τε
1247 4977 1280 5041 εἰς
1292 4984 1382 5052 γνῶσιν
1396 4978 1476 5033 αὐτῶν
1486 4979 1586 5052 όρῖετο,
1599 5001 1719 5057 περιττόν-

131 5064 252 5137 ρεμης,
952 5077 1001 5113 των
1017 5066 1068 5113 τῶν
1081 5058 1164 5113 Drios
1181 5060 1303 5134 θγγθλων,
1322 5060 1418 5135 μᾶλλον
1433 5062 1459 5117 δὲ
1472 5063 1609 5136 τηρυθντων
1624 5064 1656 5130 εἰς
1676 5065 1719 5135 τὴν

169 5162 193 5203 a
208 5149 293 5204 Cin.
321 5146 408 5201 Auen.
424 5140 474 5200 lib.
489 5142 514 5199 ll
532 5142 610 5200 Poed.
628 5157 689 5213 cap.
705 5156 735 5198 11.
751 5141 846 5215 Διΐγμθ
864 5161 904 5197 σοι
951 5146 996 5197 τοῦ
1009 5140 1094 5215 κυρίου
1121 5143 1267 5216 παρουσίαν.
1281 5142 1350 5202 Vide
1376 5149 1405 5202 et
1428 5144 1504 5216 phot.
1531 5146 1593 5206 eod.
1615 5165 1668 5205 cu.
1684 5164 1719 5206 ex

4 5296 6 5321 γ
131 5228 226 5287 υσθυε
245 5229 269 5285 oi
291 5227 400 5302 ἄγγελοί
420 5230 465 5280 τσθ
478 5227 532 5281 θεοῦ
546 5226 678 5289 τθεθλλος
699 5225 905 5288 καταλελοιπότας
952 5229 1102 5299 Hypotyp.
1119 5226 1208 5284 Clam.
1222 5225 1295 5297 ejus.

157 5387 168 5432 t
184 5387 234 5445 θιρ.
245 5399 301 5434 u.-
313 5387 329 5431 A
340 5386 397 5441 cap.
408 5393 461 5427 r.-
473 5382 548 5441 tttrp.
562 5392 631 5430 ενιι-
640 5381 655 5429 θ
665 5382 718 5439 cip.
731 5381 815 5429 rra-t
828 5382 882 5439 cip.
895 5391 985 5429 ενιυμ
996 5382 1011 5427 t
1021 5379 1069 5428 ns.
1079 5380 1166 5440 timp.
1177 5392 1241 5428 rri-
1253 5382 1266 5427 t
1279 5380 1332 5440 Gap.
1341 5393 1359 5429 ι.
