4004 6168
314 376 374 438 572
861 329 1063 449 cernuum
1083 381 1137 444 AD
1156 381 1309 446 LIBRUM
1329 383 1356 444 ll

314 551 361 606 est
374 551 433 609 etc.
449 549 490 609 sit
501 550 601 628 gratia
620 556 741 613 natura
758 551 918 626 attributa
938 569 1001 632 qua
1024 567 1079 611 su·
1133 547 1211 611 tiam
1223 566 1282 610 nos
1294 549 1439 612 exaltare.
1455 549 1525 611 Non
1537 549 1624 611 enim
1635 553 1898 630 potestatum

315 655 384 700 mus
407 640 577 730 animantia
590 643 765 719 rationalia,
781 645 1081 723 discernimurquea
1131 640 1484 720 quodasenoubabet,
1500 641 1555 703 sed
1568 640 1809 721 aeeepitsllto.
1823 638 1899 717 ³15³,

313 731 491 811 pecoribus;
506 734 651 795 sitatiam
662 737 762 815 gratia
772 744 893 799 naturae
912 736 1078 812 adtributa,
1132 733 1256 813 propria
1269 739 1430 814 potestate,
1457 735 1586 811 donare,
1600 760 1614 789 ι
1633 740 1692 795 etc.
1714 732 1783 794 Lib.
1810 732 1851 792 lv
1869 730 1902 792 de

314 841 375 903 qua
387 824 421 884 in
430 824 503 904 ipsis
515 826 694 888 hominihus
710 848 730 889 a
747 829 935 891 deformibus
947 827 1078 909 pulchri,
1134 823 1248 887 Trr‘nt't.
1262 848 1278 886 a
1292 827 1452 888 Descendit
1469 827 1566 888 Filius
1584 826 1650 904 Dei,
1665 833 1703 887 ut
1720 825 1794 899 boc,
1820 824 1903 905 quod

313 915 363 976 vel
375 915 527 995 ingeniosi
539 918 784 982 discernuntura
796 921 901 983 tardis.
918 939 953 982 ac
965 920 993 981 si
1007 919 1082 999 quid
1132 924 1243 980 natura
1257 928 1304 981 est
1317 920 1438 992 servile,
1454 925 1485 980 et
1495 920 1622 996 tactum,
1646 919 1707 980 lroe
1725 923 1774 979 est
1786 935 1858 990 nos,
1872 915 1903 976 in

314 1008 467 1085 ejusmodi
479 1017 526 1071 est
545 1030 551 1070 :
569 1013 701 1073 sednon
716 1032 749 1074 sc
771 1014 834 1089 ille,
850 1031 944 1092 quem
959 1029 1080 1073 coerce-
1131 1010 1274 1089 gloriam,
1290 1012 1433 1092 quesibi
1455 1012 1530 1088 soli,
1546 1018 1578 1074 et
1596 1011 1722 1092 proprie
1741 1011 1837 1085 inest,
1851 1008 1903 1068 de·

313 1099 368 1160 bat
387 1102 563 1180 Apostolum,
587 1105 734 1166 adversus
753 1124 847 1186 pecus
868 1105 1007 1178 inflabat,
1023 1122 1081 1165 nec
1130 1102 1267 1179 duceret,
1277 1103 1357 1165 filios
1372 1104 1429 1164 Dei
1441 1103 1588 1181 efficiens,
1603 1108 1663 1165 etc.
1679 1103 1742 1163 Nos
1754 1100 1825 1181 ipse
1833 1118 1901 1179 pro-

314 1192 460 1255 adversus
479 1194 639 1257 hominem
660 1198 804 1273 alterum,
820 1200 858 1259 de
871 1198 975 1278 aliquo
989 1202 1080 1258 natu·
1130 1194 1216 1255 vehit
1241 1195 1281 1256 ad
1303 1195 1486 1273 dignitatem
1521 1213 1616 1275 supra
1637 1200 1800 1256 neumam.
1830 1193 1900 1265 Nos,

314 1284 372 1345 rali
385 1303 527 1354 mrrnere.
542 1290 627 1367 quod
640 1290 739 1351 inesse
759 1296 873 1370 posset,
888 1290 1080 1370 etpessimo;
1131 1292 1257 1367 propter
1279 1287 1381 1364 illum,
1398 1305 1491 1368 super
1512 1287 1676 1367 nosipsos,
1701 1286 1807 1365 gratia
1826 1285 1899 1363 eins

313 1377 367 1437 sed
379 1377 503 1458 aliquod
516 1380 647 1443 bonum.
659 1383 743 1461 quod
756 1384 924 1462 pertineret
934 1382 974 1444 ad
986 1382 1083 1443 vitam

313 1467 440 1545 bonam,
457 1472 515 1533 sibi
528 1491 592 1534 non
606 1475 668 1535 Deo
687 1475 826 1535 tribuens
840 1474 1008 1535 inflabatur
1019 1478 1076 1535 etc.

315 1562 356 1622 Ut
383 1564 532 1625 enimait
558 1573 688 1642 naturae,
718 1566 814 1627 fidem
838 1585 926 1647 posse
951 1566 1076 1643 habere,

314 1657 468 1734 numquid
491 1663 522 1717 et
542 1657 679 1719 habere?
707 1660 797 1720 Posse
817 1659 933 1720 habere
956 1659 1077 1728 Fidem,

314 1747 393 1807 sicud
406 1765 494 1826 posse
507 1748 621 1811 habere
636 1751 814 1824 Caritatcm,
831 1756 951 1812 naturae
961 1756 1007 1813 est
1019 1751 1080 1811 ho·

313 1840 435 1900 minum
452 1860 459 1901 :
475 1840 589 1903 habere
610 1849 716 1904 autem
741 1843 859 1911 Fidem,
878 1843 1081 1922 quemadmo-

313 1932 388 1992 dum
402 1932 516 1994 habere
526 1934 703 2010 caritatem,
719 1936 826 2014 gratim
838 1940 884 1996 est
894 1934 1046 1996 fidelium.
1057 1955 1073 1991 n

314 2022 387 2084 Haec
406 2041 480 2085 sane
503 2025 545 2086 ita
572 2026 654 2086 clare
680 2043 774 2105 supra
799 2031 955 2103 naturam,
984 2027 1079 2087 etiam

313 2114 523 2191 innocentem,
540 2118 754 2196 naturaliaque
777 2118 1081 2180 omniabonafidem

313 2205 456 2278 efferunt,
470 2208 638 2281 caritatem,
656 2215 689 2270 et
701 2210 851 2290 quidquid
865 2210 905 2271 ad
925 2210 1080 2272 coelestem

312 2297 538 2362 beatitudinem
560 2300 695 2376 confert,
721 2307 758 2363 ut
787 2302 990 2382 explicatione
1015 2321 1080 2364 noa

312 2397 433 2469 egeant.

354 2483 417 2544 Sed
448 2503 506 2545 nec
541 2485 646 2547 minus
669 2483 751 2547 clare
775 2486 909 2565 loquuti,
934 2486 989 2565 qui
1012 2492 1082 2566 post

312 2575 416 2654 ipsum
430 2576 614 2639 floruerunt.
640 2577 753 2639 Coelius
775 2578 918 2639 Sedulius
941 2578 1079 2658 presbyt.

314 2667 370 2749 Op.
391 2667 500 2731 Poscit.
524 2670 545 2731 l.
570 2670 622 2731 ΙΙΙ.
642 2672 711 2730 «itt
729 2670 813 2749 quod
837 2670 920 2731 solus
940 2671 1077 2746 habeto

312 2766 370 2820 etc.
398 2779 493 2840 quem
520 2761 625 2823 locum
655 2762 756 2822 soluta
786 2762 924 2823 oratione
951 2764 1079 2842 exponit

311 2854 332 2917 l.
350 2856 392 2928 Il,
408 2874 434 2917 c.
451 2873 485 2915 xr
508 2854 548 2916 ab
568 2856 605 2916 iis
618 2855 729 2916 verbis.
750 2875 765 2912 a
787 2854 947 2917 Orandum
971 2856 1079 2919 docuit

312 2947 465 3023 Patrem»
476 2953 533 3011 etc.
543 2946 630 3008 Nilus
639 2946 698 3008 Ab.
710 2952 786 3008 orat.
799 2965 846 3007 ιιι
859 2944 894 3007 de
904 2946 989 3008 thoni
996 2948 1075 3027 glor.

315 3038 862 3119 «Ortrbeigratia,tanquampropria
875 3041 1077 3119 possessione,

310 3138 341 3194 te
351 3131 460 3210 jactas,
470 3158 484 3186 a
498 3138 555 3194 etc.
567 3132 870 3212 cyrillusAlerandr.
890 3130 972 3192 Thes.
988 3132 1010 3193 l.
1022 3134 1076 3209 IV,

311 3243 339 3286 c.
356 3242 378 3285 1.
398 3225 538 3303 «Angcli
559 3225 657 3286 sancti
675 3224 801 3303 quidem
819 3227 892 3283 sunt
913 3224 1078 3305 participa-

309 3316 405 3384 tione.
417 3321 447 3376 et
459 3317 569 3396 gratia,
585 3322 644 3379 ete.
655 3315 885 3377 Dehominibns
894 3332 994 3376 umor
1005 3336 1078 3397 ope-

309 3407 352 3468 ris
364 3409 503 3487 ejusdem
517 3410 539 3470 l.
556 3409 614 3484 III,
633 3427 661 3470 a.
672 3427 696 3468 1.
713 3432 727 3461 ι
740 3408 809 3468 Νοιι
823 3407 1005 3486 ambiguum
1020 3415 1076 3478 est,

310 3499 452 3561 homines
466 3502 574 3578 gratia,
586 3501 717 3577 etdono,
728 3517 828 3560 unum
839 3517 905 3561 esse
915 3517 988 3561 cum
1002 3502 1076 3574 Deo,

309 3596 369 3652 etc.
392 3609 457 3652 nou
475 3592 657 3653 naturaliter
684 3594 746 3653 Deo
773 3591 1003 3671 conjungimur,
1023 3593 1077 3654 sed

309 3684 418 3762 gretia,
436 3689 467 3744 et
479 3683 636 3758 charitate,
655 3705 667 3741 ι
685 3688 743 3744 etc.
759 3700 828 3762 cap.
844 3700 881 3758 11,
903 3709 917 3737 ι
930 3685 956 3744 si
969 3703 1078 3746 secun·

309 3776 386 3837 dum
400 3794 465 3851 vos,
488 3776 593 3855 aliqua
616 3774 698 3836 filius
712 3775 767 3836 Dei
789 3775 939 3836 deosum
963 3777 1077 3839 exalta·

309 3873 370 3941 tus,
386 3876 417 3928 et
430 3868 498 3929 oleo
512 3867 708 3929 exultationis
727 3871 839 3928 unctus
851 3872 911 3941 est3
936 3867 963 3928 si
985 3887 1076 3931 causa

310 3960 363 4021 illa
385 3978 451 4022 non
473 3959 590 4037 luisset,
604 3977 670 4021 non
689 3966 769 4020 esset
792 3959 877 4038 quod
899 3965 945 4021 est
960 3980 967 4022 ε
983 3969 1015 4022 et
1032 3962 1075 4023 ita

309 4070 374 4114 non
387 4058 466 4139 emet
478 4057 591 4113 natura
604 4054 696 4120 Deus,
712 4051 766 4112 sed
779 4069 836 4131 per
857 4052 999 4128 gratiam,
1015 4072 1074 4117 nec

308 4151 422 4207 natura
431 4145 524 4213 filins,
540 4145 593 4206 scd
611 4145 821 4224 pergratiam,
836 4149 894 4205 etc.
909 4144 1002 4205 Nulla
1014 4146 1075 4223 igi-

1131 1380 1253 1459 quinos
1265 1379 1410 1455 honorat,
1432 1385 1554 1440 natura
1574 1381 1709 1459 propriae
1722 1394 1901 1438 mensuram

1130 1472 1333 1546 transilimus,
1359 1477 1418 1533 ete.
1433 1470 1535 1531 sortiti
1556 1470 1799 1540 fraternitatem,
1816 1473 1902 1529 etan

1131 1564 1303 1643 gnitionem
1317 1565 1383 1642 ejus
1405 1563 1439 1624 in
1454 1562 1644 1638 naturalem,
1665 1580 1730 1623 non
1757 1560 1900 1621 substau-

1132 1657 1248 1733 tialem,
1267 1657 1321 1717 sed
1334 1662 1495 1729 aeternam,
1511 1661 1543 1717 et
1561 1654 1734 1717 secundum
1757 1654 1898 1733 gratiam,

1132 1754 1189 1809 etc.
1206 1749 1300 1824 Nam,
1319 1754 1355 1809 ut
1373 1748 1468 1809 homo
1494 1748 1667 1811 meandum
1690 1752 1843 1808 naturam
1859 1750 1900 1806 est

1131 1840 1302 1914 rationalis,
1319 1840 1372 1902 sed
1385 1859 1450 1900 non
1466 1840 1534 1918 jam
1558 1840 1643 1901 dives
1664 1839 1792 1918 accipit,
1807 1844 1843 1898 ut
1854 1855 1901 1899 ex·

1131 1937 1268 2009 ternum,
1289 1938 1321 1993 et
1333 1932 1549 2006 adventitium,
1575 1932 1775 2007 ditationem,
1800 1951 1817 1989 o
1845 1937 1898 1991 eta

1131 2023 1186 2086 lib.
1199 2025 1232 2085 in
1242 2024 1363 2104 annq.
1378 2023 1446 2086 tol.
1460 2042 1487 2086 c.
1499 2043 1545 2087 rx.
1561 2045 1576 2082 a
1590 2025 1738 2085 Creatura
1750 2040 1829 2084 vero
1841 2041 1899 2085 non

1132 2117 1184 2195 sic,
1200 2118 1254 2179 aad
1263 2117 1375 2195 accipit
1387 2118 1471 2196 quod
1493 2134 1559 2178 non
1571 2116 1666 2177 habet
1681 2136 1689 2176 ε
1704 2115 1899 2176 illuminatur

1132 2215 1168 2270 ut
1180 2209 1315 2272 tenebra
1330 2208 1443 2270 doloris
1455 2209 1589 2288 gratiam
1605 2208 1774 2288 acquirens
1790 2227 1799 2271 z
1814 2207 1899 2286 largi-

1131 2303 1209 2363 toris
1253 2301 1464 2364 misericordia
1506 2301 1685 2381 hujusmodi
1722 2301 1899 2380 dignitatem

1133 2395 1342 2474 consequitur,
1365 2400 1423 2455 etc.
1439 2413 1467 2454 e.
1482 2412 1552 2455 1111.
1579 2393 1747 2473 Participes
1762 2394 1848 2455 enim
1859 2394 1899 2472 ip

1132 2486 1196 2550 sius
1208 2487 1280 2552 facti
1293 2504 1348 2566 per
1364 2486 1529 2565 Spiritum,
1549 2490 1580 2547 ct
1592 2505 1649 2547 suo
1662 2487 1782 2565 signati
1793 2486 1895 2565 sigillo,

1132 2580 1173 2641 ad
1195 2579 1430 2641 similitudinem
1452 2579 1532 2657 ejus,
1546 2583 1605 2640 etc.
1634 2598 1662 2640 c.
1685 2597 1756 2640 xrv.
1786 2581 1844 2654 Qui
1862 2579 1897 2641 ad

1132 2672 1227 2733 lidcm
1250 2670 1408 2732 christiin
1422 2671 1620 2752 adoptionem
1640 2672 1785 2734 filiorum
1803 2670 1896 2733 vocati

1133 2770 1216 2839 sunt,
1231 2764 1443 2825 humilitatem
1455 2770 1576 2826 naturae
1590 2782 1654 2827 sue
1677 2765 1894 2845 deposuerant,

1134 2865 1165 2920 et
1177 2857 1358 2919 honorantis
1381 2856 1491 2918 Christi
1505 2857 1615 2933 gratia,
1632 2857 1723 2937 quasi
1743 2856 1897 2938 splendida

1133 2950 1235 3012 induti
1256 2967 1407 3029 purpura,
1422 2949 1462 3010 ad
1475 2950 1749 3030 supernaturalem
1769 2949 1894 3029 dignita·

1133 3048 1198 3105 tem
1208 3040 1390 3117 ascendunt,
1419 3046 1479 3103 etc.
1503 3042 1599 3104 servis
1624 3040 1825 3109 nobilitatem
1845 3042 1897 3103 llo

1133 3134 1212 3196 mini
1225 3152 1265 3195 ex
1277 3132 1427 3196 charitate
1437 3133 1578 3212 largitur,
1594 3139 1654 3195 etc.
1673 3133 1819 3195 Divinam
1832 3151 1896 3212 par-

1132 3226 1299 3306 ticipamus
1320 3230 1486 3286 naturam:
1503 3244 1568 3286 non
1582 3224 1684 3286 solum
1706 3225 1784 3304 quia
1806 3226 1896 3301 gratia

1132 3319 1171 3380 ad
1184 3316 1451 3397 supernaturalem
1463 3316 1595 3396 gloriam
1604 3317 1782 3393 evolamus;
1794 3334 1896 3378 renim

1131 3411 1237 3488 ctiam,
1262 3410 1335 3489 quia
1364 3411 1464 3471 Deum
1499 3409 1729 3471 inhabitantem
1765 3409 1894 3490 positia

1130 3519 1212 3577 mus,
1227 3524 1242 3561 o
1260 3507 1320 3564 etc.
1336 3501 1462 3578 Eadem
1478 3519 1515 3562 ac
1527 3501 1593 3564 iere
1605 3502 1718 3564 iisdem
1731 3500 1836 3563 verbis
1848 3500 1894 3562 do

1132 3601 1180 3657 eet
1198 3594 1221 3655 l.
1239 3595 1278 3670 ΙΙ,
1300 3612 1328 3655 c.
1349 3612 1400 3670 111,
1427 3611 1513 3668 xxix,
1538 3610 1622 3672 mx,
1649 3611 1762 3672 amn,
1777 3611 1890 3669 mnis,

1132 3705 1209 3757 cxii,
1237 3687 1293 3747 lib.
1322 3687 1377 3762 ΙΙΙ,
1400 3704 1428 3748 o.
1448 3705 1501 3763 xx,
1528 3705 1617 3760 xxrx,
1632 3685 1688 3748 lib.
1717 3687 1773 3765 IV,
1793 3705 1855 3766 rap.
1869 3705 1891 3758 1,

1132 3780 1266 3859 denique
1279 3779 1359 3840 liber
1372 3782 1417 3841 est
1429 3778 1534 3841 nullus
1544 3779 1581 3841 in
1593 3780 1644 3842 his
1656 3780 1892 3841 commentariis.

1131 3889 1170 3935 ex
1182 3890 1244 3951 quo
1258 3871 1377 3931 illustre
1397 3870 1523 3949 aliquod
1544 3871 1762 3935 testimonium
1775 3873 1808 3932 in
1821 3872 1895 3931 hana

1130 3982 1198 4026 rem
1209 3962 1339 4042 proferri
1352 3980 1415 4022 non
1426 3962 1522 4042 possit
1533 3984 1540 4024 :
1553 3963 1723 4043 legendum
1736 3981 1809 4025 vero
1821 3980 1896 4042 prm

1130 4057 1221 4136 cipue
1237 4053 1310 4115 libri
1323 4055 1365 4129 X,
1387 4073 1414 4115 e.
1433 4072 1527 4132 xxru,
1545 4056 1584 4116 ab
1598 4055 1637 4116 iis
1656 4055 1771 4117 verbis.
1790 4075 1803 4111 ι
1818 4054 1895 4129 Quid

1131 4154 1236 4209 autam
1263 4146 1374 4225 majus.
1405 4146 1481 4226 quid
1507 4146 1636 4221 clarius,
1663 4165 1761 4226 qnam
1789 4147 1895 4207 Christi

307 4243 360 4298 tur
386 4244 465 4299 essct
492 4236 713 4315 interipsum,
738 4240 769 4296 et
801 4252 860 4297 nos
889 4235 1073 4314 differentia,
1131 4240 1268 4301 amicum
1286 4243 1317 4299 et
1336 4255 1411 4312 esse,
1437 4243 1468 4299 et
1487 4238 1659 4318 appellari?
1682 4238 1811 4300 Excedit
1834 4239 1896 4299 bae

308 4331 434 4410 quippe,
449 4334 480 4390 at
493 4329 554 4403 dii,
578 4334 609 4389 et
621 4328 677 4388 tilii
689 4326 744 4388 Dei
758 4346 814 4408 per
831 4328 964 4407 gratiam
982 4347 1072 4392 roca·
1130 4337 1212 4393 certe
1226 4330 1358 4409 dignitas
1369 4335 1488 4391 natura
1502 4332 1649 4392 humanm
1661 4330 1826 4404 terminos,
1838 4334 1892 4390 ete.

308 4440 390 4498 mar,
414 4428 446 4484 et
470 4421 538 4483 olco
563 4419 759 4482 exultationis
786 4420 944 4498 ungimur,
969 4448 982 4475 a
1013 4428 1070 4485 etc.
1129 4424 1168 4486 ed
1181 4422 1449 4503 supernaturalem
1462 4422 1595 4501 gloriam
1608 4441 1666 4485 nos
1681 4423 1833 4485 Dominus
1844 4438 1893 4483 re·

307 4515 331 4577 l.
347 4516 384 4592 V,
400 4536 427 4576 e.
442 4530 498 4576 ιιι.
529 4512 646 4575 «Sicut
668 4513 760 4586 Deus,
788 4512 929 4591 quamvis
956 4520 1075 4576 mentor
1129 4516 1218 4596 digit,
1234 4533 1299 4576 non
1312 4532 1434 4589 servos,
1451 4514 1633 4576 sedamicos
1650 4514 1893 4594 appellarant.

308 4614 414 4669 noster
439 4606 489 4679 sit,
514 4610 600 4684 pater
625 4610 731 4665 hmen
753 4605 847 4665 etiam
860 4622 917 4685 per
943 4607 1074 4685 gratiam
1129 4626 1192 4683 cos,
1207 4609 1261 4687 qui
1274 4606 1354 4668 servi
1368 4611 1479 4667 natura
1500 4612 1586 4683 sunt,
1602 4606 1642 4667 ed
1665 4606 1799 4669 liberam
1818 4606 1894 4668 'emi-

307 4696 354 4772 fit,
369 4723 382 4751 a
403 4700 461 4757 etc.
476 4692 530 4754 lib.
545 4693 613 4770 Vll,
627 4712 653 4753 c.
663 4711 713 4754 xv.
725 4694 897 4757 «creatura
911 4711 999 4756 serra
1016 4702 1072 4765 est,
1129 4718 1238 4762 corum
1251 4698 1434 4777 dignitatem
1448 4698 1600 4778 perducit,
1614 4702 1704 4760 arcte.
1718 4699 1798 4760 Vide
1806 4698 1896 4759 mam

308 4796 340 4852 et
361 4790 486 4850 Creator
509 4786 659 4848 Dominus
689 4806 696 4847 :
721 4786 774 4847 sed
795 4791 1074 4867 creaturaquoque
1129 4792 1152 4854 l.
1166 4793 1221 4869 XI,
1236 4811 1263 4854 c.
1277 4810 1358 4865 xvrr,
1373 4790 1471 4852 etlib.
1496 4792 1537 4851 IV
1560 4788 1595 4851 de
1617 4792 1733 4852 Trinit.
1748 4790 1805 4852 lib.
1819 4791 1894 4865 Vlll,

308 4883 439 4945 Domino
461 4900 518 4943 suo
539 4879 705 4958 conjuncta
719 4896 738 4940 o
753 4880 880 4958 propria
899 4880 1075 4940 conditione
1130 4884 1291 4946 etIXeont.
1301 4881 1447 4955 dulical.
1457 4882 1499 4943 lV
1509 4879 1638 4944 quaor‘.
1654 4886 1733 4942 orat.
1749 4898 1785 4956 ιι,
1801 4882 1824 4943 Ι.
1839 4881 1894 4941 Vll

307 4974 466 5049 liberatur,
494 4979 525 5034 et
555 4972 589 5032 in
620 4971 781 5032 meliorem
807 4970 990 5047 traducitur,
1015 4976 1074 5033 etc.
1132 4974 1272 5037 Tltetcur.
1296 4971 1894 5047 aratio.V111,c.1,tib.x1v.c.r.

309 5066 397 5127 Servi
419 5083 476 5126 nos
502 5064 558 5125 Dei
585 5080 692 5124 sumus
719 5063 889 5123 secundum
915 5068 1074 5140 naturam,
1129 5067 1267 5145 Denique
1277 5065 1333 5126 lib.
1348 5065 1404 5134 ΙΙΙ,
1419 5065 1462 5125 IV
1476 5070 1508 5126 et
1518 5065 1575 5126 Vll
1595 5061 1711 5145 dialog.
1733 5062 1770 5126 de
1786 5064 1893 5125 Trinit.

308 5158 375 5238 ipse
396 5156 583 5218 Dominus...
597 5154 623 5215 si
635 5171 708 5232 ergo
723 5172 780 5214 nos
801 5155 1001 5233 pergratiam
1019 5154 1073 5228 dii,
1128 5158 1256 5219 Proclus
1271 5158 1409 5218 Costant.
1432 5155 1466 5216 in
1490 5156 1579 5235 epist.
1601 5154 1643 5216 nd
1663 5157 1785 5217 Araura.
1809 5155 1849 5217 ab
1861 5156 1897 5216 iis

308 5256 340 5311 et
353 5248 408 5310 filii
430 5250 484 5308 Dei
506 5265 631 5321 sumus;
659 5246 718 5307 erit
738 5245 879 5306 Verbum
899 5247 967 5324 Dei,
989 5247 1087 5326 cujus,
1128 5250 1242 5325 verbis,
1272 5247 1427 5327 Apostolus
1449 5246 1560 5313 multos
1582 5245 1699 5328 quiden
1721 5248 1830 5328 mecha
1844 5248 1898 5309 nir·

308 5342 408 5421 gratia
420 5340 474 5413 dii,
490 5337 586 5400 attilii
599 5338 656 5399 Dei
671 5337 989 5418 factisumus,reipsa
1002 5357 1075 5401 vere
1129 5342 1214 5417 tutis,
1245 5345 1303 5402 eto.
1332 5341 1439 5401 Petrus
1458 5339 1668 5419 chrysologus
1688 5356 1749 5401 ser.
1772 5356 1849 5401 cvm
1861 5339 1898 5401 ab

307 5432 392 5494 filius
405 5424 471 5492 Dei.
490 5431 561 5493 Non
581 5431 665 5492 enim
682 5430 846 5510 potuisset,
878 5430 905 5491 si
926 5449 983 5510 per
1004 5450 1075 5511 gra·
1125 5434 1164 5495 iis
1189 5432 1303 5499 verbis,
1333 5454 1349 5488 «
1372 5429 1556 5512 Adoptatum
1579 5449 1608 5491 se
1631 5437 1700 5491 tunc
1726 5432 1844 5512 strepuit
1867 5433 1897 5491 in

308 5525 386 5586 tiam
398 5523 464 5604 ipse
478 5540 602 5604 quoque
615 5525 795 5601 Deuscsset,
809 5523 847 5585 ad
862 5522 998 5586 similem
1010 5540 1079 5603 gra·
1127 5523 1237 5606 filicem,
1251 5529 1309 5605 etc,
1326 5540 1419 5586 serm.
1435 5541 1504 5601 ixx,
1514 5540 1608 5586 sereres
1620 5521 1773 5585 dominnm
1782 5529 1896 5605 patrem
