4122 6184
327 353 367 412 20
784 362 791 378 “
845 346 1169 409 THEOLOGIGORUM
1191 346 1406 409 noouaruh
1518 399 1524 407 .

328 519 423 579 eDeo
437 515 604 578 destinatus
625 520 714 590 esset,
727 520 759 575 et
782 514 823 574 ad
842 532 936 592 quem
958 513 1096 575 obtinen-
1146 515 1216 590 tias,
1231 515 1316 575 seda
1340 514 1445 575 divino
1465 512 1533 593 ipso
1551 504 1725 593 principatu
1743 511 1916 588 Hierarchi·

327 609 405 670 dum
435 607 649 669 excellentiore
684 606 782 680 gratia
813 611 891 667 esset
914 596 1093 666 instructus,
1150 626 1218 668 cam
1245 605 1443 668 efficientiam
1469 605 1638 684 echpiunt,
1653 606 1734 684 quod
1760 605 1800 665 ad
1826 606 1915 667 illam

328 702 405 768 Quae
427 716 604 780 quanquam
627 699 712 759 haud
730 697 862 758 absurde
885 697 945 758 dici
955 705 1094 777 possunt,
1147 698 1263 760 nullius
1282 699 1500 760 seinterventu
1514 696 1672 767 efferarer,
1689 697 1810 776 »idque
1824 698 1913 758 dein-

328 810 366 854 eo
378 799 484 853 tamen
494 791 596 870 potIas
608 790 736 850 incliaat
748 791 883 866 animus,
898 796 934 849 ut
946 796 1018 851 ante
1029 809 1095 852 me·
1146 809 1217 870 ceps
1230 792 1341 870 saepius
1351 791 1473 870 repetit.
1489 789 1575 850 Idem
1586 790 1678 851 sentit
1688 797 1720 851 et
1732 791 1919 851 Athanasius

329 886 428 945 rItum
442 901 546 959 omne,
561 882 627 943 sola
640 900 678 942 ex
693 882 751 951 Dei
762 882 933 953 voluntate,
948 882 1050 942 varios
1063 884 1097 943 in
1146 883 1226 944 libro
1248 882 1284 945 dc
1299 881 1455 945 Communi
1480 882 1600 943 cucutia
1625 880 1816 964 (quanquam
1838 881 1919 943 liber

328 977 453 1037 ordines
467 974 611 1054 descripti
624 974 688 1034 siut
705 974 832 1053 iugali,
851 981 882 1034 et
894 992 957 1052 quo
972 973 1097 1036 celsiore
1146 974 1203 1036 iste
1217 975 1294 1035 mihi
1305 993 1370 1036 non
1384 975 1506 1036 videtur
1520 993 1688 1053 germanus
1702 992 1767 1036 esse
1780 975 1918 1036 Athana-

328 1068 362 1128 in
382 1068 480 1147 gradu
500 1066 694 1139 locabantur,
723 1084 760 1126 eo
784 1065 978 1126 affluentiore
1001 1067 1099 1141 qratia
1147 1066 1193 1149 sii)
1241 1073 1273 1129 et
1306 1072 1414 1128 auctor
1449 1066 1646 1142 Quaestionum
1675 1065 1715 1128 ad
1728 1065 1916 1128 Antiochum.

329 1160 440 1220 donati
462 1158 588 1218 luerint.
613 1158 701 1232 Quod
715 1158 849 1237 Cyrillus
871 1157 1098 1219 Alexandrinus
1148 1164 1345 1237 quaestxxxr.
1369 1160 1487 1220 Verum
1509 1160 1543 1219 in
1558 1159 1677 1220 decimo
1690 1158 1791 1237 capite
1805 1159 1919 1238 Illony-

331 1251 518 1330 significasse
541 1248 619 1309 mihi
646 1249 767 1309 videtur
794 1250 827 1310 in
852 1248 994 1309 Paschali
1017 1249 1096 1329 epis·
1148 1251 1210 1312 sius
1224 1269 1482 1330 unamquamque
1495 1250 1700 1313 hierarchiam
1712 1251 1746 1310 in
1758 1256 1822 1310 tres
1833 1252 1920 1311 ordi-

328 1343 393 1404 tola
405 1360 461 1405 xrr.
1148 1363 1203 1405 nes
1217 1344 1312 1405 dividi
1325 1343 1439 1412 scribit,
1458 1362 1608 1419 summos,
1627 1343 1757 1419 medios,
1773 1342 1915 1418 infimcs;

176 1463 211 1507 A,
221 1475 233 1506 ,
245 1463 290 1507 0„
369 1436 434 1497 VII.
450 1437 517 1510 Quo
531 1436 706 1510 constituto,
728 1433 869 1514 proxIme
889 1432 1017 1513 quaestio
1039 1434 1098 1494 ista
1148 1437 1224 1496 etin
1239 1436 1368 1515 siugulis
1383 1435 1500 1516 priores
1514 1454 1586 1497 cum
1601 1433 1824 1514 posterioribus
1830 1453 1917 1495 com·

184 1519 280 1561 ’Μ
330 1529 464 1589 succedit
480 1548 487 1589 :
504 1546 640 1607 quanam
654 1527 773 1589 ratione
783 1527 865 1587 vela
887 1527 961 1598 lleo,
976 1526 1052 1586 vela
1065 1544 1098 1587 se
1148 1528 1319 1604 manicare,
1335 1547 1411 1608 quas
1420 1528 1546 1597 hahent,
1562 1546 1668 1589 rerum
1681 1526 1817 1605 notitias,
1831 1526 1918 1587 velut

157 1571 303 1667 ,struppum
329 1619 463 1681 invicem
472 1621 628 1696 illustrari,
643 1618 811 1700 perficique
824 1618 965 1679 dicantur
976 1618 1096 1696 Angeli3
1150 1621 1349 1701 Seraphimos
1362 1639 1434 1682 cum
1449 1621 1651 1700 Seraphimis.

157 1675 299 1787 urppgsppr
329 1711 389 1773 boc
402 1725 448 1773 est
461 1731 501 1772 au
517 1729 625 1773 omnes
644 1730 682 1772 ex
697 1728 785 1790 oequo
807 1708 930 1787 Angeli,
945 1709 1099 1787 anprima
1187 1714 1228 1774 ht
1259 1714 1433 1774 bernardus
1467 1714 1502 1773 in
1535 1713 1561 1773 V
1592 1711 1628 1773 de
1668 1709 1915 1785 Considerandum,

329 1803 480 1864 duntaxat
513 1803 700 1879 hierarchia,
736 1807 791 1863 aut
823 1818 986 1881 supremus
1021 1801 1109 1861 ordo‘
1148 1805 1247 1883 capite
1274 1822 1322 1882 rr,
1352 1804 1556 1867 Cherubimos
1574 1822 1642 1865 rex
1669 1804 1735 1882 ipso
1760 1804 1918 1882 sapientise

328 1896 446 1956 nullius
476 1897 656 1957 interventu
683 1895 723 1955 ab
749 1893 814 1955 solo
836 1895 899 1954 Deo
917 1892 977 1953 ista
1002 1893 1098 1973 perci-
1146 1893 1242 1967 fonte,
1258 1892 1920 1969 orehltissimibauslentes,ctrelundentes

325 1987 400 2067 plat,
418 1993 613 2062 caeterorum,
633 1992 670 2048 ut
688 1984 815 2046 Inferior
831 1989 962 2064 quisque
980 1990 1035 2046 est.
1057 1985 1097 2046 ab
1147 1985 1264 2047 fluenta
1285 1988 1419 2048 scientim
1440 1986 1594 2049 rmiversis
1608 1986 1726 2047 civibus
1743 1986 1835 2046 suisa
1854 2002 1918 2048 esse

326 2081 479 2159 superiori
493 2080 613 2157 ordine,
628 2098 668 2140 an
681 2077 827 2158 potiusin
836 2076 976 2156 quolibet
988 2077 1097 2139 ordIne
1147 2096 1219 2139 cum
1238 2079 1325 2155 dicIt,
1349 2079 1494 2154 ostendit,
1516 2078 1585 2139 illos
1609 2096 1674 2139 non
1690 2097 1709 2138 a
1729 2078 1918 2157 Seraphimis

328 2189 469 2233 summus
482 2172 521 2232 sit
529 2171 651 2252 aliquis,
666 2188 757 2249 aqno
769 2169 929 2249 proximus
948 2168 1097 2230 informe·
1148 2171 1330 2250 exquisitam
1342 2171 1428 2233 illam
1443 2169 1636 2250 sapientiam,
1657 2170 1709 2231 sed
1719 2170 1758 2231 ab
1771 2170 1837 2250 ipso
1852 2172 1917 2232 Deo

326 2268 389 2340 tur,
406 2264 519 2325 abhoc
540 2264 661 2338 tertius,
677 2267 708 2323 et
728 2263 772 2322 ita
784 2261 929 2341 deinceps
946 2263 1097 2340 usquead
1147 2281 1267 2343 rapere.

327 2362 531 2436 postremum.
560 2357 627 2416 Imo
663 2354 746 2415 istud
773 2371 934 2415 occurrere
962 2353 1097 2433 cuipIam
1186 2356 1269 2416 VIII.
1284 2356 1355 2435 agit
1369 2356 1407 2417 de
1424 2356 1496 2432 hac,
1515 2361 1547 2417 et
1566 2354 1719 2416 similibus
1737 2355 1916 2434 questioni·

327 2453 437 2528 potest,
449 2448 542 2528 primi
550 2447 667 2510 ordiuis
680 2464 860 2527 supremum
870 2463 934 2506 esse
948 2446 1095 2525 aliquem,
1146 2446 1206 2508 bus
1228 2448 1362 2528 plenius,
1394 2467 1430 2510 ac
1456 2448 1600 2509 subtilius
1625 2446 1808 2509 Guillelmus
1834 2448 1918 2509 Pari-

328 2540 383 2619 qni
397 2540 481 2601 solus
495 2539 534 2600 ab
552 2540 620 2618 ipso
640 2541 702 2600 Deo
720 2538 943 2626 hierarchicam
960 2537 1096 2599 efficien-
1146 2538 1266 2613 aiensis,
1283 2540 1336 2601 sed
1349 2540 1404 2613 ite,
1429 2545 1464 2600 ut
1483 2557 1580 2619 prope
1594 2538 1769 2600 academico
1781 2557 1869 2600 more
1882 2541 1917 2601 in

328 2631 404 2692 tiam
430 2632 563 2705 hauriat,
585 2649 680 2711 quam
708 2630 747 2690 ab
768 2648 805 2691 eo
828 2630 972 2709 deinceps
993 2630 1097 2692 caeteri
1146 2636 1444 2712 utramquepartem
1458 2637 1714 2711 argumentetur,
1729 2650 1830 2711 neque
1844 2633 1917 2694 sutIs

330 2724 590 2784 communicatam
610 2722 759 2802 accipiant
779 2721 832 2798 ita,
856 2726 892 2781 ut
910 2722 1097 2784 novissimus
1146 2722 1274 2801 quuide,
1302 2743 1338 2785 ac
1366 2725 1490 2800 diserte,
1515 2742 1586 2803 quae
1610 2741 1667 2784 sua
1691 2724 1842 2784 sententia
1865 2724 1915 2798 sit,

329 2814 446 2876 ordinis
468 2814 617 2895 cujusque
637 2831 797 2875 summum
822 2813 1012 2891 insequentis
1025 2832 1098 2876 eru·
1147 2821 1290 2895 exponat.
1317 2816 1447 2877 Videtur
1460 2830 1565 2878 tamen
1587 2816 1622 2876 iu
1635 2833 1705 2876 eam
1725 2815 1917 2890 incumbere,

329 2906 404 2984 diat,
420 2927 455 2968 ae
468 2907 630 2988 perpoliat.
1147 2912 1183 2968 ut
1208 2908 1270 2968 sint
1296 2908 1434 2988 ejusdem
1460 2908 1640 2969 hierarchiae
1670 2925 1779 2969 omues
1809 2909 1921 2987 Angeli

189 3030 271 3077 nm,
370 3000 439 3065 Qua
459 2999 498 3061 de
522 3017 557 3060 re
580 2998 745 3077 Dionysius
766 2998 852 3058 varie
871 2996 992 3059 locutus
1012 2997 1097 3060 ride·
1146 3000 1227 3074 luce,
1273 3001 1384 3079 grette,
1420 3000 1569 3079 dignitate
1602 3017 1702 3080 pares,
1736 3006 1768 3060 et
1796 3019 1816 3060 a
1855 3002 1920 3064 Deo

156 3084 306 3194 ῑθζιῑῖξξυξίθ·
329 3095 391 3152 tur.
423 3091 503 3152 Nam
526 3092 560 3152 ln
576 3091 676 3170 capite
703 3107 736 3152 rr
771 3087 806 3150 de
832 3087 952 3151 Caelesti
981 3088 1098 3151 dieror-
1147 3092 1297 3168 proxime,
1341 3091 1427 3152 nullo
1460 3092 1632 3171 interjecto,
1675 3091 1916 3167 collustrantur3

174 3192 284 3249 loquitur.
329 3180 407 3256 clia,
434 3182 570 3244 caelestes
594 3201 704 3244 omncs
731 3182 859 3243 virtutes
877 3200 972 3261 supra
997 3189 1099 3244 creata
1147 3184 1260 3262 quoda
1273 3184 1371 3262 capite
1382 3183 1553 3262 presertim
1564 3199 1683 3258 ouxxru,
1695 3184 1809 3263 prioris
1824 3186 1920 3262 partis

329 3279 440 3335 caetera
452 3274 554 3334 altiori
563 3274 698 3353 quodam
707 3273 740 3333 in
752 3273 849 3352 gradu
864 3273 1030 3335 consistere
1040 3276 1096 3347 ait,
1147 3276 1291 3337 secundae
1299 3275 1486 3356 prinpralis,
1498 3275 1643 3355 deinceps
1653 3276 1795 3353 eprIcat.
1813 3277 1921 3356 Itaque

332 3384 423 3446 aquae
436 3367 469 3427 In
483 3365 750 3436 ltetimitationem
756 3364 895 3436 intentae,
911 3365 1097 3446 etintelligi-
1149 3368 1322 3447 Seraphim,
1338 3367 1472 3446 exempli
1486 3367 1595 3444 gratia,
1610 3384 1675 3428 non
1687 3385 1753 3428 esse
1767 3369 1918 3430 Cherubi-

328 3457 423 3519 bilem
451 3476 540 3518 suam
574 3457 708 3518 formam
745 3456 892 3535 effingere
926 3457 1095 3536 cupientes,
1147 3459 1206 3519 mis
1224 3460 1423 3534 ardentiores,
1438 3459 1610 3539 nequehos
1630 3460 1832 3539 sapientiores
1845 3462 1916 3539 illis,

327 3551 439 3612 merito
453 3551 643 3630 copiosorem
666 3566 738 3610 cum
757 3550 820 3610 ilco
843 3548 1096 3611 communionem
1146 3569 1248 3630 neque
1259 3553 1401 3613 Thronos
1414 3552 1454 3612 ab
1469 3551 1621 3632 ambobus
1640 3552 1701 3613 illis
1714 3553 1832 3614 utravis
1845 3554 1917 3616 dote

327 3642 456 3717 habent,
484 3646 519 3703 ut
554 3659 624 3721 quae
650 3641 802 3720 proxime
829 3640 874 3700 illi
899 3641 973 3717 sint,
999 3646 1030 3702 et
1056 3643 1096 3703 ad
1146 3643 1239 3719 vinci,
1268 3651 1322 3705 aut
1348 3662 1401 3705 cos
1426 3643 1563 3706 vicissim
1589 3645 1747 3723 potestatis
1782 3646 1916 3724 quadam

327 3736 459 3796 sublime
469 3751 605 3813 semper,
631 3733 733 3813 quoad
756 3732 829 3793 licet
842 3731 950 3804 divini,
972 3738 1097 3795 etnun·
1145 3735 1327 3797 excellentia
1354 3734 1534 3816 superare¹3
1565 3736 1619 3797 sed
1646 3753 1754 3797 omnes
1780 3736 1917 3801 interae

327 3846 422 3907 quam
443 3826 610 3888 fatiscentis
632 3825 746 3886 amoris
759 3824 957 3885 contentione
970 3842 1095 3887 sursum
1144 3833 1209 3888 tam
1250 3834 1373 3906 natura,
1412 3845 1508 3908 quarn
1552 3828 1745 3889 ornamentis
1787 3831 1912 3908 gratiae,

327 3920 543 3981 altercatura»
560 3928 706 3998 προσεχεῖς,
721 3917 755 3977 id
781 3922 837 3993 est,
857 3916 999 3996 proxime
1032 3919 1094 3980 Deo
1145 3925 1176 3980 et
1200 3921 1307 3999 gloriae
1333 3938 1422 4001 pares
1449 3938 1527 3981 esse.
1556 3920 1645 3993 Quod
1671 3925 1777 3980 autem
1803 3921 1843 3981 ab
1865 3923 1915 3983 in·

328 4011 515 4073 lnhoerentcs
531 4029 596 4072 esse
612 4010 718 4070 beatas
745 4009 813 4069 illas
834 4013 954 4069 mentes
974 4010 1093 4087 asserit,
1144 4011 1224 4090 signi
1237 4013 1395 4089 charitate,
1419 4012 1694 4073 ctardorenomen
1708 4012 1753 4072 illi
1766 4012 1912 4090 habeant,

326 4104 404 4165 dum
427 4102 653 4182 intelligibilem
678 4100 811 4161 formam
840 4119 929 4162 suam
964 4100 1093 4180 tingere,
1143 4103 1245 4165 istiab
1265 4106 1426 4185 sapientia,
1441 4104 1566 4166 aliunde
1587 4104 1651 4179 alii,
1676 4122 1800 4165 causam
1813 4105 1913 4167 inter-

326 4201 419 4274 atque
437 4195 595 4256 elaborare
613 4193 747 4254 student.
768 4192 857 4266 Quod
881 4194 924 4253 sic
943 4193 1095 4273 interprc·
1145 4196 1221 4257 dum
1233 4197 1476 4259 commimscitur
1488 4196 1639 4275 ejusmodi
1654 4196 1794 4276 ¹,quam
1806 4217 1916 4279 appm-

326 4287 468 4360 undum,
485 4292 573 4367 putet
584 4284 706 4364 aliquis,
730 4290 878 4362 tanquam
892 4284 1011 4345 ditium
1023 4286 1094 4346 illu-
1141 4288 1322 4368 {trictionem
1335 4289 1430 4369 vulgo
1443 4289 1624 4366 nommant,
1639 4289 1810 4350 secundum
1820 4308 1914 4368 quam

326 4378 514 4439 minationes
549 4377 701 4457 proxime,
726 4394 762 4436 ac
788 4377 855 4437 sine
883 4375 1095 4454 interjectione
1144 4381 1200 4441 uni
1213 4382 1252 4442 de
1265 4381 1414 4444 Trinitate
1428 4399 1569 4461 personas
1589 4387 1739 4461 tanquam
1753 4383 1915 4462 proprium

325 4469 419 4531 ullius
431 4468 595 4549 excipiant.
1144 4472 1261 4553 aliquid
1283 4474 1471 4549 inscribitur,
1488 4474 1572 4553 quod
1595 4492 1634 4534 ex
1656 4492 1746 4553 aequo
1769 4476 1915 4536 convenit

364 4562 405 4624 At
417 4562 450 4622 in
459 4562 590 4641 septimo
603 4560 702 4640 capite
715 4560 851 4639 prtmam
871 4558 1094 4640 Hierarchiam,
1143 4564 1254 4640 tribus,
1268 4565 1354 4626 velut
1368 4564 1498 4644 Spiritui
1509 4570 1614 4626 sancto
1627 4565 1759 4642 bonitas,
1770 4571 1826 4627 aut
1836 4567 1912 4628 cha-

324 4660 448 4733 tresque
462 4654 528 4734 ejus
548 4652 672 4715 ordines
693 4669 812 4729 omnes,
837 4653 902 4713 siue
915 4653 1094 4715 ullomedio
1143 4656 1227 4731 ritas,
1237 4656 1317 4717 Filio
1329 4656 1578 4736 sapientia,Patri
1593 4656 1741 4736 potentia.
1749 4659 1912 4719 Interdum

324 4747 464 4826 proxime
478 4767 496 4806 a
522 4748 584 4807 Deo
605 4743 790 4821 collustrari,
812 4744 978 4825 perficique
992 4746 1093 4807 docet.
1142 4747 1187 4807 ita
1198 4746 1358 4827 disputat⁸
1375 4767 1383 4807 ι
1399 4748 1541 4827 quamvis
1557 4749 1696 4829 ejusdem
1721 4749 1833 4829 speciei
1849 4750 1913 4812 sint

328 4840 417 4900 «Non
431 4839 527 4914 enim,
543 4838 656 4918 inquit,
668 4837 807 4917 paralius
815 4842 936 4900 sanctus
950 4837 1093 4898 substan·
1142 4840 1267 4901 ordines
1291 4844 1365 4914 tres,
1393 4846 1424 4901 ct
1449 4840 1593 4920 aquales,
1617 4841 1695 4901 nihil
1718 4841 1779 4902 hoc
1805 4847 1911 4904 minen

357 5058 379 5099 a
396 5044 475 5099 Dion.
492 5042 539 5094 hat
557 5041 617 5113 πρὸς
631 5038 674 5108 tls
686 5039 815 5113 θεαρχικὴν
840 5036 967 5111 ἐμφέρειαν
979 5038 1095 5111 δπερκοσ-
1142 5042 1176 5105 ὣς
1189 5043 1297 5115 θεμιτὸν,
1313 5041 1520 5116 incurrereturmis
1534 5043 1608 5109 bstou,
1629 5042 1671 5097 aul
1693 5041 1806 5107 ἂκλινοῦς
1819 5043 1911 5117 ἔρωτος

321 5127 384 5199 plue
399 5127 503 5199 δρῶσαι,
529 5126 568 5178 καὶ
588 5128 696 5197 poppam
719 5120 839 5194 ipclpmcu
859 5122 889 5175 τὸ
903 5122 986 5194 νοερὸν
1010 5121 1091 5176 αὑτῶν
1141 5126 1334 5199 ἀνατεινόμεναι.

319 5204 395 5276 εἶδος,
410 5207 578 5281 ἀφθονωτέρας
593 5206 693 5266 εἰκότως
706 5204 791 5278 ἔχουσι
805 5204 848 5266 τὰς
868 5205 929 5275 πρὸς
950 5203 1024 5272 cirta
1044 5224 1092 5258 aar·
1175 5212 1192 5268 ὁ
1211 5212 1290 5267 Dior.
1304 5210 1339 5265 ot
1353 5209 1400 5282 γὰρ
1415 5210 1448 5264 δι’
1466 5210 1550 5264 ἄλλων
1565 5208 1641 5283 ἁγίων
1656 5208 1757 5275 οὐσιῶν,
1772 5209 1838 5265 ἀλλὰ
1849 5213 1909 5285 πρὸς

318 5293 416 5358 rusiae,
431 5292 559 5364 προσεχεῖς
574 5289 615 5362 μὲν
638 5284 718 5359 οὖσαι,
740 5286 832 5341 culdei
849 5288 910 5360 πρὸς
935 5288 965 5342 sb
978 5287 1088 5355 ἄναντες,
1138 5293 1213 5361 αὐτῆς
1225 5298 1268 5362 τῆς
1276 5295 1391 5367 θεαρχίας
1403 5295 1601 5368 ἱεραρχούμεναι,
1622 5292 1796 5367 τῷἒπάὗτὴν
1811 5294 1909 5368 amaa,

1138 5376 1312 5432 ἀνατείνεσθαι.

346 5503 355 5547 l
372 5502 430 5546 Gutl.
443 5511 492 5556 cap.
502 5507 594 5542 curru.
607 5496 657 5539 -t
669 5495 721 5551 Gap.
735 5506 819 5541 cunr,
830 5496 879 5540 -s
892 5495 946 5552 Cap.
955 5508 1048 5541 cinctu
1059 5505 1082 5541 et
1093 5506 1173 5541 ccxxix.
