3948 6172
121 513 964 669 THEOLOGIGORUM
1025 504 1597 659 DOGMATUM

280 856 391 962 oe
459 853 764 961 oreae
830 850 992 959 sex
1056 846 1432 957 nteuuu
1511 962 1517 970 ,

81 1370 109 1429 ΙΝ
125 1368 187 1438 Quo
205 1369 409 1428 llBER‘l'ATlS
428 1367 522 1427 VERA
542 1368 650 1427 ululo
672 1367 718 1424 EX
744 1364 882 1425 LATINIS
906 1363 1104 1423 AUGUSTlNO
1123 1360 1396 1421 Posuuulouluus
1413 1357 1646 1419 uxruuol'ruu.

500 1612 1218 1632 μ-ι--α--Ι-Ισ--ι-ᾱ

879 1868 991 1931 merito
1017 1866 1109 1931 honre
1132 1866 1311 1945 voluntatis,
1335 1864 1409 1944 ait⁸,
1433 1883 1495 1949 qaia
1515 1866 1647 1946 bonum,

773 1953 780 1965 '
880 1978 952 2022 eum
966 1966 1100 2038 possent,
1125 1960 1265 2022 deserere
1286 1958 1467 2037 noluerunt,
1486 1984 1500 2012 α
1517 1959 1647 2021 norissi-

208 2071 236 2154 C
243 2071 399 2155 APUT
442 2068 673 2153 PRIMUM·
880 2071 963 2115 mam
978 2054 1059 2114 hanc
1068 2059 1248 2138 accepturos
1261 2050 1438 2113 felicitatem
1451 2069 1650 2130 perseveran-

659 2202 663 2208 .
879 2146 941 2225 tiae,
951 2152 986 2207 ut
999 2145 1259 2226 bonumamplius
1268 2143 1644 2224 nonpossiutdasercre.n

881 2239 917 2301 Et
931 2238 965 2299 in
987 2239 1087 2321 primo
1110 2236 1281 2321 imperfecti
1303 2236 1398 2319 operis
1418 2242 1519 2296 contra
1545 2235 1648 2299 Juliu-

84 2339 322 2415 lleiiaPotribus,
335 2343 458 2421 quipus!
479 2336 680 2419 Augusteum
694 2334 826 2415 suenci,
877 2349 970 2407 uam,
1007 2330 1105 2410 eapite
1126 2347 1154 2391 c1
1167 2329 1253 2390 illam
1273 2329 1371 2407 ipsam
1398 2352 1411 2381 ι
1433 2329 1647 2392 necessitatem

111 2452 220 2514 purum
233 2433 415 2495 testimoniis
423 2430 638 2512 ruulessutuntur
650 2427 827 2504 adversarii,
877 2421 1086 2484 beatissimam
1108 2428 1208 2498 vocat,
1230 2440 1292 2503 qua
1310 2438 1432 2481 neeesse
1453 2423 1499 2480 est
1516 2419 1647 2485 feliciter

114 2530 207 2586 utrum
219 2523 316 2587 libero
328 2523 456 2587 arbitrio
470 2522 665 2584 oeceuitotem
679 2520 824 2603 copulent.
877 2515 992 2589 vivere,
1013 2533 1136 2576 necesse
1161 2519 1206 2575 est
1227 2512 1395 2574 uonmori.
1411 2530 1534 2573 necesse
1553 2520 1600 2574 est
1612 2514 1646 2577 in

113 2617 239 2697 rupert
270 2617 304 2679 in
333 2614 404 2677 illos
429 2614 579 2678 sententie
605 2618 824 2695 retorquentur.
878 2607 1013 2669 deterius
1026 2626 1088 2669 nou
1102 2606 1218 2669 mutari
1231 2627 1262 2667 n.
1283 2605 1468 2685 llujusmodi
1481 2608 1644 2668 necessita-

114 2707 281 2792 Erplicotur
308 2707 396 2770 liberi
413 2707 539 2770 arbitrii
560 2704 726 2788 definitivo
742 2705 828 2767 Pror-
877 2702 942 2760 tem
975 2700 1008 2760 in
1038 2700 1102 2763 Deo
1131 2698 1298 2773 constituit,
1329 2714 1390 2776 qua
1422 2715 1551 2779 peecare
1581 2717 1647 2762 non

113 2818 173 2881 pero
192 2800 295 2864 alluta.
319 2799 534 2884 Hypopnostici
552 2806 654 2861 auctor
667 2817 741 2860 nouo
754 2797 828 2880 dop—
878 2796 997 2872 potest,
1021 2797 1120 2853 tum«
1144 2792 1177 2852 in
1200 2791 1313 2854 sanctis
1336 2790 1473 2873 Angelis,
1489 2809 1552 2871 qua
1580 2809 1646 2853 non

115 2893 179 2954 uati
200 2897 378 2956 contrarius.
407 2892 535 2974 Prosper
562 2889 664 2953 itidem
696 2889 771 2952 aliis
798 2890 829 2953 io
878 2891 1076 2964 premuntur,
1091 2886 1145 2946 sed
1159 2884 1317 2947 fruuntur.
1332 2909 1346 2938 ν

116 2982 183 3061 tout,
193 3004 299 3048 menon
309 2984 495 3067 Fulgentius,
512 2982 596 3064 cujus
609 2981 750 3044 cententio
756 3000 829 3064 per·
918 2978 959 3039 11.
970 2977 1172 3039 Verumnihil
1181 2975 1302 3051 existis,
1315 2995 1351 3038 ae
1360 2975 1515 3037 similibus
1526 2975 1646 3056 Augus·

113 3094 202 3155 peram
225 3079 262 3141 ab
287 3076 354 3139 illis
375 3077 467 3138 cirum
486 3074 680 3144 declaratum
707 3084 735 3137 et
756 3076 829 3139 alioe
878 3068 946 3145 tini,
960 3088 996 3130 ae
1010 3069 1152 3149 Prosperi
1171 3068 1331 3130 sententiis
1350 3072 1458 3129 contre
1470 3076 1499 3131 τὸ
1514 3074 1645 3151 ἀδιάφορον
1671 3101 1809 3156 mm,

116 3177 202 3231 contra
213 3190 256 3233 ω,
266 3171 451 3253 afferuntur,
877 3159 980 3222 liberae
993 3160 1161 3222 voluntatis
1179 3159 1330 3236 obtinent,
1346 3159 1424 3239 quin
1436 3159 1539 3239 potius
1551 3159 1644 3221 vehe-

878 3252 1013 3314 mentius
1031 3252 1103 3315 inde
1121 3252 1316 3317 refelluntur.
1339 3252 1446 3334 Neque
1468 3252 1552 3314 enim
1571 3252 1647 3314 libe·

14 3362 53 3429 aa
117 3340 828 3423 l.QuiAugustinoposterioresexstiterel’alres,
878 3361 950 3405 rum
976 3364 1042 3407 esse
1066 3347 1127 3407 Deo
1152 3364 1218 3407 nou
1242 3345 1335 3423 mori,
1358 3344 1407 3406 vel
1432 3363 1644 3425 nonpeccare,

14 3427 65 3517 232,
87 3432 152 3495 hund
174 3436 306 3516 amplius
320 3436 392 3509 ,isto
415 3433 638 3510 Celsinianum,
660 3453 696 3495 ac
714 3451 829 3495 novam
879 3437 1042 3517 quisquam
1067 3438 1130 3500 uisi
1151 3438 1306 3516 absurde,
1338 3437 1494 3519 impieque
1518 3436 1642 3500 dixerit.

14 3534 49 3623 pm
87 3523 252 3590 delibertate
267 3527 450 3608 opinionem
463 3525 621 3606 adjuvant,
637 3525 739 3587 Latini
750 3525 829 3605 pari-
882 3529 1097 3594 voluntarium
1124 3530 1250 3611 quidem
1277 3536 1445 3613 utrumque
1470 3548 1535 3592 esse
1558 3531 1643 3605 Deo,

14 3634 66 3678 usu
87 3622 131 3695 ter,
144 3625 170 3680 et
181 3621 295 3697 Greci3
311 3620 365 3681 sed
385 3637 455 3681 eam
468 3618 594 3698 utrique
607 3618 825 3680 condemnant.
879 3640 983 3685 verea
1001 3625 1090 3686 nobis
1109 3624 1275 3701 asseritur3
1294 3623 1429 3687 liberum
1451 3631 1557 3686 auum
1580 3624 1645 3687 siue

14 3694 68 3739 Μ
87 3709 201 3774 Aenovae
209 3713 373 3793 theologiae
385 3707 829 3789 frontemmirarisubit¹,qum
880 3717 1014 3793 quodam
1054 3717 1183 3779 horrore
1217 3716 1267 3779 vel
1300 3714 1552 3797 pronuntiantis,
1595 3715 1646 3777 vel

88 3798 141 3862 illos
157 3805 243 3867 etiam
260 3807 295 3867 in
309 3811 411 3884 partes
431 3804 555 3865 trahere
573 3821 636 3863 uon
649 3802 783 3879 eruhuit,
799 3807 830 3863 et
880 3807 1033 3871 audientis
1054 3809 1200 3891 usurpari
1222 3827 1287 3871 nou
1308 3813 1418 3889 potest.
1446 3808 1569 3869 Etenim
1588 3808 1647 3870 hoc

89 3911 143 3973 quae
154 3899 187 3956 ub
199 3898 235 3960 iis
252 3903 327 3959 sunt
342 3896 455 3977 scripta
474 3896 511 3956 de
526 3895 645 3955 arbitrii
662 3895 695 3955 in
709 3894 828 3958 utram·
880 3900 994 3983 ipsum,
1010 3902 1121 3980 dequo
1136 3901 1362 3976 contendimus,
1375 3899 1577 3962 liberumtale
1588 3905 1646 3977 est,

88 3995 250 4069 quepudem
265 3990 363 4052 libera
372 3994 403 4050 et
414 3987 601 4049 indifferenti
611 3987 827 4068 propensione,
880 3999 916 4053 ut
929 3993 968 4053 ah
987 3993 1114 4054 arbitrio
1132 3993 1231 4054 libero
1249 3993 1314 4053 uim
1328 4009 1427 4060 stram,
1444 3996 1475 4051 et
1486 3990 1647 4054 notionem

86 4075 309 4144 incontrarium
330 4082 504 4155 deflectere,
531 4097 650 4161 proque
672 4079 736 4140 suis
756 4098 831 4141 ausa
880 4085 1028 4165 accipiat3
1042 4085 1187 4167 idemque
1201 4088 1257 4161 est,
1284 4083 1407 4146 lt‘berum
1421 4082 1491 4156 dici,
1507 4087 1599 4163 atque
1613 4081 1646 4143 in

88 4175 277 4239 utasciscere.
300 4174 360 4237 Sed
375 4191 467 4255 quam
482 4174 563 4235 istud
577 4177 703 4245 temere,
724 4190 832 4252 quam·
880 4176 1007 4237 arbitrio
1030 4181 1135 4237 nostro
1156 4177 1304 4257 positum,
1328 4175 1391 4237 sive
1406 4175 1438 4235 iu
1458 4172 1548 4236 libero
1561 4173 1646 4237 ardr'-

88 4279 133 4340 que
142 4265 221 4328 nullo
234 4268 286 4328 uel
300 4267 443 4342 candore,
458 4265 633 4344 ueljudieio
654 4264 828 4343 tentaverit,
882 4265 956 4341 trio,
972 4265 1022 4325 vel
1045 4270 1077 4324 in
1098 4265 1261 4342 voluntate,
1285 4271 1341 4325 aut
1369 4262 1459 4324 libero
1472 4261 1645 4339 uoluntate3

88 4353 133 4415 hoc
145 4356 280 4442 incapite
295 4358 569 4421 demonstrabitur.
881 4357 949 4419 haec
976 4357 1061 4419 enim
1084 4359 1190 4418 omnia
1222 4372 1400 4439 synonyma
1424 4360 1508 4418 sunt.
1536 4356 1647 4437 Ecquis

118 4447 235 4531 Prosper
247 4451 346 4515 exilio
360 4449 711 4528 numeroprimuscitari
725 4450 830 4528 debet,
881 4453 994 4527 autem,
1020 4449 1082 4510 nisi
1100 4449 1260 4529 profanus,
1285 4467 1320 4508 ac
1346 4449 1473 4509 demens
1494 4447 1579 4526 loqui
1606 4449 1648 4510 sie

90 4542 195 4619 equits
207 4542 384 4624 Augustini,
406 4547 437 4604 et
451 4543 518 4622 ejus
536 4542 683 4603 doctrinae
706 4542 830 4604 deditis·
881 4542 1011 4604 audeat:
1039 4543 1078 4603 In
1098 4542 1224 4603 arbitrio
1243 4541 1297 4602 Dei
1320 4540 1458 4622 positum
1478 4547 1534 4621 est,
1550 4540 1599 4601 vel
1613 4541 1648 4602 iu

89 4630 184 4712 timus;
199 4655 236 4698 ex
248 4656 311 4717 quo
321 4636 366 4696 ita
379 4634 581 4709 concludunt,
598 4653 663 4694 non
675 4635 832 4697 adversari
881 4634 978 4696 libera
999 4635 1170 4708 voluntate,
1205 4639 1241 4694 ut
1266 4652 1331 4694 non
1358 4638 1474 4715 peceat,
1504 4638 1559 4694 aut
1581 4640 1647 4694 no'n

90 4725 195 4788 arbitrio
207 4729 304 4790 libero
326 4728 539 4789 necessitatem
552 4727 592 4787 ad
606 4745 706 4788 unum
720 4728 831 4809 impel-
881 4728 1055 4790 moriatur?
1071 4728 1134 4789 Cur
1150 4731 1255 4788 autem
1277 4745 1341 4788 non
1363 4724 1497 4789 audeaut
1520 4732 1575 4787 aut
1591 4744 1648 4788 cur

90 4811 194 4896 lentem,
215 4821 297 4902 quod
315 4821 342 4881 ia
356 4821 393 4882 de
407 4820 532 4899 Angelis
543 4817 631 4892 dixit,
651 4827 681 4877 «ἰ
689 4819 795 4880 Divino
806 4818 830 4896 ¹,
882 4819 1041 4899 sacrilega,
1056 4821 1134 4881 etin
1147 4824 1268 4881 tantam
1282 4820 1475 4900 majestatem
1489 4824 1649 4881 contume-

88 4904 211 4993 justoqne
239 4913 357 4994 judicio
377 4917 492 4989 actum,
528 4917 563 4972 ut
596 4930 665 4990 quaa
690 4911 750 4973 fuit
773 4912 834 4973 illis
882 4908 960 4972 liosa
973 4912 1030 4973 istu
1043 4932 1106 4974 uox
1121 4912 1486 4992 habeturinisiquiaqui
1503 4911 1546 4972 sic
1560 4912 1644 4991 dicit,

91 5006 215 5067 manendi
231 5005 385 5077 voluntas,
401 5006 490 5068 fieret
507 5005 710 5085 permanendi
721 5005 832 5065 volun-
885 5003 1187 5088 z'uorditrioolieujus
1201 5005 1252 5066 doe
1265 5005 1394 5087 positum
1408 5004 1648 5085 est,contingens

90 5094 162 5172 uria,
184 5098 316 5179 felixque
336 5098 511 5160 necessitas.
527 5118 542 5155 o
560 5097 648 5173 Quod
662 5097 700 5158 ab
710 5099 832 5176 Augus·
882 5096 914 5156 id
928 5114 995 5160 esse
1004 5098 1164 5175 significat,
1178 5117 1236 5159 nec
1250 5098 1293 5158 ita
1306 5096 1478 5161 necessario
1491 5096 1572 5175 fieri,
1595 5098 1650 5159 sed

89 5182 143 5246 tino
163 5189 271 5265 didicit,
297 5192 351 5270 qui
363 5191 423 5252 hoc
441 5191 552 5273 sepius
564 5195 629 5250 tam
643 5190 682 5253 de
695 5190 831 5271 Angelis,
882 5188 1072 5251 eontrarium
1094 5191 1188 5251 etiam
1212 5189 1337 5251 evenire
1367 5206 1465 5271 posse.
1494 5187 1647 5265 Prorsus,

88 5295 166 5356 quam
188 5284 281 5347 beatis
314 5282 494 5346 hominibus
526 5282 671 5346 affirmat.
706 5283 756 5344 Sic
776 5284 833 5344 hos
882 5283 980 5343 velint
992 5283 1093 5343 nolint
1113 5281 1293 5360 aduersarii,
1315 5281 1364 5347 vel
1380 5288 1482 5363 aperte
1496 5279 1646 5358 confiteri,

108 5476 118 5520 ¹
131 5479 172 5526 uu.
181 5483 207 5528 u
217 5486 242 5531 u
254 5487 315 5533 erre
328 5486 409 5532 carui.
422 5495 471 5541 up.
481 5494 530 5530 ua.
541 5483 692 5529 naui-s
706 5483 753 5528 uu.
766 5484 775 5528 ι
786 5483 813 5529 ae
830 5484 942 5531 udone
952 5495 1003 5541 up.
1012 5484 1099 5535 ric-a
1113 5483 1160 5531 uu.
1172 5483 1198 5529 e
1209 5484 1307 5543 conoe
1318 5486 1341 5531 u
1350 5484 1411 5531 uo.
1424 5493 1472 5538 up.
1483 5492 1514 5525 xl.
