3934 6172
445 279 496 341 DE
515 277 683 342 oPtrlclo
703 277 776 341 SEX
784 271 961 350 uitauit,
984 273 1055 335 LlB.
1078 274 1110 351 l,
1132 272 1215 336 CAP.
1239 273 1293 333 XI.
1602 263 1660 325 tat

89 444 168 507 didit.
190 446 268 508 Cum
285 445 369 507 enim
388 445 623 508 firmamentum
639 463 679 508 ex
691 463 728 506 eo
741 440 844 504 nomi·
934 439 976 498 llo
990 438 1121 501 subinde
1144 420 1288 500 {uitatm
1312 436 1399 498 illam
1415 440 1557 498 veterum
1568 432 1662 494 ratio·

88 543 186 598 natarm
196 538 332 614 dixisset,
358 559 375 596 a
394 538 479 618 quod
496 556 535 599 ex
545 539 633 607 raris,
650 557 686 599 ac
699 535 843 599 difflueu·
892 547 966 591 nam
978 532 1120 610 repudiat
1133 530 1171 592 de
1184 530 1298 610 pabulo
1307 529 1454 591 siderum.

87 628 161 691 tibus
175 631 262 710 aquis
278 630 440 691 firmatum
457 635 714 710 compactumque
731 630 771 689 sit
782 636 808 702 ⁶,
824 646 840 683 r

87 722 208 800 myaalli
225 722 257 783 in
285 723 434 797 modum;
453 721 576 800 subjicit
592 720 844 800 aqrrasbilariam
896 714 1066 777 «Forsitan
1086 716 1137 776 hio
1150 717 1262 796 aliquis
1289 717 1333 776 sic
1354 732 1460 777 seeum
1486 733 1591 777 errore
1605 732 1659 794 pe·

87 813 169 875 fuine
193 814 317 890 diruas,
347 833 383 876 ac
409 815 575 875 dimidium
606 832 716 876 earum
748 828 844 891 supra
1589 809 1659 883 [rito

88 906 188 966 smum
212 906 376 968 collocasse
403 908 512 968 Deum.
544 908 663 968 «Nam
683 906 756 985 quia
771 904 844 964 solis
892 898 1035 970 disserat,
1055 900 1188 960 aetheriis
1201 919 1241 961 ne
1255 899 1356 962 desint
1376 898 1657 978 pabulatlammis;

86 996 229 1060 drumm
249 1005 454 1079 excepturum
468 1004 544 1072 erat,
564 1004 596 1060 et
613 999 733 1074 lunam,
750 1003 781 1059 et
793 1014 841 1058 as·
892 990 929 1050 Et
955 991 1070 1051 nimius
1098 992 1183 1053 color
1210 993 1275 1053 ima
1300 996 1419 1069 petens,
1444 990 1591 1052 alimenta
1612 1008 1661 1051 se-

85 1095 192 1150 tromm
215 1090 373 1153 infinitam
400 1091 652 1162 multitudinem,
680 1109 716 1150 ac
741 1095 842 1151 totum
1512 1082 1658 1161 [qussssdQ

86 1180 324 1261 quarumpiam,
351 1201 392 1245 ne
416 1184 515 1245 calore
537 1183 766 1258 dissolveretur,
788 1187 843 1242 aut
891 1173 1008 1234 Exorat
1027 1175 1158 1236 mortale
1179 1194 1289 1255 genus,
1310 1175 1485 1254 coelumque
1499 1192 1661 1236 coruscum

85 1280 261 1348 timeretur,
286 1275 358 1335 ooeli
385 1280 473 1354 terga
496 1275 664 1335 constravit
689 1291 841 1353 aquarum
891 1265 961 1326 Non
978 1267 1097 1345 possint
1117 1273 1242 1329 terrena
1260 1268 1336 1347 pati,
1359 1266 1496 1345 subjecte
1514 1266 1661 1327 deorsum

85 1363 178 1444 pelago
201 1364 267 1441 illo,
291 1367 341 1427 uti
360 1368 527 1446 pinguiora
548 1366 650 1443 iaciat,
666 1374 697 1428 et
709 1367 842 1442 inungat
1605 1362 1662 1436 [est

85 1455 154 1516 illius
165 1462 260 1534 terga,
277 1477 351 1537 φη
364 1460 425 1520 1100
435 1459 529 1520 modo
539 1458 674 1520 flammae
684 1457 839 1525 resistant,
891 1450 1037 1512 Machina
1049 1450 1141 1513 firma
1152 1451 1237 1532 poli;
1254 1451 1341 1531 qua,
1366 1452 1443 1512 dum
1455 1469 1512 1512 nos
1525 1451 1661 1531 protegit

85 1565 171 1628 noque
190 1550 401 1612 torreanturl.
430 1573 445 1608 u
476 1551 564 1624 Quod
583 1550 691 1611 lebetis
702 1549 842 1610 similitu·
1523 1544 1658 1621 [umbra

86 1640 144 1700 diue
156 1641 298 1715 decimat,
322 1643 377 1721 qui
397 1644 436 1704 ad
457 1643 562 1721 ignem
575 1643 729 1715 admotus,
745 1660 841 1720 quan.
889 1633 1013 1711 Interea
1026 1653 1119 1715 super
1135 1637 1285 1716 impositis
1298 1638 1434 1716 frigescit
1449 1636 1489 1697 ab
1503 1637 1605 1697 undis.

86 1730 131 1792 diu
149 1750 225 1811 aqua
249 1734 284 1794 in
303 1752 343 1795 eo
359 1735 546 1808 continetur,
562 1734 608 1795 illi
621 1735 745 1810 resistit,
761 1753 842 1813 sque
889 1725 1033 1787 Numinis
1043 1733 1075 1788 at
1086 1746 1161 1789 vero
1175 1730 1271 1790 divini
1284 1730 1423 1809 quarere
1434 1747 1541 1790 causas

85 1841 146 1884 raro
157 1825 316 1899 mhausta,
332 1826 522 1887 deuoluitur,
542 1825 637 1887 Addit
649 1827 788 1905 insuper,
803 1844 842 1887 ex
889 1817 976 1878 Mens
990 1818 1062 1897 luge
1074 1829 1179 1883 nostra
1193 1822 1312 1901 procul.
1328 1823 1400 1883 Plus
1413 1822 1453 1882 sit
1464 1821 1522 1882 tibi
1534 1822 1660 1883 credere

86 1914 131 1975 illa
148 1934 297 1996 aquarum
325 1918 533 1980 immensitate
558 1918 672 1979 coelum
690 1917 841 1979 ioenerare
1514 1917 1657 1993 [semper,

87 2012 176 2068 terra.
200 2030 215 2066 a
241 2010 327 2070 Hinc
353 2011 439 2071 euim
467 2028 553 2071 rores
575 2010 739 2084 exustere3
769 2028 841 2070 cum
890 2001 980 2064 Posse
999 2005 1098 2068 Deum
1116 2006 1267 2087 quidquid
1286 2008 1355 2069 fieri
1375 2025 1440 2068 non
1457 2025 1545 2087 posse
1569 2013 1660 2085 puta·

86 2116 175 2177 neque
183 2101 281 2162 nubes
299 2102 343 2162 sit
365 2119 512 2180 usquam,
527 2121 586 2163 nec
596 2119 650 2163 aer
662 2119 777 2180 aquam
789 2102 842 2162 ha·
1562 2105 1655 2162 tur.»

86 2189 154 2252 hcet
167 2193 209 2253 Ex
219 2211 282 2272 qno
292 2196 495 2274 perspicuum
506 2211 571 2255 esse
584 2199 684 2274 putat,
696 2193 793 2254 solem
803 2211 841 2254 ex

85 2284 207 2362 eoquod
219 2285 387 2359 redundat,
403 2286 518 2346 stillare
531 2294 552 2347 ⁰.
570 2306 585 2342 u
930 2279 1012 2340 VHl.
1027 2280 1188 2356 Quocirca,
1216 2300 1288 2344 cum
1312 2289 1430 2343 vetares
1447 2282 1494 2343 illi
1507 2284 1660 2362 ejusmodi

117 2375 193 2436 idem
208 2382 238 2436 et
260 2383 373 2438 auctor
386 2379 595 2457 quaestionum
609 2375 649 2440 ad
664 2375 842 2438 onradoaeor
889 2373 1106 2449 supracoelum
1127 2391 1191 2435 esse
1203 2393 1300 2454 aquas
1313 2375 1500 2451 existiment,
1515 2394 1533 2436 e
1546 2377 1659 2455 quihus

85 2465 539 2548 affimatintertustinioperu
553 2468 617 2541 uhi,
634 2469 841 2547 praeter-illam
890 2478 975 2523 rores
998 2470 1139 2526 constant
1158 2484 1195 2526 ac
1218 2467 1343 2543 pluviae,
1367 2467 1530 2528 nobiscum
1551 2467 1658 2548 utique

84 2576 198 2635 moram,
217 2575 316 2640 quum
339 2561 523 2623 Severianus
542 2561 642 2633 affert,
659 2560 842 2639 refrigeran-
888 2553 1015 2616 faciunt.
1045 2557 1135 2633 Nam,
1159 2559 1242 2637 quod
1269 2559 1392 2620 eoadem
1424 2577 1517 2638 supra
1545 2561 1658 2623 ooelum

88 2648 193 2726 domm,
211 2658 243 2712 et
268 2655 359 2733 quasi
374 2654 626 2732 inungendorum
641 2657 748 2713 contra
760 2652 842 2727 ignis
889 2646 1029 2723 sitasaul
1037 2648 1147 2710 iisdem
1159 2651 1522 2735 insertas,immistasque
1535 2660 1656 2732 putant,

86 2741 208 2803 ardorem
233 2762 407 2824 corporum
440 2744 624 2820 eoelestium,
653 2749 720 2803 tum
747 2744 840 2803 etiam
888 2737 921 2799 id
938 2756 1004 2799 non
1027 2740 1142 2818 minus,
1167 2761 1262 2821 quom
1285 2761 1354 2819 nos,
1376 2744 1550 2823 repudiant,
1574 2746 1660 2824 quia

86 2832 247 2912 laieorum,
274 2837 366 2897 velut
391 2836 481 2911 aeris,
503 2835 675 2914 utlrigoris
688 2840 719 2895 et
732 2833 841 2896 colons
889 2829 980 2890 nobis
990 2830 1186 2895 dissentiunt.
1197 2835 1287 2896 Certe
1297 2835 1455 2895 nemiuem
1463 2836 1571 2896 dubito
1581 2836 1657 2911 lore,

85 2924 246 2989 &mistione
269 2933 477 3007 temperetur,
491 2928 621 2989 alteram
638 2927 790 3004 adjungit,
805 2934 842 2987 ut
889 2922 965 2999 quin
979 2924 1084 2985 minus
1096 2925 1129 2985 id
1142 2926 1387 3005 esseprobabile,
1400 2927 1565 3005 minusque
1577 2946 1661 2989 com·

85 3033 215 3095 tqmmm
222 3021 390 3098 «gravitate
416 3019 559 3100 depressa
578 3018 688 3080 eodem
706 3018 759 3079 illa
771 3036 838 3079 cor·
888 3013 978 3072 moui
989 3014 1034 3074 illi
1043 3016 1173 3091 notioni,
1181 3034 1276 3095 quum
1285 3036 1324 3078 ex
1333 3019 1458 3079 scientia
1471 3019 1661 3081 nsaudium

85 3125 147 3186 pom
165 3112 342 3188 consistant,
368 3130 469 3192 neque
485 3110 619 3193 perflatu
630 3115 796 3172 ventorum
809 3117 840 3173 et
889 3122 995 3165 rerum
1002 3106 1175 3183 hausimus,
1184 3113 1427 3170 consentaneum
1435 3111 1564 3189 judicet,
1576 3114 1660 3191 quod

86 3196 184 3276 impetn
197 3202 391 3279 quatiantur.
890 3196 1012 3276 antiqui
1034 3198 1081 3258 illi
1106 3200 1321 3279 prodiderunt,
1348 3220 1443 3281 quarn
1466 3204 1548 3273 quod
1567 3205 1661 3267 hahet

117 3291 157 3350 td
179 3291 245 3353 haec
269 3292 413 3353 Junilius
435 3290 598 3352 Africanus
619 3307 713 3370 supra
726 3292 840 3353 eoelum
887 3288 993 3367 opinio
1007 3289 1114 3351 altera.
1130 3293 1288 3371 Siquidem
1306 3292 1351 3353 illi
1366 3296 1460 3372 ortui,
1476 3300 1507 3356 et
1518 3296 1659 3358 interitui

87 3380 245 3444 murrum
259 3402 329 3445 esse
343 3401 450 3463 aquas,
464 3389 495 3445 et
509 3401 548 3445 ex
560 3384 840 3445 iisltrmameutum
888 3381 1061 3459 subjectum
1097 3384 1287 3446 elementum
1322 3387 1444 3447 aeternis
1475 3389 1659 3451 immortali-

87 3473 259 3537 tttelactum
277 3476 442 3536 existimat.
890 3471 1009 3552 busque
1024 3477 1204 3555 corporibus
1216 3476 1402 3555 immiscent,
1420 3480 1504 3558 quod
1524 3481 1658 3563 sinape·

117 3565 243 3645 lienique
261 3568 383 3629 Marius
405 3566 557 3627 Victoria
570 3565 649 3626 libro
663 3566 764 3646 primo
778 3567 839 3628 ele-
887 3566 978 3626 renni
1013 3567 1163 3628 miraculo
1198 3567 1266 3630 fieri
1298 3588 1363 3630 nou
1396 3577 1507 3651 potest.
1541 3574 1581 3633 At
1609 3575 1659 3636 isti

87 3657 211 3731 annus
226 3658 360 3722 senariis
377 3663 479 3720 totum
496 3659 580 3719 hunc
591 3659 696 3720 locum
709 3659 753 3721 ita
764 3661 837 3722 des-
887 3659 1048 3719 sententiae
1062 3661 1100 3720 de
1114 3659 1180 3721 sola
1199 3662 1335 3722 nominis
1348 3663 1571 3742 significatione
1585 3684 1658 3728 con-

89 3748 196 3827 aipait:
886 3751 1036 3811 troversia
1057 3751 1126 3812 fieri
1149 3757 1259 3830 potest,
1286 3755 1370 3832 quod
1396 3754 1597 3832 firmamenti,
1624 3778 1660 3819 ac

887 3842 957 3902 coeli
990 3843 1195 3922 appellatione
1220 3848 1323 3905 totum
1347 3845 1427 3906 illud
1449 3847 1656 3926 amplectitur,

92 3933 230 3996 «ausus
251 3952 348 3997 mane
373 3952 502 4011 novum,
522 3933 624 4013 primo
634 3934 700 4013 jam
713 3953 839 4015 vespere
888 3934 972 4011 quod
999 3952 1017 3994 a
1042 3940 1126 3995 terra
1150 3953 1276 3996 sursum
1295 3955 1403 3997 versus
1424 3939 1457 3997 in
1469 3938 1658 4002 immensum

726 4028 838 4108 [pulso,
888 4025 1068 4104 porrigitur.
1098 4027 1172 4100 Quae
1196 4028 1323 4106 quidem
1352 4031 1488 4107 acceptio
1516 4031 1659 4094 vocabuli

89 4113 202 4179 Reddita
227 4119 286 4180 lux
311 4118 395 4195 tecit,
415 4138 487 4180 cum
505 4137 538 4181 aa
550 4119 729 4181 firmissima
742 4120 840 4180 moles
888 4121 956 4177 tum
969 4118 1003 4178 iu
1017 4118 1184 4197 Scripturis
1201 4119 1357 4200 frequens,
1376 4125 1445 4181 tum
1458 4140 1517 4182 usu
1536 4124 1656 4203 populi,

89 4203 250 4272 daubore
263 4211 375 4273 mediis
383 4217 526 4273 concreto
539 4230 666 4292 corpore
679 4211 792 4274 cedens
887 4226 924 4270 ac
938 4211 1160 4271 cousuetudine
1174 4211 1294 4287 deuita,
1319 4226 1351 4272 et
1368 4212 1408 4272 ad
1421 4213 1515 4274 Mosis
1529 4215 1657 4278 iustitu-

91 4296 201 4377 letulit,
215 4320 252 4363 oe
261 4303 324 4364 late
338 4303 416 4365 duro
431 4304 561 4365 solidata
574 4305 685 4383 rigore,
887 4306 956 4361 tum
969 4302 1127 4380 aptissima
1141 4301 1272 4363 videtur.
1298 4304 1341 4363 De
1360 4322 1422 4382 quo
1433 4305 1510 4365 illud
1524 4313 1570 4369 est
1580 4326 1658 4388 prae·

90 4386 189 4453 llitiaas
201 4395 363 4475 suspendit
376 4413 482 4475 aquas,
497 4395 696 4475 gelidumque
708 4396 838 4476 profun-
887 4397 973 4454 terea
985 4395 1170 4470 notandum,
1191 4412 1264 4455 oum
1274 4394 1519 4474 firmamentum,
1533 4407 1570 4460 ut
1579 4401 1655 4478 dixi,

516 4550 520 4558 ,
752 4488 839 4565 [dum
888 4502 1004 4559 aerem,
1022 4491 1053 4545 et
1067 4486 1193 4563 aethera,
1209 4487 1658 4569 coelumquesiguifioet,iutcr-

90 4572 313 4657 trihusobjeeit
326 4579 472 4642 calidis.»
888 4577 964 4638 dum
989 4578 1104 4639 horum
1128 4579 1260 4658 singula,
1287 4579 1445 4643 interdum
1466 4584 1558 4646 ambo
1582 4604 1656 4647 oon·
1716 4637 1721 4644 .

116 4754 243 4811 asmo.
268 4763 335 4813 lom.
356 4757 414 4813 llll.
439 4756 537 4826 Chrys.
556 4755 632 4812 hom.
652 4771 671 4810 tt
685 4754 721 4812 de
742 4755 835 4811 Coum.
887 4755 997 4829 φλεχθῇ,
1020 4753 1156 4828 interpam
1169 4758 1223 4820 τοῖς
1235 4759 1322 4821 νώτοις
1336 4764 1379 4812 τοῦ
1394 4758 1499 4831 οὐρανοῦ
1518 4760 1550 4815 τὰ
1563 4764 1658 4837 πελάγη

91 4834 154 4890 tart
165 4837 190 4892 δὲ
203 4838 263 4893 aird
275 4841 350 4893 καλεῖ
361 4841 503 4913 areptitium
518 4837 600 4907 ἐπειδὴ
615 4838 664 4894 dat
673 4837 765 4910 ἀραιῶν
779 4840 838 4893 ttd-
889 4837 967 4892 dativa
981 4845 1031 4893 τῶν
1043 4838 1155 4904 litteus,
1171 4840 1214 4893 ἵνα
1230 4841 1341 4914 λιπαῐνῃ,
1356 4842 1398 4895 καὶ
1410 4840 1526 4916 ἔπαλιῐφῃ
1541 4843 1614 4899 αὐτοῦ
1627 4847 1658 4900 τὰ

91 4921 446 4995 temtempestas
460 4921 600 4995 ἔστιρέωσε.
888 4929 973 4985 νῶτα,
999 4923 1040 4974 καὶ
1068 4922 1145 4986 οὕτως
1167 4922 1257 4997 ἀντέχῃ
1278 4924 1339 5007 apte
1362 4922 1407 4991 τὴν
1431 4925 1526 4998 φλόγα,
1553 4929 1594 4980 aad
1623 4930 1656 5002 μὴ

118 5001 132 5056 ὁ
145 5004 209 5060 lbid.
229 5006 424 5077 Κφνσταλλώὸης
437 5005 484 5079 γὰρ
496 5004 526 5075 ἦν
536 5005 668 5079 ὁοῦφανλις,
682 5006 731 5061 ἀπὸ
741 5007 836 5060 ὑδάτων
888 5006 1015 5078 φφῦγηται.

9 5126 10 5129 ,
92 5085 166 5155 rapu.
179 5086 258 5157 ὲιιιδὴ
276 5089 325 5162 γὰρ
346 5090 434 5162 ἔφιλλι
451 5091 565 5162 δέχεσθαι
584 5090 655 5158 ἡλίου
675 5091 774 5161 φλόγα,
797 5091 837 5142 καὶ
924 5088 1028 5145 elbid.
1055 5088 1126 5143 Ἐπεὶ
1137 5090 1237 5159 addest
1255 5092 1359 5163 aptas„
1374 5091 1461 5160 νεφέλη
1475 5074 1592 5164 ottapoo·
1609 5094 1655 5167 ἀὴρ

9 5300 11 5377 l

92 5166 185 5237 widrat,
196 5173 237 5224 aul
251 5172 347 5245 ἄστρων
362 5174 449 5246 ἄπειρα
458 5174 549 5241 πλήθη,
563 5173 604 5225 καὶ
616 5167 678 5226 εἶναι
692 5174 750 5235 ὅλος
762 5173 837 5244 πυρὸς
887 5172 953 5243 ὕδωρ
967 5172 1011 5225 oda
1024 5171 1085 5244 ἔχει.
1100 5169 1116 5237 ἦ
1129 5174 1204 5240 δῆλον
1214 5175 1252 5227 ὅτι
1264 5173 1278 5227 ὁ
1291 5172 1392 5244 οὒρανδς
1406 5171 1432 5226 ἐκ
1442 5180 1492 5229 τῶν
1504 5178 1663 5261 attererentu-¹

9 5244 10 5287 l
92 5250 273 5325 militiis&
301 5256 345 5309 TW
372 5255 474 5328 μὴῦπΰ
494 5259 538 5324 τῆς
555 5256 701 5328 θνφμότητος
720 5256 836 5329 delfidi
887 5274 936 5310 των
946 5254 1015 5328 αὑτῷ
1027 5254 1175 5322 domitam

113 5388 123 5432 t
135 5390 193 5450 hp.
202 5395 229 5439 ad
240 5408 277 5452 qo.
287 5409 351 5443 rorat.
