4122 6184
669 348 993 423 unusquisquis.
1017 349 1057 422 Il,
1079 348 1162 410 CAP.
1189 350 1261 451 vti·
1718 351 1758 411 29

176 513 314 593 privatim
327 514 509 594 suscipiunt.
535 515 720 591 Acnngulis
734 514 937 594 quidemsta·
1030 513 1114 585 Quos
1140 512 1301 574 Menandri
1323 513 1460 574 senarios
1477 513 1659 575 Ammianus
1677 514 1756 577 liar·

176 606 280 665 timab
293 612 366 668 ortu
383 609 515 668 tutelare
528 609 705 688 appositum
718 625 783 669 esse
796 607 935 686 genium,
988 604 1116 665 collinus
1135 605 1228 667 refert
1252 605 1307 665 lib.
1335 607 1408 666 11111
1430 607 1529 685 deque
1552 625 1588 667 ea
1615 624 1649 667 re
1674 625 1754 667 non·

176 703 321 764 retusae
342 716 441 778 prope
462 698 555 760 insita
574 699 754 760 mortalium
767 699 879 759 animis
892 703 939 759 est
987 697 1075 757 nulla
1099 697 1233 771 disserit,
1269 699 1457 776 peculiarem
1488 699 1598 777 cuique
1626 698 1754 777 genium

177 789 287 868 opinio,
302 808 399 868 quam
412 791 506 853 rudes
526 792 619 852 etiam
642 796 939 852 nostrarumrerum
987 789 1755 871 assisteredoeensexpoetarum,pbilosophorum·

175 882 300 961 gentiles
321 884 519 956 adamarunt,
542 902 600 944 nec
626 882 801 964 philosophi
823 883 935 955 solum,
988 899 1048 959 que
1062 882 1189 960 placitis.
1213 885 1302 960 Isque
1322 901 1340 942 a
1362 883 1497 944 Pindaro
1520 892 1614 963 δαίμων
1633 891 1755 962 γενέθλιος
1808 901 1897 950 nem

176 975 225 1034 sed
249 974 346 1035 etiam
369 994 386 1035 e
410 975 506 1053 vulgo
528 975 649 1055 reliqui.
674 975 861 1035 Censorinus
878 975 938 1035 boe
987 972 1159 1051 appellatur
1172 972 1203 1049 ‘;
1224 973 1312 1052 eujus
1326 979 1358 1034 et
1383 974 1521 1035 Plotinus
1534 976 1677 1035 meminit
1689 973 1711 1047 ⁸,
1723 982 1755 1037 et
1800 958 1905 1008 “mm

175 1067 281 1129 diserte
296 1085 362 1146 prae
374 1068 494 1128 ueteris
507 1067 651 1140 affirmat,
666 1067 754 1145 eujus
766 1067 833 1128 haec
843 1066 938 1127 verba
988 1065 1114 1126 Proetus
1125 1063 1153 1139 ⁶,
1171 1073 1201 1126 et
1215 1067 1401 1127 Plutarchus
1412 1064 1436 1139 ⁷,
1456 1072 1487 1128 et
1500 1067 1673 1147 complures
1688 1066 1752 1128 alii.

174 1164 242 1219 sunt
255 1158 263 1191 ¹
284 1178 292 1218 ε
312 1160 458 1220 «Genius
471 1165 518 1220 est
532 1161 621 1231 Deus,
637 1160 725 1237 eujus
737 1159 772 1219 in
785 1159 891 1230 tutela,
903 1162 938 1218 ut

174 1251 298 1329 quisque
317 1257 410 1311 natus
429 1257 476 1312 est
494 1250 580 1311 vivit.
605 1250 671 1323 liic,
686 1252 749 1311 sive
772 1251 856 1330 quod
874 1270 938 1312 una
987 1247 1121 1309 alterum
1137 1251 1265 1323 malum,
1281 1268 1375 1328 quem
1399 1259 1501 1332 ἀγαθὸν,
1517 1257 1549 1313 θῖ
1562 1262 1635 1315 κακὸν
1649 1261 1755 1333 estpars
1808 1270 1893 1369 m:

987 1156 1068 1217 't'um
1079 1158 1208 1236 singulis
1224 1158 1315 1218 binos
1337 1160 1453 1235 adesse,
1475 1160 1594 1220 bonum
1608 1159 1752 1233 alterum,

173 1344 293 1421 genitur
305 1344 483 1416 nobiseum,
499 1343 562 1403 sive
576 1343 669 1403 etiam
682 1343 766 1422 quod
780 1362 837 1405 nos
853 1346 939 1424 geni·
988 1340 1133 1402 dixerunt
1144 1364 1152 1415 3
1165 1343 1248 1421 quod
1258 1343 1296 1403 de
1306 1350 1439 1423 utroque
1457 1345 1568 1405 cecinit
1580 1345 1721 1425 Orpheus
1729 1343 1753 1406 ⁸.

172 1434 361 1515 tossuscipit,
378 1454 414 1497 ac
427 1441 547 1508 tuetur,
556 1441 638 1497 certe
649 1437 819 1510 agenendo
828 1437 938 1516 genius

173 1528 354 1606 appellatur.
371 1529 526 1590 Eumdem
540 1546 605 1589 esse
626 1527 765 1607 genium,
783 1534 814 1589 et
827 1529 936 1604 larem,

174 1619 259 1680 multi
268 1626 390 1682 ueteres
403 1620 561 1682 memoriae
575 1620 792 1700 prodiderunt,
807 1621 840 1683 in
852 1623 940 1701 queis

174 1712 264 1773 etiam
286 1713 422 1775 Granius
452 1713 576 1775 Flaccus
603 1713 636 1772 in
658 1712 749 1787 libro,
778 1732 873 1792 quem
900 1716 939 1777 ad

175 1804 328 1866 Gaesarem
342 1805 382 1866 de
395 1805 638 1883 indigitamentis
647 1805 938 1886 scriptumreliquit.

175 1893 321 1955 Huncin
345 1912 404 1955 nos
437 1894 617 1967 maximam,
646 1894 788 1974 quinimo
814 1913 940 1959 omnem

174 1984 285 2049 habere
309 1991 506 2066 potestatem,
526 1987 679 2049 creditum
705 1994 770 2062 est;
795 1989 940 2049 normulli

175 2074 260 2138 binos
275 2077 386 2157 genios
408 2078 443 2138 in
467 2079 504 2138 iis
526 2079 678 2139 duntaxat
698 2078 941 2159 domibusque

174 2175 272 2231 ment
284 2171 418 2245 maritae,
430 2170 574 2231 colendos
587 2177 787 2251 putaverunt.
800 2173 942 2235 Euclides

174 2267 276 2322 autem
295 2263 472 2324 Socraticus
485 2263 640 2344 duplicem
653 2263 798 2324 omnibus
811 2283 941 2326 ommno

175 2354 263 2416 nobis
287 2356 418 2434 genium
445 2355 520 2417 dicit
540 2356 727 2436 appositum,
754 2375 849 2436 quam
874 2375 941 2418 rem

175 2449 255 2526 apud
267 2447 426 2509 Lucilium
437 2448 471 2508 in
485 2448 565 2509 libro
577 2446 756 2528 Satyrerum
770 2467 854 2510 nono
871 2449 943 2511 licet

175 2558 368 2618 cognoscere.
397 2561 412 2598 ο
444 2541 517 2603 Mox
543 2559 550 2601 ε
583 2562 599 2599 u
625 2540 741 2602 Genius
767 2547 872 2603 autem
899 2540 943 2603 ita

175 2631 261 2693 nobis
268 2632 411 2694 assiduus
420 2633 600 2694 obseruator
611 2633 770 2713 appositus
782 2639 840 2706 est,
854 2638 942 2693 utne

175 2729 287 2803 puncto
301 2725 432 2805 quidem
439 2725 587 2805 temporis
596 2725 719 2804 longius
729 2725 942 2800 abscedat,sed

175 2817 212 2877 ab
225 2822 316 2879 utero
334 2819 444 2879 matris
465 2822 607 2898 exceptos
628 2819 668 2879 ad
681 2822 856 2880 extremum
870 2818 941 2879 vitae

175 2908 252 2971 diem
262 2910 472 2971 comitetur.»

212 3002 292 3063 Huic
320 3022 396 3082 ergo
419 3003 515 3065 Genio
539 3020 665 3081 prorsus
682 3002 787 3063 omnia
811 3002 942 3080 gentiles

174 3095 409 3169 attribuerunt,
431 3114 502 3174 quae
536 3095 573 3155 de
607 3095 788 3156 custodibus
817 3094 942 3173 Angelis

178 3186 347 3248 Christiani
378 3188 557 3267 praedicant.
593 3187 673 3246 Nam
707 3193 738 3247 et
773 3187 940 3265 unicuique

172 3277 337 3353 bominum
364 3280 512 3359 regendo,
535 3284 566 3340 et
588 3279 812 3353 conservando,
838 3279 941 3339 statim

173 3378 261 3452 atque
276 3378 365 3433 ortus
385 3377 462 3445 erat,
488 3375 634 3433 oomitem
654 3371 881 3450 adjunxerunt3
902 3370 940 3430 de

173 3482 233 3542 quo
248 3464 420 3526 Horatiana
428 3464 485 3525 ista
499 3464 680 3543 peruulgata
694 3469 768 3525 sunt
782 3462 814 3523 ²:

176 3616 190 3652 r
211 3595 279 3658 Scit
305 3596 431 3669 Genius,
458 3594 561 3655 natale
586 3612 690 3656 comes
712 3593 765 3673 qui
787 3596 941 3673 temperat

798 3689 936 3764 [astrum,

173 3778 296 3842 Naturae
308 3782 390 3842 Deus
400 3780 559 3853 bumana,
572 3778 710 3840 mortalis
722 3780 755 3840 in
765 3797 866 3839 unum

172 3873 321 3953 Quodque
349 3878 460 3953 caput,
489 3872 580 3933 uultu
600 3871 768 3946 mutabilis,
795 3870 884 3931 albus
908 3874 940 3931 et

809 3965 897 4041 [ater.
919 3983 935 4020 ι)

208 4097 252 4156 II.
279 4094 448 4155 Menander
475 4093 620 4154 Comicus
653 4092 737 4172 apud
769 4092 938 4154 Eusebium

171 4184 939 4267 lib.XlldeProeparationeEuangelz'eassidemver·
1022 4238 1028 4250 .

170 4281 254 4341 sibus
267 4279 399 4359 explicat
411 4298 418 4339 :

238 4407 345 4461 Ἀπαντι
351 4406 446 4478 δαίμων
455 4406 525 4479 ἀνδρὶ
538 4408 734 4480 οιιμπαρίσιαται

238 4491 314 4554 Εὐθὺς
327 4490 462 4562 γενομένῳ,
480 4492 638 4564 μυσταγωγὸς
648 4497 691 4546 τοῦ
707 4491 761 4562 βίον

241 4575 354 4648 Ἀγαθός.

172 4719 187 4755 ι
205 4699 380 4778 Unicuique
395 4700 505 4779 genius
518 4699 586 4760 viro
600 4699 699 4760 adstat

169 4790 282 4852 Statim
295 4796 381 4868 nato,
402 4797 603 4872 mystagogus
616 4791 687 4852 vitae

167 4883 276 4943 Bonus
290 4881 303 4916 ⁸
316 4904 334 4941 a

1060 1518 1170 1591 liutgard
1184 1518 1206 1574 τ’
1215 1519 1328 1592 ἠγάθεον,
1343 1519 1383 1574 sal
1397 1520 1500 1592 δαίμονα
1512 1523 1611 1593 stipere
1625 1522 1729 1591 θνητῶν.

1031 1694 1272 1775 Daemonemque
1289 1696 1482 1774 divinum,et
1501 1697 1677 1759 demonem
1695 1717 1756 1758 no·

1451 1789 1549 1867 [nium
1562 1790 1756 1851 mortalibus.

1030 1939 1073 2000 lle
1086 1940 1169 2001 bono
1182 1922 1335 2021 Epictetus
1349 1943 1431 2022 apud
1447 1943 1625 2021 Arrianum,
1642 1947 1760 2007 «Tuto-

991 2047 1069 2103 rem,
1085 2030 1371 2113 inqnit,unieuique
1386 2037 1466 2095 Deus
1475 2037 1641 2115 assignarit
1653 2038 1759 2115 singu·

992 2119 1094 2182 lorum
1112 2124 1251 2202 genium,
1266 2131 1297 2185 et
1319 2126 1393 2186 huic
1407 2127 1509 2207 ipsum
1523 2129 1760 2191 custodiendum

889 2264 895 2277 .
990 2214 1130 2289 tractatu
1152 2217 1297 2296 equidem
1320 2218 1488 2297 ejusmodi,
1504 2220 1555 2299 qui
1576 2240 1678 2301 neque
1687 2223 1759 2283 dor-

991 2307 1077 2381 miat,
1085 2325 1186 2386 neque
1199 2308 1263 2368 falli
1271 2309 1376 2388 possit.
1386 2311 1464 2370 Nam
1478 2313 1659 2374 euitandem
1672 2313 1761 2375 alteri
1776 2326 1780 2335 ’

990 2397 1207 2474 praestantiori,
1215 2397 1546 2460 ausollieitioricustodi
1554 2418 1762 2480 unumquem-

994 2504 1054 2565 que
1065 2494 1208 2551 nostrum
1217 2491 1444 2552 committeret?
1459 2492 1565 2571 ltaque
1578 2495 1702 2572 quando
1710 2494 1760 2573 ja-

992 2596 1071 2639 nuas
1077 2581 1274 2659 occluseritis,
1283 2583 1460 2644 ettenebras
1466 2584 1549 2644 intus
1563 2585 1758 2665 induxeritis,

992 2674 1244 2749 mementotc,uti
1257 2692 1420 2754 nunquam
1432 2677 1579 2737 trossulos
1593 2668 1657 2738 esse
1670 2678 1758 2739 dica·

991 2762 1045 2837 tis3
1062 2781 1126 2824 non
1149 2767 1234 2826 enim
1260 2766 1342 2843 estis,
1368 2768 1422 2828 sed
1445 2768 1525 2829 Deus
1545 2769 1629 2829 intus
1651 2775 1707 2847 est,
1730 2777 1762 2831 et

991 2860 1092 2915 vester
1104 2858 1214 2936 genius
1225 2863 1271 2918 est
1279 2869 1305 2919 ι.
1319 2879 1335 2916 u

1032 2948 1096 3008 Ηοθ
1118 2949 1293 3011 Stoicorum
1313 2951 1475 3031 proprium
1498 2970 1562 3013 esse
1587 2953 1758 3032 decretum,

992 3039 1076 3099 testis
1101 3046 1146 3100 est
1166 3040 1286 3101 Stoicus
1306 3042 1423 3103 Seneca
1441 3043 1569 3122 epistola
1582 3061 1628 3105 ux.
1648 3067 1664 3103 a
1686 3047 1760 3109 Uni·

991 3130 1102 3209 cuique
1116 3137 1257 3192 nostrum
1269 3133 1486 3214 paedagogum,
1496 3137 1550 3209 ait,
1561 3138 1630 3198 dari
1643 3139 1757 3217 Deum,

991 3239 1056 3282 non
1070 3223 1197 3301 quidem
1211 3224 1415 3302 ordinarium,
1429 3227 1482 3287 sed
1502 3227 1586 3289 bunc
1606 3229 1760 3292 inferioris

991 3321 1086 3389 note,
1099 3333 1139 3375 eu
1151 3334 1261 3376 eorum
1275 3335 1417 3392 nurnero,
1432 3337 1510 3397 quos
1519 3321 1645 3381 Ovidius
1665 3323 1708 3383 ait
1721 3324 1760 3384 de

990 3406 1080 3486 plebe
1094 3406 1176 3468 deos.
1203 3409 1248 3468 lta
1271 3413 1377 3469 tamen
1395 3410 1454 3470 hoc
1468 3428 1609 3491 seponas,
1627 3413 1709 3491 volo,
1726 3420 1761 3475 ut

990 3499 1180 3576 memineris,
1195 3501 1328 3578 majores
1340 3506 1473 3575 nostros,
1490 3504 1542 3583 qui
1563 3505 1760 3567 crediderunt

989 3590 1059 3667 hoc,
1077 3592 1196 3653 Stoicos
1207 3592 1310 3655 fuisse.
1324 3594 1462 3673 Singulis
1471 3597 1556 3657 enim
1568 3603 1599 3659 et
1609 3597 1757 3676 Genium,

990 3688 1021 3744 et
1034 3684 1192 3745 lunonem
1205 3685 1367 3747 dedenmt.
1379 3708 1395 3743 o

1030 3777 1073 3837 De
1096 3776 1217 3837 duobus
1238 3780 1336 3856 geniis
1359 3779 1484 3840 Servius
1512 3781 1654 3843 meminit
1667 3781 1700 3843 in
1715 3783 1758 3844 VI

989 3866 1139 3929 AEneidos
1156 3869 1195 3930 ad
1213 3869 1266 3929 iila
1277 3871 1383 3931 verba.
1403 3892 1425 3929 u
1433 3872 1567 3951 Quisque
1585 3891 1656 3933 suos
1674 3875 1758 3953 pati-

989 3979 1061 4022 mur
1075 3979 1216 4022 manes.»
1230 3963 1303 4024 Meli
1316 3969 1422 4025 autem
1431 3964 1573 4044 exempla
1582 3966 1760 4045 produntur

988 4072 1005 4113 a
1018 4054 1182 4115 Plutarcho
1196 4052 1221 4113 ⁹.

1027 4147 1075 4207 Ad
1089 4147 1156 4206 hee
1170 4164 1235 4206 non
1248 4146 1377 4226 singulis
1395 4148 1489 4208 modo
1502 4147 1693 4224 hominibus,
1705 4151 1758 4213 sed

988 4244 1082 4299 etiam
1105 4238 1290 4315 (eiulatibus,
1305 4257 1341 4299 ac
1363 4239 1438 4300 loeis
1460 4258 1591 4319 praeesse
1604 4241 1758 4305 beneficos

988 4330 1057 4391 illos
1070 4331 1179 4409 genios
1194 4331 1334 4391 arbitrati
1348 4337 1430 4392 sunt.
1459 4333 1502 4392 De
1520 4333 1613 4412 genio
1632 4336 1759 4397 Cartba-

990 4422 1108 4499 ginensi
1122 4416 1259 4501 loquitur
1269 4423 1459 4502 Augustinus
1467 4422 1503 4499 ¹⁰3
1512 4430 1543 4485 et
1551 4425 1759 4490 Tertullianus

989 4513 1112 4575 colonie
1124 4514 1244 4594 genium
1259 4513 1293 4584 ¹¹,
1312 4520 1400 4576 vetus
1413 4516 1570 4596 inscriptio
1580 4517 1757 4596 surr'uurum

989 4605 1120 4685 genium,
1149 4606 1204 4685 qui
1218 4606 1302 4667 loeus
1328 4613 1374 4668 θεῖ
1400 4608 1439 4668 ad
1461 4609 1587 4685 Urbem,
1602 4612 1755 4675 nominat.

989 4698 1063 4758 Loci
1091 4715 1215 4778 quoque
1239 4701 1366 4778 genium
1384 4700 1527 4779 Virgilius
1542 4701 1577 4762 ¹².
1590 4704 1704 4766 Notum
1727 4711 1759 4767 et

990 4790 1078 4865 iliud,
1095 4790 1318 4870 imperatorum
1338 4793 1472 4853 maxime
1492 4794 1656 4857 tutelarem
1676 4797 1755 4859 eele-

988 4879 1073 4943 brari
1086 4883 1225 4962 genium,
1242 4901 1299 4963 per
1317 4901 1413 4964 quem
1431 4884 1568 4963 dejerare
1589 4905 1756 4952 consuere·

201 5054 226 5094 a
243 5039 311 5093 tan.
330 5040 407 5093 Dies.
425 5037 475 5093 lib.
492 5037 514 5107 l,
538 5051 599 5106 cap.
615 5051 672 5093 λιν.
692 5033 762 5089 Ἀλλ’
776 5033 846 5089 οὐδὲν
859 5030 933 5103 ἦττον
984 5034 1162 5109 ἔπιμελεστέρῳ
1176 5036 1263 5109 ettae
1283 5039 1453 5110 παραδέδωνθν
1472 5038 1543 5110 ἡμῶν
1558 5038 1675 5111 tenerem
1691 5042 1757 5096 ὥστε

164 5121 204 5173 nt
221 5118 352 5192 ἕκάτροπον
368 5120 463 5191 ἑκάστῳ
477 5120 624 5192 παρέστησε,
638 5120 681 5173 τὸν
698 5118 799 5173 ἒνάστοο
811 5119 934 5192 deipara,
984 5122 1042 5175 drus
1053 5119 1164 5188 νλείσητε
1179 5120 1222 5183 τὰς
1235 5119 1315 5192 θύρας,
1325 5121 1366 5173 καὶ
1377 5122 1463 5182 σκότος
1472 5119 1541 5175 ἔνδον
1555 5124 1683 5192 ποιήσητε,
1696 5125 1757 5195 μέμ-

165 5205 205 5256 ιιθὶ
220 5205 337 5275 raptione
350 5203 482 5275 φυλάσσειν
497 5202 569 5256 αὐτὸν
585 5202 661 5274 αὐτῷ,
672 5201 714 5255 καὶ
727 5206 814 5256 τοῦτον
829 5201 935 5275 άνοῖμη·
984 5205 1056 5272 νησθε
1070 5205 1191 5276 μηδέποτε
1206 5204 1286 5275 λέγειν
1300 5205 1338 5258 ὅτι
1354 5206 1424 5276 μόνοι
1438 5202 1500 5258 ἐστέ·
1513 5202 1542 5258 οὗ
1557 5205 1604 5278 γάρ
1618 5204 1682 5259 ἐστέ.
1698 5205 1756 5262 ἀλλ’

167 5287 498 5360 τοι,κα1άιιαραλ6γισιον.
518 5286 566 5340 τίνι
586 5285 634 5359 γάρ
654 5287 725 5358 ἄλλῳ
742 5286 873 5359 κρείττονι,
894 5286 935 5337 καὶ
985 5286 999 5338 ὁ
1013 5286 1065 5350 θεὸς
1074 5286 1143 5340 ἔνδον
1158 5284 1220 5351 ἐστὶ,
1230 5287 1271 5339 καὶ
1285 5287 1425 5358 diluissem
1434 5286 1528 5359 δαῐμων
1544 5285 1604 5342 ἔστί.

193 5394 397 5449 rupturae
408 5394 555 5440 Natali-2
581 5393 657 5437 lieret.
673 5404 698 5444 ιι,
714 5404 746 5447 ep.
761 5394 846 5440 ru—tt
866 5390 1040 5436 berndec-t
1063 5392 1309 5448 olympiadum-5
1331 5394 1386 5439 t‘tot.
1408 5393 1465 5436 Eun.
1483 5404 1517 5443 ιιι,
1531 5393 1570 5436 tib,
1586 5395 1672 5450 tteap.
1687 5407 1756 5439 ιν.-

166 5454 180 5495 t
192 5455 217 5498 tn
233 5468 287 5500 σοιν.
299 5457 406 5501 atleta
420 5455 495 5500 rPtst.
507 5457 556 5499 -t
568 5455 657 5500 consol.
666 5455 695 5499 sd
705 5458 803 5510 spou-
816 5454 923 5510 sorpta.
939 5454 962 5498 in
976 5455 1039 5510 ttpm.
1051 5455 1081 5498 od
1091 5457 1172 5502 Ιιθοε,
1182 5475 1210 5486 -
1220 5456 1234 5499 u
1246 5456 1270 5498 tu
1286 5459 1362 5500 Bruto.
1371 5478 1398 5490 -
1413 5456 1438 5499 tt)
1448 5455 1495 5500 Ser.
1509 5466 1539 5507 ιι,
1549 5467 1569 5499 c.
1582 5467 1613 5501 u.
1626 5456 1686 5501 -tt
1708 5457 1756 5502 tib.

165 5516 262 5563 deum.
272 5518 296 5563 ta
308 5520 391 5564 tine.-
401 5517 430 5561 ti
441 5519 496 5563 ἄν.
510 5519 535 5561 t.
