3948 6172
362 398 423 460 460
855 394 1181 460 rummetccutttl
1200 394 1419 460 occulunt

268 556 269 559 ’
364 558 638 645 queconrincitu'r.
659 564 797 627 Anselmi
811 564 1010 627 modoverba
1024 563 1126 645 profe·
1177 562 1358 641 substantie,
1386 568 1540 643 quatenus
1564 564 1788 626 adhererem
1810 566 1894 643 potius

362 660 482 726 rantur,
499 673 568 734 quae
581 657 631 718 isti
645 657 751 718 citant.
765 658 809 718 Ea
820 662 894 718 sunt
907 658 938 718 in
952 656 1051 736 capite
1064 668 1131 718 nvn
1177 674 1271 738 quam
1284 656 1371 718 illam
1384 658 1607 738 procreandam
1616 658 1650 718 in
1663 662 1792 737 tempore
1803 675 1894 738 unp·

361 747 433 809 libri
454 747 593 825 ejusdem
618 749 756 827 secundi,
786 750 850 812 Cur
866 749 945 812 Deru
965 747 1049 810 homo
1065 769 1074 825 ;
1093 748 1129 810 in
1175 757 1274 826 ratur,
1290 756 1326 811 ut
1338 750 1413 812 alibi
1426 750 1572 813 diximus.
1597 751 1700 829 ltaque
1712 751 1826 829 perinde
1833 751 1895 829 loqui

362 858 424 917 quo
437 840 638 918 demonstrat,
660 843 778 903 nullam
792 843 826 902 in
839 845 902 904 Deo
921 846 1127 916 mersurum,
1177 843 1325 905 debemus
1345 842 1384 903 de
1403 842 1602 922 sempiterna,
1626 848 1658 902 et
1668 859 1721 920 par
1733 840 1895 903 aeterniutcn

361 930 451 991 idest
471 933 661 1010 coactionem,
689 954 747 996 nec
768 932 1035 1016 impossibilitatem
1062 950 1128 993 esse
1176 953 1303 997 omnem
1323 935 1503 996 continctata
1527 933 1582 995 Dei
1603 933 1765 1007 voluntate,
1783 933 1895 993 sivecct

360 1021 472 1083 sivein
486 1024 631 1102 volendo,
646 1025 830 1103 nolendove,
845 1026 909 1087 sive
926 1026 960 1085 in
975 1024 1125 1098 faciendo,
1176 1027 1265 1100 tione,
1293 1046 1330 1087 ac
1354 1026 1392 1087 de
1416 1026 1565 1106 singulari
1592 1025 1709 1104 aliqua,
1737 1029 1766 1084 et
1787 1025 1895 1103 presenti

360 1113 410 1174 vel
431 1133 497 1176 non
511 1116 663 1196 iaciendo,
684 1136 721 1180 eo
737 1119 820 1198 quod
839 1143 854 1172 a
867 1117 945 1178 nihil
958 1124 1004 1178 est
1021 1135 1126 1178 ncces·
1176 1124 1287 1180 creatce
1308 1117 1477 1180 voluntatis
1495 1118 1626 1192 actione,
1647 1123 1692 1191 ut,
1716 1116 1895 1195 quicumque

360 1207 489 1284 sarium,
519 1213 574 1270 aut
600 1210 800 1290 impossibile,
815 1209 875 1271 nisi
902 1208 975 1288 qaia
995 1209 1060 1288 ipse
1083 1208 1126 1269 ita
1171 1211 1239 1290 jam
1252 1228 1317 1272 esse
1330 1210 1469 1290 ponitur,
1484 1215 1516 1271 et
1530 1210 1600 1271 ideo
1614 1209 1688 1288 quia
1700 1208 1813 1289 ponitur
1820 1226 1894 1270 narce

359 1298 437 1359 vult.
454 1301 565 1376 Quare,
590 1302 740 1380 quonism
767 1302 882 1375 omnia,
910 1318 981 1380 qnae
1000 1300 1079 1377 vult,
1095 1305 1127 1360 et
1175 1302 1256 1363 sario
1271 1305 1320 1376 sit,
1334 1320 1436 1381 neque
1450 1301 1546 1381 possit
1558 1319 1623 1362 non
1637 1318 1710 1362 esse.
1728 1300 1830 1360 Idcirco
1837 1301 1893 1360 rui·

359 1391 497 1468 nonnisi,
522 1411 592 1473 quar
614 1395 692 1469 vult,
708 1394 799 1469 iacit3
823 1394 902 1454 sicut
921 1393 1007 1454 nulla
1021 1410 1126 1454 neces·
1174 1400 1222 1456 tas
1235 1394 1287 1455 illa
1302 1393 1505 1459 immutabilis
1526 1393 1649 1466 dieitur,
1663 1409 1724 1452 non
1736 1409 1770 1452 ax
1782 1409 1819 1467 se,
1830 1398 1894 1452 nsu-

359 1483 443 1558 sitas,
468 1483 534 1547 siva
550 1486 778 1564 impossibilitas
795 1486 941 1566 praecedit
954 1485 1021 1563 ejus
1034 1484 1124 1561 velle,
1174 1506 1271 1568 raquo
1281 1504 1347 1563 suc,
1357 1483 1893 1564 sedconditionate,quetenusridelicci

360 1577 522 1650 aut‘nclle,
537 1576 581 1638 ita
594 1577 855 1657 nccejusiacere,
869 1582 1002 1638 autnon
1014 1575 1124 1653 iecere,
1175 1579 1218 1641 ita
1239 1578 1306 1639 vult
1326 1580 1422 1639 Deus.
1445 1578 1504 1639 Sed
1525 1582 1571 1640 est
1584 1576 1670 1637 aliud
1692 1582 1727 1636 ut
1736 1574 1890 1648 necessitudo,
1937 1630 1938 1639 ,

359 1667 689 1749 quamvismultavelit
700 1669 945 1741 immutabiliter,
956 1667 1122 1729 cruciat.»
1175 1676 1206 1733 et
1218 1670 1489 1747 immutabilitatis,
1504 1670 1547 1731 sic
1564 1667 1701 1730 veritatis
1711 1685 1798 1746 genus
1808 1665 1892 1727 abuln-
1937 1650 1938 1673 ¹

359 1761 437 1822 Cum
451 1766 556 1822 autem
564 1762 638 1823 huic
650 1760 798 1822 obsistere
810 1760 962 1834 rideatur,
977 1759 1072 1838 quod,
1088 1778 1127 1821 ex
1174 1768 1254 1837 tum,
1270 1780 1328 1824 nec
1339 1778 1379 1823 er
1391 1763 1490 1823 libera
1504 1761 1645 1841 pendens
1665 1759 1809 1830 electione,
1820 1757 1890 1835 cujus
1937 1788 1938 1845 3

360 1871 422 1932 quo
437 1853 533 1914 semel
543 1853 659 1933 aliquid
670 1853 815 1927 decrevit,
831 1871 867 1913 ac
879 1852 1039 1913 voluntate
1053 1869 1124 1930 pro·
1174 1854 1260 1917 modi
1271 1861 1317 1916 est
1329 1861 1441 1921 natura
1453 1854 1521 1933 ipsa
1530 1854 1596 1927 Dei,
1613 1852 1890 1925 etexstantic‚necnan
1937 1848 1938 1859 ¹

359 1947 471 2023 posuit,
497 1964 563 2007 non
588 1951 689 2026 potest
714 1946 803 2006 aliter
829 1944 918 2016 velle,
942 1962 977 2005 ac
995 1943 1126 2023 proinde
1173 1947 1603 2028 proprietatesilliusomnes,
1619 1944 1701 2005 utin
1714 1960 1743 2004 se
1756 1940 1891 2022 ipseccnsi·
1937 2004 1938 2017 ,

358 2054 482 2099 necesse
503 2039 634 2113 sitfieri,
650 2042 681 2098 et
700 2035 888 2116 impossibile
901 2036 939 2097 sit
957 2054 1023 2097 non
1036 2037 1124 2113 fieri;
1174 2040 1333 2100 derantur.
1363 2039 1406 2101 De
1435 2038 1548 2118 quibus
1579 2054 1673 2097 nemo
1704 2036 1745 2095 ite
1761 2034 1888 2111 loquatur:
1937 2022 1938 2077 i

359 2128 523 2189 Anselmus
542 2128 620 2189 illud
636 2129 679 2189 ita
698 2128 801 2207 diluit,
816 2134 852 2188 ut
873 2129 954 2189 hanc
966 2128 1127 2189 necessita·
1174 2132 1256 2193 Deus
1269 2131 1339 2192 ideo
1352 2135 1400 2192 est
1414 2139 1561 2202 eternus,
1583 2126 1768 2198 immortalis,
1786 2124 1889 2202 enniu-
1937 2122 1938 2185 ζ

357 2224 422 2281 tern
448 2238 511 2280 non
536 2221 648 2296 aliam,
675 2237 770 2298 quam
795 2226 1034 2298 consequentem
1061 2238 1126 2282 esse
1173 2228 1254 2300 tens,
1278 2222 1352 2301 quia
1373 2222 1441 2283 vult
1465 2240 1497 2282 se
1519 2219 1741 2285 immortalem,
1763 2222 1887 2288 eternum
1937 2212 1938 2231 ³

358 2313 485 2373 doceat:
508 2312 630 2387 «Sicut,
646 2311 760 2392 inquit,
784 2329 856 2373 cum
878 2312 960 2372 Deus
980 2310 1054 2372 iacit
1069 2312 1125 2372 ali·
1174 2314 1421 2392 omnipotentem
1449 2330 1534 2387 esse;
1559 2317 1616 2372 aut
1645 2311 1705 2371 ita:
1732 2308 1763 2370 Si
1787 2306 1843 2377 rull,
1859 2310 1889 2365 ut
1937 2338 1938 2369 ι

359 2404 445 2484 quid,
462 2409 628 2485 postquem
648 2404 844 2477 factumest,
863 2404 929 2482 jam
949 2418 1014 2464 non
1027 2409 1127 2484 potest
1175 2394 1334 2482 eternus,
1376 2405 1575 2481 immortalis,
1611 2409 1669 2464 etc.
1705 2397 1887 2475 Quireninsic
1937 2394 1938 2475 l

357 2496 635 2571 nonessefactum,
648 2497 940 2574 sedsemperverum
950 2501 997 2556 est
1009 2494 1124 2556 iactum
1174 2498 1295 2573 dixerit,
1332 2498 1404 2575 jure
1438 2496 1565 2576 impius,
1602 2514 1638 2555 sc
1657 2492 1790 2574 profanus
1809 2488 1887 2549 babu-
1937 2490 1938 2559 i

358 2605 442 2663 essc;
467 2606 524 2649 nee
545 2593 652 2649 temen
673 2594 756 2650 recte
785 2589 907 2662 dicitiu,
938 2586 1124 2666 impossibile
1172 2598 1237 2652 tur.
1258 2589 1337 2664 Quid
1362 2588 1430 2650 ita?
1451 2588 1619 2662 Quoniam,
1640 2586 1756 2647 cumde
1772 2585 1886 2659 liecurt
1937 2592 1938 2637 t

358 2680 421 2740 Deo
436 2697 512 2756 esse,
536 2686 572 2739 ut
583 2680 685 2755 faciat,
700 2679 784 2760 quod
796 2679 990 2759 preteritum
1003 2684 1049 2739 est
1061 2697 1125 2740 non
1174 2670 1316 2754 didimus,
1337 2685 1465 2742 ostentu
1485 2679 1636 2752 dicamus,
1652 2695 1712 2757 qua
1723 2672 1885 2751 intelligimtt

358 2788 423 2832 esse
454 2771 656 2849 preteritum.
692 2771 776 2832 Nihil
802 2771 887 2832 enim
911 2770 954 2830 ibi
981 2776 1126 2850 operatur
1174 2780 1206 2835 et
1219 2778 1324 2834 mente
1338 2773 1546 2852 percipimus3
1569 2771 1763 2851 priusautem
1776 2763 1887 2840 uuttgc

357 2865 521 2926 necessitas
549 2882 613 2924 non
639 2863 794 2936 faciendi,
821 2868 875 2924 aut
900 2861 1126 2939 impossibilitas
1173 2882 1255 2933 mus,
1279 2865 1381 2926 Deum
1402 2862 1632 2943 essequidquid
1650 2867 1702 2934 est,
1725 2871 1884 2939 quamuert,

357 2955 501 3035 faciendi,
529 2956 583 3017 sed
596 2955 653 3018 Dei
675 2956 741 3017 sola
753 2955 906 3028 voluntas,
928 2973 998 3035 que
1017 2955 1127 3016 verita·
1174 2957 1301 3019 acvelle
1314 2956 1412 3017 libere
1426 2975 1434 3031 ;
1449 2973 1515 3015 non
1528 2959 1631 3034 potest
1649 2953 1690 3018 id.
1710 2950 1782 3031 quod
1791 2947 1883 3019 radon,

356 3053 421 3110 tem
442 3066 573 3127 semper,
596 3047 669 3126 quia
682 3048 746 3126 ipse
769 3047 883 3108 veritus
901 3052 958 3121 est,
979 3046 1126 3110 immuta
1175 3049 1423 3128 cogitationeque
1449 3051 1555 3108 nostra
1580 3043 1725 3126 posterius
1748 3044 1802 3113 cst,
1822 3052 1884 3097 eust

358 3138 465 3219 bilem,
493 3141 576 3201 sieut
602 3145 660 3213 est,
691 3158 757 3201 esse
784 3139 1125 3218 vult.r1gitur,cum
1174 3142 1235 3203 dici
1258 3140 1381 3221 prioris.
1404 3138 1540 3215 Accedit,
1563 3138 1658 3217 prod,
1678 3141 1712 3196 ut
1722 3149 1800 3213 supra
1809 3129 1883 3189 obter-
1937 3180 1938 3217 ,

359 3232 440 3293 Deus
454 3250 493 3293 ex
519 3231 653 3308 duobus,
682 3250 752 3311 quae
777 3231 833 3292 sibi
861 3239 1071 3311 proposuerat,
1091 3238 1126 3293 ut
1174 3239 1282 3295 vatum
1297 3250 1362 3293 esse
1376 3230 1517 3306 memini,
1532 3229 1567 3289 in
1582 3226 1743 3290 enuntietis
1761 3216 1883 3284 istunc
1937 3240 1938 3303 ι

358 3324 441 3403 quod
472 3323 578 3385 mallet
601 3341 640 3384 ex
660 3322 698 3384 iis
721 3320 860 3403 eligeret,
881 3341 983 3385 unum
999 3323 1126 3403 aliquod
1174 3324 1291 3396 horest,
1309 3322 1538 3406 quiccolccscc,
1560 3321 1624 3396 vel,
1647 3316 1765 3393 Siculo,
1786 3309 1881 3381 atille,

357 3416 503 3492 definite,
534 3415 798 3493 determinatequc
824 3415 985 3476 constituit
1004 3415 1122 3491 lacere,
1173 3435 1232 3479 nec
1254 3417 1314 3478 alia
1335 3416 1478 3477 voluntas
1500 3412 1694 3492 exprimitur,
1717 3402 1880 3488 quamlibet,
1937 3432 1938 3489 ;

358 3525 481 3568 necesse
505 3512 552 3568 est
574 3508 697 3587 qrridcm
720 3500 801 3580 fleri,
828 3511 859 3567 et
880 3507 1068 3587 impossibile
1079 3513 1126 3569 est
1173 3528 1243 3590 que
1258 3515 1290 3570 et
1306 3526 1371 3570 non
1389 3506 1468 3568 velle
1487 3510 1601 3586 posset,
1620 3522 1677 3565 nec
1694 3501 1772 3564 aliter
1788 3495 1881 3557 eman
1937 3500 1938 3575 ᾗ

358 3616 423 3660 non
431 3599 509 3664 ficri.
519 3599 572 3658 sed
582 3603 749 3678 utrumque
758 3601 1127 3678 consequensestvolun·
1173 3620 1209 3663 ac
1226 3601 1377 3680 producta
1391 3617 1451 3674 res,
1464 3614 1559 3677 quam
1573 3603 1611 3658 ut
1627 3610 1758 3658 noneste
1772 3592 1881 3670 pumat

357 3695 454 3751 tatem
476 3688 569 3763 illius,
594 3708 657 3750 non
676 3690 876 3766 antecedens,
891 3691 966 3769 quia
987 3692 1046 3752 hoc
1059 3692 1125 3769 ipso
1173 3690 1371 3751 sicvoluntas
1385 3688 1502 3748 luisset.
1874 3759 1880 3770 Ο
1937 3692 1938 3735 t

358 3799 481 3843 necesse
511 3781 633 3857 dicitur,
665 3783 737 3859 quia
752 3781 819 3842 vult
832 3780 955 3857 iacere;
979 3783 1126 3861 quemad·
1213 3783 1405 3861 Quapropter
1426 3784 1551 3840 versuta
1573 3783 1632 3851 est,
1653 3780 1683 3837 el
1702 3771 1813 3852 captiose
1832 3777 1882 3823 nou
1937 3800 1938 3855 4

358 3875 486 3935 modum
500 3892 571 3935 eum
585 3874 652 3935 vult
661 3874 802 3935 Socrates
817 3872 986 3952 ambulare,
1001 3893 1037 3936 eo
1045 3877 1122 3955 ipsc,
1173 3872 1366 3952 dogmatistis
1388 3871 1479 3948 ratio,
1508 3868 1580 3949 qui,
1605 3867 1686 3949 quod
1710 3850 1881 3958 inscidi}de

358 3985 420 4047 quo
433 3967 513 4045 vult,
527 3984 653 4029 necesse
668 3974 725 4041 est,
741 3967 832 4043 velle,
846 3985 910 4028 non
924 3967 1007 4030 enim
1023 3973 1125 4047 potest
1172 3966 1301 4028 veritate
1328 3965 1526 4043 contingente
1544 3979 1584 4022 ex
1610 3977 1683 4034 sese,
1707 3962 1735 4018 et
1753 3944 1882 4013 solcbbert
1937 3990 1938 4019 l

357 4060 436 4124 velle
448 4060 552 4136 simul,
568 4065 598 4121 et
606 4078 671 4121 uon
683 4059 776 4121 velle.
1174 4059 1228 4120 liei
1248 4058 1408 4119 voluntate
1429 4054 1596 4118 constituta
1618 4042 1881 4138 dixit,idadnat1tt·
1937 4046 1938 4131 l

397 4152 481 4213 VlIl.
509 4153 643 4213 Interest
658 4169 733 4213 vero
753 4154 851 4212 Deum
874 4150 956 4213 inter
969 4156 1000 4213 et
1020 4152 1124 4214 bomi-
1172 4151 1246 4220 lem,
1260 4155 1291 4211 et
1309 4148 1514 4210 necessariam
1538 4145 1651 4206 divine
1672 4136 1792 4203 msentie
1805 4128 1882 4189 rente

358 4260 443 4318 nem,
459 4244 543 4324 quod
556 4244 650 4322 hujus
667 4244 746 4304 actio
760 4262 825 4305 non
838 4249 988 4324 perpetua
1001 4245 1051 4320 sit,
1072 4246 1123 4306 sed
1172 4248 1237 4304 tem
1250 4240 1418 4304 transtulit.
1435 4240 1535 4313 Quam
1548 4237 1674 4316 quidem
1686 4212 1882 4314 nonuhucvult
1937 4258 1938 4341 p

358 4334 448 4395 alteri
474 4336 568 4396 altera
593 4337 745 4411 succedat,
773 4338 837 4398 sive
863 4337 1034 4414 contraria,
1061 4340 1125 4398 sive
1173 4337 1265 4411 Deus,
1291 4352 1349 4395 nec
1372 4332 1467 4411 eligit,
1488 4334 1543 4390 aut
1564 4346 1631 4389 esse
1650 4324 1723 4398 vult,
1736 4308 1881 4381 anltoedffll
1937 4368 1938 4435 p

358 4425 459 4505 specie
481 4427 601 4503 eadem,
625 4429 707 4489 Deus
725 4432 830 4489 autem
844 4446 919 4504 uua,
942 4428 1122 4507 eademque,
1172 4426 1340 4487 voluntatis
1354 4442 1419 4487 suae
1441 4421 1591 4499 motione,
1616 4435 1685 4498 quae
1698 4408 1808 4477 adsolet
1817 4414 1878 4464 Μ·

358 4536 394 4579 ac
416 4517 546 4598 simplici
564 4518 733 4580 voluntatis
754 4519 862 4580 liberae
882 4519 1032 4593 motione,
1055 4537 1126 4599 que
1172 4526 1257 4580 turas
1275 4517 1460 4579 extenditur.
1793 4588 1799 4602 ⁰

358 4609 475 4689 mallet,
493 4609 638 4671 omnibus
656 4629 693 4672 ex
704 4612 799 4673 rebus
813 4610 928 4690 elegit;
944 4616 1050 4690 estque
1062 4611 1125 4672 fixa
1214 4610 1265 4671 [Χ.
1281 4609 1513 4689 Ejusdemmodi
1526 4604 1672 4670 estadilla
1683 4593 1881 4677 reponsodltffl
1902 4601 1919 4643 θ’

358 4708 390 4762 et
414 4700 617 4763 immutabilis
639 4703 717 4764 ectio
743 4703 819 4779 illa,
847 4721 910 4781 qua
933 4704 1127 4767 voluntatem
1174 4702 1212 4763 de
1226 4700 1609 4763 Christilibertateeodem
1622 4676 1881 4786 alneluotdttt·
1914 4708 1926 4744 ι

358 4794 499 4854 suamab
513 4793 599 4855 omni
613 4795 783 4857 eternitate
809 4793 1036 4857 determinavit.
1047 4797 1127 4858 Hinc
1173 4793 1248 4853 sarii
1269 4791 1448 4873 proferunt:
1469 4813 1482 4849 ι
1502 4791 1554 4852 Sic
1577 4805 1650 4868 ergo
1669 4786 1754 4847 homo
1772 4770 1825 4841 dle,
1839 4762 1880 4866 ‚⁸¹²

359 4884 546 4966 Hippolytus
554 4892 675 4966 martyr
688 4885 723 4947 in
735 4903 878 4947 sermone
889 4883 924 4948 dc
935 4886 1124 4968 Tbeoloqicd,
1175 4883 1351 4947 Anselmus'
1370 4883 1423 4961 qui
1434 4883 1518 4944 idem
1536 4882 1602 4962 ipse
1610 4882 1687 4942 Deus
1698 4871 1757 4944 crit,
1774 4865 1880 4943 ll⁰¹¹¹⁸¹⁰

360 4974 392 5035 id
413 4982 458 5037 est
476 4975 597 5039 deitate.
617 4977 746 5054 «Velle,
768 4977 881 5057 inquit,
907 4978 1001 5039 babet
1024 4981 1124 5055 Deus;
1175 4994 1268 5038 omne
1289 4976 1420 5052 bonum,
1436 4975 1520 5055 quod
1533 4974 1599 5054 ipse
1613 4965 1800 5039 habuitne
1813 4943 1881 5010 hibe·

360 5069 523 5130 nonenim
542 5088 607 5131 non
626 5070 718 5148 velle,
743 5070 891 5150 quoniam
904 5070 964 5131 hoc
976 5071 1127 5132 vertibilis
1174 5068 1232 5147 bit,
1253 5087 1318 5131 non
1337 5067 1527 5141 necessitate,
1546 5065 1599 5126 sed
1613 5057 1767 5137 voluntate,
1783 5036 1881 5106 iilsw'

360 5163 417 5234 est,
442 5165 472 5220 et
485 5160 637 5241 eligentis.
666 5161 726 5223 Sed
748 5161 970 5242 sempiternam
988 5162 1128 5223 volunta·
1174 5165 1249 5236 iate,
1263 5166 1327 5221 eta
1346 5159 1448 5238 seipso
1458 5158 1573 5238 justus,
1594 5149 1737 5216 etidcirco
1752 5123 1881 5233 lffldllqli

360 5255 424 5312 tem
438 5251 492 5313 Dei
516 5254 705 5333 sequuntur,
729 5271 800 5333 quae
823 5253 914 5330 liunt,
934 5254 984 5314 cui
1006 5259 1038 5316 et
1050 5254 1129 5329 laete
1176 5252 1246 5313 erit.
1263 5251 1409 5326 Quamvis
1426 5250 1511 5313 enim
1522 5249 1658 5310 brunone
1678 5222 1882 5321 flammam

361 5348 490 5407 menen
511 5345 620 5409 solua
646 5366 662 5404 l
684 5346 738 5407 sc
755 5346 840 5408 enim
865 5344 933 5428 ipsa
959 5345 1129 5409 uenam
1177 5344 1300 5422 noar,
1322 5342 1406 5425 quor
1428 5341 1566 5420 cmiii,
1588 5337 1668 5402 icem
1683 5314 1880 5393 marcet

388 5547 400 5590 t
414 5547 441 5592 ln
450 5549 502 5604 syn.
514 5549 587 5595 Later.
601 5547 652 5594 sut.
664 5544 770 5593 llantnl
781 5547 863 5595 secrct.
875 5556 907 5601 rr.
916 5556 968 5596 tona
981 5547 1009 5595 u
1020 5547 1139 5597 tona-s
1150 5547 1250 5595 dunin.
1258 5558 1278 5594 c.
1290 5559 1310 5592 ι.
1369 5618 1372 5624 .
