3936 6172
381 440 441 502 tsi
892 434 1456 501 THEOLOGlGORUM-DOGMATUM

380 603 595 677 invitus,nihil
604 603 720 680 dolens,
732 603 811 664 nihil
819 608 952 678 coactus,
965 625 980 661 n
991 602 1150 682 improbos
1197 623 1298 684 nequo
1314 605 1368 683 jus
1394 603 1488 666 habet
1514 603 1722 685 expluribus,
1748 604 1817 683 quod
1835 607 1899 683 nali,

380 716 453 757 vero
468 714 576 757 omnes
589 715 654 758 esse
665 715 785 772 servos,
810 701 964 776 «quaternis
990 694 1150 755 «servitus
1198 699 1337 777 optandi.
1364 699 1457 776 Cujus
1484 698 1541 774 rei,
1570 697 1834 776 significationisquo
1848 718 1899 759 non·

382 795 427 849 est
439 788 614 850 obedientia
625 787 712 849 fracti
727 788 835 861 animi,
851 794 882 848 et
893 786 1013 865 abjecti,
1027 793 1058 847 et
1071 787 1151 847 arbi-
1198 790 1284 850 nulla
1308 792 1399 851 tertio
1413 791 1447 851 in
1461 789 1540 851 libro
1557 789 1622 869 jam
1644 789 1773 868 exempla
1794 789 1900 851 dadinus

382 880 441 941 trio
469 881 605 941 carentis
631 900 699 955 sno,
725 906 738 936 a
772 899 836 941 non
850 880 946 958 igitur
968 897 1005 940 eo
1025 884 1151 939 tantum
1200 883 1304 943 Unum
1316 883 1377 959 hic,
1394 888 1425 943 et
1441 882 1626 963 praclarum
1641 899 1677 942 ex
1693 880 1901 960 Apostoloredde

295 1014 297 1017 ψ
381 971 508 1034 liberior
522 979 578 1050 est,
601 974 654 1052 qui
673 970 816 1047 ‹ristinc¹,
832 978 982 1051 tanquam
995 970 1150 1031 adomino
1199 992 1280 1043 mus,
1296 974 1329 1035 in
1345 992 1407 1054 quo
1422 975 1508 1036 notio
1521 980 1728 1054 utraqnetum
1742 972 1901 1045 indifferentis,

381 1066 504 1144 agresti,
521 1070 551 1126 et
563 1066 679 1126 furioso
698 1064 856 1145 profugit,
873 1064 955 1143 quod
968 1067 1151 1142 potestatem
1198 1070 1268 1127 tum
1280 1066 1410 1128 minime
1424 1067 1584 1128 servientis
1600 1066 1698 1127 eidem
1708 1063 1837 1125 libertatis
1845 1083 1902 1126 roca·

381 1157 476 1218 habet
484 1157 862 1235 vivendi,1rtvelit,uquce
872 1161 918 1216 est
928 1173 1003 1216 vera
1012 1152 1149 1231 libertas,
1199 1157 1274 1219 bulo
1286 1159 1456 1239 subjicitur.
1476 1158 1598 1233 Mulier,
1616 1158 1715 1238 inquit
1732 1155 1805 1230 ilict
1823 1156 1903 1237 ollium

381 1251 587 1311 verumetiam
614 1249 699 1328 quod
723 1250 756 1309 in
784 1247 910 1309 consilio
939 1246 1098 1325 capiendo,
1115 1264 1152 1306 ao
1199 1259 1239 1311 est
1254 1250 1321 1331 legi,
1336 1258 1444 1333 quanto
1459 1255 1589 1333 tempore
1602 1251 1650 1312 vir
1664 1248 1904 1326 simulatores
1945 1291 1946 1294 η

383 1340 525 1403 iaciendo
544 1341 675 1409 delectu,
701 1340 851 1419 quietiore
866 1345 897 1399 et
916 1336 1153 1399 consideratiore
1199 1340 1353 1405 domabit
1364 1343 1493 1425 oirejus,
1510 1342 1633 1404 liberato
1646 1349 1696 1417 est,
1712 1340 1810 1421 (Graue
1821 1344 1903 1421 tnta,

381 1438 427 1495 est
446 1435 563 1511 animo,
578 1452 637 1496 nec
650 1434 722 1513 ullis
735 1432 876 1514 pulsatur
898 1431 1076 1510 angoribus,
1098 1436 1153 1491 aut
1200 1435 1291 1496 idest
1310 1434 1404 1498 litera
1428 1433 1479 1517 ert)
1496 1437 1548 1496 eoi
1570 1434 1646 1510 eicit,
1669 1430 1761 1508 nidd,
1782 1433 1904 1493 torturi

381 1527 587 1607 cupiditatum
600 1526 724 1599 aculeis,
740 1522 853 1605 quibus
867 1524 906 1585 ab
921 1542 973 1599 eo,
989 1521 1072 1602 quod
1084 1540 1150 1584 rec·
1200 1524 1337 1587 Domino.
1352 1525 1476 1601 Bentior
1487 1535 1586 1588 autem
1595 1525 1665 1595 erit,
1680 1525 1707 1585 ri
1714 1523 1902 1603 ticprrmorrerit,

380 1624 523 1697 tumeat,
551 1625 581 1681 et
595 1619 678 1700 quod
693 1619 781 1698 sequi
795 1616 916 1691 mallet,
938 1633 1018 1695 saepe
1036 1614 1151 1676 invitus
1200 1617 1357 1680 eorundum
1379 1638 1473 1680 rreum
1502 1617 1671 1680 consilium.
1699 1615 1793 1691 Vides,
1815 1614 1904 1675 liband

381 1712 554 1773 abducitur.
577 1714 695 1792 ltaque,
711 1728 784 1772 cum
802 1710 865 1771 duo
879 1707 987 1769 sintin
1003 1725 1050 1782 eo,
1068 1708 1152 1786 quod
1201 1711 1373 1790 oppositam
1393 1710 1444 1772 hic
1469 1728 1534 1772 esse
1552 1710 1738 1775 servitutem,
1760 1723 1818 1785 qua
1833 1704 1903 1783 stiipe·

381 1806 584 1867 nominamus
606 1802 731 1867 liberum
744 1802 922 1875 arbitrium,
939 1808 970 1862 et
981 1800 1041 1861 boc
1053 1805 1153 1880 poste·
1200 1803 1289 1863 tionis
1302 1822 1377 1865 voce
1392 1803 1580 1878 declaratur,
1601 1818 1675 1863 cum
1693 1801 1730 1861 ad
1742 1815 1825 1859 unum
1834 1796 1905 1857 affixa

380 1898 445 1957 rius
458 1898 587 1959 rationis
596 1903 627 1960 et
640 1896 762 1959 consilii
774 1896 824 1972 sit,
833 1893 908 1974 quid
922 1894 961 1953 sit
969 1910 1048 1973 opus
1058 1892 1149 1970 facto,
1199 1900 1324 1957 tenetur
1337 1896 1459 1977 aliquis,
1475 1914 1534 1957 neo
1546 1895 1580 1955 in
1589 1894 1660 1973 jure
1672 1911 1706 1954 ao
1715 1896 1838 1971 potestate
1847 1888 1905 1949 nte

380 2008 469 2051 more
495 1990 605 2051 arbitri
634 1988 851 2062 decernentis;
880 1984 958 2047 illud
985 1985 1152 2047 voluntatis
1200 2004 1271 2065 sua,
1298 1993 1335 2049 ut
1362 1990 1496 2050 alterum
1521 1991 1732 2068 persequatur.
1765 1982 1808 2044 Sic
1831 1981 1906 2043 fenira

380 2080 545 2162 proprium
567 2083 607 2144 sit
628 2082 743 2159 libere,
768 2080 852 2160 quod
865 2077 975 2158 placet,
992 2077 1148 2154 eligentis3
1200 2082 1349 2159 quamdiu
1364 2084 1519 2161 superstes
1529 2081 1632 2141 estvir
1643 2079 1718 2160 ejus,
1727 2074 1904 2145 nonestliberr,

380 2175 423 2234 sic
446 2173 540 2235 ambo
563 2174 697 2235 invicem
720 2171 847 2240 habent,
877 2175 912 2231 ut
939 2168 1037 2239 radix.
1067 2171 1151 2249 quod
1201 2173 1274 2252 quia
1284 2181 1454 2255 potestatem
1469 2164 1905 2254 corporrinriuoudoiet,edrir⁸;

379 2265 474 2345 vulgo
498 2265 674 2347 philosophi
696 2266 818 2340 dicunt,
846 2263 1028 2343 ejus,·quae
1049 2267 1095 2322 est
1117 2262 1151 2322 in
1199 2283 1301 2345 neque
1313 2272 1367 2326 aut
1381 2266 1513 2326 alterurn
1527 2264 1600 2325 licet
1616 2263 1661 2324 illi
1675 2279 1774 2341 mpero
1783 2260 1905 2337 innuen

381 2358 551 2433 voluntate,
568 2358 728 2433 libertatis,
744 2358 778 2417 in
794 2356 925 2429 ratione,
946 2353 1055 2432 atejus
1069 2354 1152 2414 arbi·
1199 2364 1253 2418 aut
1296 2358 1520 2419 continentiam
1562 2354 1716 2418 anteferre
1754 2349 1905 2414 matimonio.

379 2450 451 2526 trio,
473 2468 509 2511 ac
529 2451 646 2531 judicio
674 2449 830 2510 consistat.
860 2445 949 2508 Unde
975 2463 1038 2525 quo
1052 2446 1152 2506 incor-
1199 2451 1321 2511 ltlortno
1336 2452 1414 2526 viro,
1428 2450 1527 2510 libera
1538 2456 1584 2510 est
1596 2455 1668 2509 turn
1679 2452 1755 2508 statu
1763 2444 1826 2524 ipso,
1837 2441 1906 2502 mndi-

379 2542 501 2621 ruptius
514 2543 598 2603 istud
612 2548 668 2619 est,
684 2547 715 2601 ct
728 2539 892 2615 sincerius,
908 2556 945 2599 eo
968 2555 1099 2598 manans
1113 2538 1151 2599 ah
1199 2542 1347 2622 tioneque
1360 2543 1443 2619 vitae,
1459 2546 1525 2602 tum
1541 2540 1678 2620 eligendi
1691 2541 1833 2620 potestate,
1844 2530 1908 2594 utrel

379 2632 437 2693 hac
451 2633 549 2695 veluti
560 2635 661 2697 radico
674 2632 825 2694 libertatis
833 2631 951 2691 fructus
964 2630 1085 2709 plenior
1094 2637 1150 2709 est,
1200 2634 1289 2696 alteri
1318 2635 1437 2696 nubere
1461 2634 1567 2715 possit,
1592 2634 1646 2695 vel
1667 2633 1905 2709 viduapemueu.

379 2730 411 2786 et
436 2726 608 2805 perfectior.
637 2727 682 2788 lta
706 2725 763 2798 fir,
792 2734 827 2785 ut
853 2722 1002 2783 libertatis
1021 2727 1152 2804 utraque
1202 2727 1307 2806 ltaque
1319 2726 1533 2789 deliberationi
1549 2732 1580 2787 et
1593 2725 1721 2787 consilio
1731 2718 1906 2784 trimetron

379 2818 478 2892 notio,
499 2826 530 2880 et
543 2819 715 2901 proprietas
729 2817 763 2877 in
778 2815 923 2876 cumdem
935 2814 1099 2894 conspiret,
1115 2836 1151 2877 ac
1201 2819 1254 2897 qui
1268 2824 1360 2881 antea
1375 2838 1439 2880 non
1454 2824 1530 2892 erat,
1555 2836 1592 2878 eo
1621 2817 1703 2898 quod
1719 2814 1831 2894 altipeta,
1850 2809 1908 2870 tte

380 2909 539 2989 redigatur
571 2909 797 2982 indifferentia,
827 2907 977 2986 nullaque
999 2925 1152 2986 oppressae
1201 2909 1408 2986 determinata,
1432 2911 1517 2972 etad
1532 2928 1636 2971 unum
1654 2908 1786 2970 adstricta
1802 2903 1908 2965 artua

379 3004 561 3064 necessitate
584 3001 756 3063 voluntatis
783 3004 908 3060 statum.
934 2999 1059 3077 Exque
1079 3001 1153 3061 novi
1202 3020 1312 3081 genus,
1335 3010 1366 3064 et
1388 3002 1552 3082 conjugem
1565 3019 1680 3062 unum.
1697 2993 1908 3074 Quareronsiinn

380 3093 531 3173 dogmatis
544 3095 660 3157 nebula
682 3095 836 3165 discussa,
860 3092 941 3152 clara
962 3096 993 3151 et
1014 3091 1153 3169 jucunda
1202 3095 1230 3155 ei
1243 3096 1295 3155 dat
1305 3095 1480 3176 Apostolus,
1492 3099 1527 3154 ut
1539 3094 1723 3155 viduitatem
1736 3086 1852 3168 conjugio
1859 3100 1909 3165 pre

379 3184 436 3245 lux
448 3186 548 3247 oritur
561 3194 630 3249 tum
656 3187 695 3247 ad
717 3186 783 3247 veri
810 3183 1069 3265 perspicientiam,
1084 3189 1153 3245 tum
1200 3185 1290 3261 forat,
1317 3187 1402 3266 quod
1429 3189 1502 3248 dare
1520 3187 1676 3248 hactenus
1702 3184 1910 3262 nonpoteratto

380 3276 420 3337 ad
430 3278 595 3358 Augustini
607 3279 794 3341 sententiam
808 3276 1033 3357 explicandam.
1045 3276 1103 3349 Qui
1114 3277 1153 3338 de
1202 3280 1285 3358 quod
1310 3280 1489 3341 alterutrius
1510 3279 1647 3359 eligendi
1668 3279 1736 3359 jure
1760 3272 1863 3337 osmbrt.
1877 3269 1911 3327 Fet

381 3368 479 3430 libero
489 3370 616 3433 arbitrio
627 3370 812 3452 plerumque
821 3370 992 3449 disputans,
1003 3368 1153 3430 libertatis
1201 3372 1303 3432 etiam
1324 3372 1358 3432 in
1393 3370 1532 3450 ejusdem
1561 3370 1603 3432 ud
1639 3368 1794 3434 emortus
1816 3359 1910 3444 epirote

379 3462 565 3525 vocabulum
578 3469 708 3543 usurpat
721 3464 779 3537 sic,
795 3468 945 3541 tanquam
961 3460 989 3521 ei
1003 3463 1150 3539 servitus,
1201 3466 1298 3544 capite
1312 3480 1341 3524 rx
1352 3463 1503 3525 libertatis
1512 3482 1546 3524 ar
1555 3463 1753 3525 servitutiseo
1763 3466 1911 3534 sensuqntffl

379 3552 429 3613 vel
438 3555 597 3634 captivitas
611 3560 785 3636 opponatur
799 3572 838 3615 ex
847 3555 985 3614 adverso.
996 3554 1152 3614 Nimirum
1201 3554 1350 3634 diximus,
1370 3556 1489 3618 illustre
1511 3556 1683 3637 specimen,
1707 3571 1772 3617 curn
1792 3553 1827 3610 ita
1840 3542 1912 3607 nubit

380 3647 465 3724 quod
478 3648 596 3708 servilis
607 3649 684 3716 haec,
694 3654 725 3708 ct
735 3646 1010 3708 obnoxiaconditio
1025 3648 1149 3725 nativae,
1201 3648 1365 3727 Apostolus
1377 3669 1383 3708 :
1396 3647 1476 3709 Nom
1490 3667 1580 3730 quum
1590 3646 1670 3709 liber
1680 3648 1760 3709 esrem
1772 3662 1803 3705 ee
1812 3635 1911 3708 umus,

380 3743 411 3798 ct
434 3739 646 3802 indifferenter
660 3741 698 3801 ad
722 3757 769 3815 ca,
793 3756 863 3818 quae
883 3737 1040 3818 proposito
1066 3745 1150 3814 sunt,
1201 3744 1331 3800 ornatum
1341 3734 1911 3822 meamomseumtpturestouitrum·

380 3830 521 3894 habentis
535 3833 687 3895 facultatis
702 3850 794 3893 usum
804 3831 961 3910 impediat.
973 3831 1051 3890 Nam
1066 3831 1106 3893 ob
1120 3832 1150 3893 id
1202 3828 1257 3893 Sic'
1266 3838 1371 3895 autem
1382 3835 1514 3894 servitus
1523 3832 1586 3909 illa,
1603 3840 1637 3895 et
1650 3820 1913 3895 framearum

379 3924 532 3986 duntaxat
544 3926 678 3987 libertati
689 3930 734 3985 est
747 3924 901 3985 contraria
910 3922 1051 3991 servitus,
1066 3924 1147 4003 quia,
1199 3924 1315 3987 ibidem
1338 3926 1534 4007 exprimitur.
1557 3924 1698 3988 libertas
1719 3924 1838 4005 quiden,
1858 3911 1912 3994 qtltd

379 4022 416 4077 ut
435 4019 518 4093 vult,
535 4038 626 4099 agere
640 4037 705 4079 non
720 4019 794 4077 sinit
806 4016 984 4091 bominem;
1009 4016 1062 4076 sed
1078 4036 1151 4079 eum
1199 4036 1300 4096 neque
1314 4020 1332 4079 J
1335 4019 1452 4079 udaieis
1467 4018 1588 4093 ritibus,
1602 4025 1634 4079 et
1646 4016 1783 4080 institutis
1793 4006 1913 4075 utronea

374 4109 440 4187 juri
449 4112 576 4172 alterius
588 4132 624 4173 ac
637 4111 779 4190 potestati
788 4108 1002 4188 voluntatique
1014 4109 1147 4188 subjicit,
1199 4128 1300 4189 neque
1328 4111 1492 4191 gentilium
1520 4110 1677 4190 obligatus
1697 4109 1827 4177 moribus,
1843 4112 1914 4175 neque

379 4208 410 4261 et
421 4204 650 4281 quodammodo
665 4202 896 4277 circumscribit,
912 4219 948 4261 ac
966 4200 1150 4261 determinat
1198 4201 1341 4263 infirmus
1353 4209 1443 4277 esset,
1453 4221 1488 4263 ac
1495 4220 1551 4263 suo
1556 4202 1839 4281 jure,arbitratuqne
1849 4192 1915 4251 dian

379 4291 433 4367 ita,
449 4301 483 4355 ut
495 4303 637 4375 ἀδιάφορος,
656 4294 687 4356 id
705 4301 750 4355 est
765 4292 937 4374 indifferens
953 4310 1018 4352 esse
1033 4292 1150 4354 desinat
1198 4302 1299 4374 posset
1311 4312 1496 4375 componere
1506 4314 1514 4370 3
1526 4301 1557 4355 at
1571 4295 1714 4369 servitus,
1725 4288 1915 4372 panentu

377 4384 417 4444 ad
432 4388 649 4467 quodcumque
660 4388 785 4448 libitum
807 4386 866 4446 erit
886 4385 1146 4465 amplectendum,
1198 4387 1512 4463 commutavitistam,
1522 4387 1558 4447 in
1567 4406 1605 4449 eo
1619 4388 1679 4448 sita
1692 4386 1756 4461 fuit,
1770 4379 1839 4463 quod
1845 4387 1916 4436 unum

378 4494 450 4536 cum
465 4496 503 4537 cx
516 4496 580 4538 uno
593 4478 661 4540 beri
683 4479 813 4559 imperio
834 4476 983 4557 pendeat,
999 4496 1097 4557 eoque
1110 4479 1150 4538 sit
1197 4469 1914 4565 sefecitexludais‚quandocumillisrersabotut

377 4569 532 4629 delinitus.
1197 4576 1228 4631 et
1241 4590 1314 4632 cum
1327 4572 1496 4651 gentilibus
1509 4572 1634 4646 virens,
1649 4588 1746 4633 unum
1759 4586 1787 4629 se
1799 4567 1857 4626 item
1869 4558 1917 4619 frti

220 4702 337 4751 murem
417 4659 1147 4742 Vl.Ac,sidiligenterusumnominumistorum
1196 4664 1370 4741 gentilium,
1383 4664 1568 4743 utqueinter
1582 4649 1916 4725 infirmossimitnrinfir

228 4759 331 4805 literato
378 4750 467 4815 liberi
482 4773 517 4815 aa
540 4755 629 4831 serui,
655 4760 685 4815 et
712 4755 861 4815 similium
888 4754 1053 4834 expendas,
1082 4760 1147 4814 tam
1195 4772 1293 4817 mum.
1310 4757 1376 4830 Quo
1399 4756 1433 4815 iu
1461 4756 1603 4836 exemplo
1632 4762 1768 4818 exactam
1788 4744 1917 4812 meandum

223 4822 334 4932 mciii
376 4863 478 4907 sacros
493 4846 577 4926 apud
594 4852 749 4925 auctores,
772 4864 867 4926 quam
880 4847 1041 4927 profanos,
1057 4848 1145 4907 inre·
1195 4847 1257 4920 illa,
1275 4865 1345 4928 quar
1359 4847 1505 4926 diximus,
1521 4848 1691 4928 imaginem
1705 4848 1846 4922 utriusque
1857 4840 1918 4919 potet

213 4930 341 4977 ⁰PP⁰¹¹¹¹⁰¹²
376 4938 454 5015 nies,
470 4958 506 5000 eo
522 4945 660 5020 spectare
675 4940 792 5015 omnia,
817 4945 852 5000 ut
877 4938 1014 5000 liberum
1037 4939 1068 4999 id
1094 4940 1142 5016 sit,
1193 4940 1521 5002 animadvertereNon
1534 4947 1623 5020 puto,
1634 4956 1699 5002 tam
1709 4936 1918 5020 praecamur

375 5031 459 5110 quod
473 5033 511 5093 ad
523 5032 612 5113 plura
628 5032 811 5112 capessenda
821 5030 1005 5093 inoffensam
1016 5037 1047 5092 et
1056 5050 1146 5112 cxpe-
1194 5032 1386 5111 pervicacem
1398 5032 1463 5094 fore
1478 5050 1669 5113 quemquam
1682 5034 1917 5102 novorumtoper

374 5123 472 5184 ditum
485 5125 579 5186 babet
591 5130 774 5206 potestatem
784 5129 922 5203 catenus,
933 5125 1017 5204 quod
1030 5123 1144 5185 borum
1193 5139 1270 5198 σιῶν,
1286 5124 1363 5204 quin
1376 5130 1441 5185 tam
1459 5125 1622 5187 manifesta
1639 5124 1773 5186 veritatis
1793 5119 1852 5181 luce
1865 5126 1916 5173 cor·

374 5216 527 5278 delectum
540 5218 639 5280 facere
653 5219 759 5299 possit,
785 5223 815 5278 ot
829 5235 930 5278 unum
944 5234 983 5288 ex
997 5217 1044 5294 iis,
1060 5217 1144 5297 quod
1192 5216 1310 5293 rictus,
1332 5216 1481 5277 libertatis
1503 5235 1608 5278 reram
1623 5227 1849 5296 germanamque
1858 5218 1917 5267 ΜΨ

371 5310 474 5372 visum
486 5311 554 5385 erit,
570 5311 722 5373 anteferre
743 5311 878 5386 eratenim
899 5309 1009 5370 servile
1021 5326 1095 5369 roro
1110 5309 1143 5369 id
1192 5313 1257 5369 mat
1283 5308 1540 5388 intelligentiam,
1570 5314 1600 5369 et
1622 5307 1835 5370 contentiosam
1856 5294 1918 5359 fflffl

371 5404 486 5481 vocari,
500 5404 755 5483 quodalligatum
769 5403 825 5465 uni
838 5410 869 5464 et
878 5407 1072 5464 contractum
1082 5406 1138 5477 est,
1191 5400 1382 5482 inanemque
1415 5401 1570 5478 dimittat3
1604 5420 1677 5481 quae
1705 5399 1830 5482 profecto
1850 5381 1917 5451 siai
1946 5392 1947 5485 i

398 5598 408 5641 l
423 5597 468 5644 Cle.
480 5598 507 5645 dt
515 5601 601 5647 Seueri.
611 5623 638 5634 -
649 5600 664 5644 ‘i
677 5600 687 5645 1
699 5602 748 5649 Gor.
764 5611 804 5652 ru,
815 5599 899 5645 tra—s
913 5596 969 5642 ibid.
979 5597 1051 5642 seul.
