3932 6172
400 386 452 448 DE
471 385 634 448 crimme
655 385 729 448 SEX
749 385 910 460 omnum,
932 388 1005 451 ΠΒ.
1026 388 1079 467 ΠΙ,
1101 387 1188 451 ΟΑΡ.
1211 386 1250 448 X.
1552 386 1610 446 311

55 576 117 631 ene,
129 571 199 634 quos
207 552 359 629 hortatur,
382 551 437 614 sed
460 551 518 613 sub
538 552 594 613 Dei
613 552 744 631 imperio
757 570 794 612 uc
844 553 958 629 liberm,
974 573 1045 635 quae
1057 553 1213 617 interduo
1226 551 1384 630 consistit,
1409 556 1459 626 et,
1483 551 1613 630 inquod

56 646 192 710 dominatu
202 643 355 705 contineri
368 664 376 720 ;
398 662 494 723 quum
514 643 704 720 servitutem,
719 643 795 705 libe·
842 646 1007 708 amborum
1021 648 1154 722 mavult,
1171 645 1298 706 inclinat
1311 663 1350 706 ex
1370 662 1447 705 sese.
1462 644 1612 722 Egregius

55 741 132 802 celem
142 735 282 817 quidem,
309 754 369 797 uec
393 736 583 814 violentem,
612 736 795 816 paulopost
844 745 889 800 est
914 740 1042 819 insuper
1061 740 1201 818 ejusdem
1226 736 1438 817 Chrysostomi
1466 736 1552 796 locus
1576 736 1611 795 in

5 852 30 892 ιι-
56 832 249 911 sqqsvoml
846 831 956 896 Caleno
969 831 1071 896 &ceco
1091 832 1124 892 in
1137 830 1215 906 Job,·
1236 829 1290 909 qui
1304 834 1372 889 tum
1385 828 1611 907 superiorailla

85 922 156 983 VIII.
170 921 241 997 Sed,
255 924 292 980 ut
317 920 416 999 magis
434 936 565 982 acumen
591 920 795 982 miremuris·
844 925 961 997 omnic,
976 930 1045 987 tum
1052 924 1149 985 liberi
1161 928 1307 984 naturam
1320 920 1450 997 arbitrii,
1458 919 1611 980 acvolun·

54 1020 215 1091 torum,cge
235 1010 418 1089 videamus,
446 1012 558 1091 quibus
585 1012 796 1092 Chrysostomi
843 1016 1073 1096 tatispraeclcre
1086 1016 1286 1077 demonstrat
1307 1012 1493 1073 «vincimus
1506 1017 1611 1073 eutem
1635 1028 1699 1122 cing
1689 1027 1762 1081 ringis

53 1107 113 1169 locis
122 1108 327 1166 commentum
352 1103 481 1165 fulcient
507 1122 609 1165 suum.
628 1106 797 1183 Opponunt
844 1126 913 1187 nos,
939 1079 1786 1215 111111,1111111111ΓιοΓιμΓομ11Γ1ι1-ίῖίίζῖᾗίίι

55 1199 88 1273 id,
105 1196 204 1276 quod
194 1214 229 1256 m
251 1195 381 1257 homilia
394 1213 437 1259 rm
462 1195 646 1257 mdoonnem
658 1196 794 1275 legitur
844 1201 1053 1263 versariorum
1066 1196 1615 1277 vim‚auteorum,quinoh1sop1

54 1289 98 1350 nbi
106 1289 252 1368 disparem
265 1305 432 1368 corporum
443 1306 509 1349 esse
522 1288 784 1350 conditionnm't
741 1294 784 1348 n1t
786 1334 795 1363 ‚
845 1293 996 1371 tulautm,
1011 1293 1270 1354 imbecillitatem:
1287 1291 1340 1351 sed
1346 1294 1437 1369 prop
1438 1307 1471 1350 er
1424 1288 1615 1349 tlibercm

55 1387 127 1460 atqm
139 1378 389 1441 estcnimorum:
420 1400 435 1438 c
453 1380 543 1453 Quod
562 1386 674 1441 natura
692 1397 798 1460 corpo·
846 1391 986 1446 nostrum
1000 1385 1193 1447 electionem.
1207 1384 1308 1460 Nam,
1324 1400 1396 1442 cum
1405 1381 1528 1460 utrique
1540 1381 1615 1440 hor·

55 1490 118 1547 rom,
132 1490 325 1552 quocumque
344 1472 444 1551 ipsam
455 1472 568 1534 ducere
590 1472 730 1533 conditor
742 1490 798 1533 vo·
847 1478 943 1539 tendo
956 1496 1013 1539 nos
1026 1476 1301 1550 invitentedsese,
1326 1479 1357 1535 et
1382 1473 1479 1535 sancti
1491 1472 1617 1552 quidem

56 1565 145 1638 luerit,
159 1583 193 1626 eo
216 1565 379 1644 sequitur;
405 1583 508 1644 neque
533 1565 704 1644 quidquam
727 1571 795 1640 est,
848 1570 960 1649 Angeli
973 1570 1012 1630 ad
1025 1571 1119 1645 bona,
1135 1567 1299 1630 execrandi
1318 1582 1392 1627 vero
1407 1563 1618 1626 daemonesed

56 1658 121 1738 quoti
129 1657 255 1718 resistat·
266 1656 380 1718 Anima
391 1674 465 1718 vero
491 1656 603 1718 suimet
616 1656 754 1734 (1011111111,
767 1662 799 1718 et
851 1663 947 1724 mala:
963 1662 1061 1724 libera
1074 1667 1178 1723 nostra
1192 1660 1335 1721 voluntas
1345 1659 1416 1736 jure
1430 1676 1502 1734 suo,
1516 1675 1551 1717 ec
1561 1674 1617 1736 po·
1658 1702 1663 1711 .

57 1750 218 1828 agendorum
233 1754 418 1828 potestatem
430 1748 559 1826 habens,
574 1768 640 1811 non
652 1750 687 1809 in
700 1750 800 1810 omni·
850 1759 959 1817 testate
971 1754 1100 1834 predita
1116 1800 1124 1830 ,
1154 1769 1249 1833 quam
1263 1751 1330 1812 vult
1343 1750 1377 1811 in
1390 1755 1528 1830 pentem,
1554 1765 1619 1809 sese

56 1842 111 1914 bus
121 1841 171 1901 nisi
182 1841 240 1920 ipsi
255 1840 359 1909 libeat,
373 1840 552 1921 obsequitur
560 1842 633 1903 Deo.
641 1841 799 1902 Noncuim
846 1852 1024 1928 promovet.
1039 1847 1109 1907 Non
1118 1846 1202 1907 enim
1215 1845 1296 1905 Deus
1307 1842 1373 1902 vim
1396 1841 1486 1902 nohis
1506 1840 1617 1915 affert,

57 1933 173 2007 nstin,
186 1950 218 1993 sc
233 1932 267 1992 vi
281 1933 417 2011 quodam
439 1937 579 1994 coactam
598 1933 715 1994 bonam
737 1932 801 1994 effi·
851 1939 1039 2020 quoslibero
1060 1937 1234 1999 honestavit
1253 1935 1396 2008 arhitn03
1427 1951 1528 2012 neque
1548 1933 1618 1993 Dia-

57 2024 190 2095 cercvult,
196 2030 223 2085 et
234 2025 355 2086 virtute
364 2025 536 2104 preditam
544 2025 801 2104 Quandoquidem
850 2032 941 2093 holus
953 2030 1084 2108 cogendi
1094 2029 1193 2090 nostri
1206 2028 1383 2089 facultatem
1395 2025 1490 2085 habet
1509 2024 1617 2102 ullam.

57 2135 93 2177 ne
107 2117 157 2177 hoe
170 2117 302 2221 'qudem
327 2116 426 2177 virtus
441 2124 529 2178 esset
545 2117 606 2178 Sed
629 2117 755 2194 volenti,
771 2124 802 2179 ct
851 2124 912 2186 Sed
924 2140 981 2203 pro
994 2122 1092 2183 libera
1104 2125 1210 2182 nostra
1223 2120 1382 2180 voluntate
1399 2115 1620 2194 111111111ςί-

57 2209 198 2287 spontem
224 2208 260 2269 id
281 2199 444 2270 inclinanti
470 2209 721 2289 pertundendum
743 2216 799 2288 est,
850 2234 932 2291 mus,
945 2215 996 2275 vel
1008 2231 1184 2295 peccemus,
1197 2211 1334 2291 Angelis,
1350 2214 1405 2270 cut
1417 2206 1619 2270 Dcemonibus

57 2299 225 2361 1111111111.
242 2321 262 2359 »
281 2300 343 2361 Sed
357 2300 508 2380 quisillos
521 2301 731 2362 docuitialem
739 2302 802 2364 illic
851 2309 1066 2369 edhaemntes⁰
1070 2326 1095 2367 ,ιι

56 2409 116 2467 nm,
129 2391 383 2454 etneces'sitetem
396 2392 537 2470 ariolari,
562 2411 632 2472 quse
642 2411 683 2454 ue
696 2413 716 2454 a
738 2396 801 2456 Deo
891 2401 945 2460 IX.
963 2390 1619 2471 SicinhomiliadeProdttioneJudoe,quem

57 2484 232 2565 quidemipso
247 2475 348 2564 possit
361 2484 450 2562 effici,
466 2503 538 2546 cum
554 2486 714 2547 voluntate
725 2505 801 2566 pug-
850 2492 955 2553 locum
968 2496 1000 2552 et
1011 2490 1058 2551 illi
1083 2488 1269 2570 proferunt,
1298 2487 1407 2548 eudem
1431 2490 1477 2545 est
1490 2492 1677 2565 ἀλογιστία

56 2576 175 2638 mntem?
188 2578 349 2638 Discerent
361 2577 473 2657 potius,
487 2578 513 2638 si
526 2578 601 2658 quid
614 2578 654 2639 ed
662 2578 802 2641 locorum
850 2584 915 2644 vim
927 2582 1078 2644 libertatis
1104 2579 1368 2661 impugnantium.
1383 2577 1464 2638 Nam
1476 2576 1621 2656 Chryses

56 2668 183 2730 deleetum
210 2669 398 2731 adhiberent
407 2669 530 2748 judicii:
555 2669 625 2731 ideo
637 2687 702 2731 non
715 2689 803 2750 posse
850 2682 955 2737 tomus
968 2674 1142 2750 sciscitanti,
1158 2691 1213 2733 cur
1226 2690 1292 2733 non
1303 2671 1440 2733 Christus
1453 2670 1567 2730 ludam
1581 2668 1620 2729 ab

56 2758 105 2821 rin
116 2760 264 2840 ejusmodi
274 2761 454 2840 significari,
470 2762 565 2841 quod,
580 2780 636 2823 cur
644 2761 742 2824 libero
756 2781 803 2824 ar·
852 2767 985 2847 cogitato
998 2766 1111 2828 scelere
1124 2764 1278 2845 repressit,
1293 2764 1336 2824 ita
1349 2761 1531 2841 respondet:
1555 2779 1620 2821 non

55 2850 131 2913 bitrio
140 2872 200 2914 non
213 2855 256 2915 sit
270 2854 356 2915 111111
372 2900 381 2930 ,
405 2871 530 2915 censam
544 2870 609 2915 esse
623 2854 678 2915 Dei
691 2855 802 2917 volun·
852 2859 1044 2940 opportinsse
1070 2858 1250 2918 necessitate
1274 2853 1409 2934 probum
1429 2851 1520 2912 illum
1539 2851 1619 2928 fieri,

56 2924 251 3023 surculescit,
269 2951 306 3006 ut
326 2944 420 3007 simili
430 2945 463 3005 in
476 2963 522 3022 re,
543 2946 643 3026 capite
656 2947 798 3026 septimo,
853 2951 938 3032 quod
949 2969 989 3012 ne
1002 2951 1046 3010 sic
1065 2948 1191 3028 quidem
1204 2946 1321 3027 probus
1343 2944 1451 3005 fuisset
1464 2990 1472 3020 ,
1487 2943 1620 3022 eoquod

58 3035 87 3095 ad
97 3037 194 3098 Hilarii
203 3038 424 3101 testimonium
442 3037 517 3099 dixi.
542 3038 747 3117 Perspicuum
759 3045 805 3100 est
853 3042 1031 3110 necessitate
1044 3059 1137 3103 nemo
1147 3040 1184 3101 fit
1196 3039 1307 3100 bonus.
1320 3036 1377 3097 Hie
1393 3053 1468 3097 vero
1483 3037 1617 3097 coactio-

5 3160 34 3196 n
56 3134 150 3205 summ,
163 3137 356 3211 τὸὰοωφορον,
370 3131 453 3191 etsd
474 3135 622 3192 neutrum
648 3131 804 3193 addictum
853 3153 939 3211 nem,
955 3141 986 3195 et
997 3132 1178 3194 violentiam
1192 3131 1287 3203 illam,
1302 3146 1373 3208 quae
1385 3127 1540 3188 voluntati
1553 3147 1623 3208 per-

57 3219 183 3284 liberum
205 3229 328 3284 statum
342 3222 450 3283 inillis
477 3222 580 3284 verbis
593 3222 803 3302 pulchredes-
854 3228 969 3288 niciem
982 3224 1082 3303 affert,
1095 3224 1174 3285 nihil
1187 3240 1265 3304 opus
1278 3225 1325 3283 est
1337 3220 1467 3299 fingere.
1489 3219 1542 3281 Uti
1563 3238 1621 3283 nec

56 3312 656 3394 uiii3quemndmodumetiuhomiliuxo
669 3314 803 3376 inloca—
854 3317 1027 3381 inhomilis
1035 3318 1132 3378 altere
1145 3314 1168 3392 ¹,
1190 3314 1224 3375 in
1239 3331 1301 3395 quc
1326 3313 1365 3374 de
1391 3310 1477 3373 Pauli
1497 3329 1624 3373 eonver-

56 3423 120 3468 nen:
136 3408 203 3482 osi,
219 3406 338 3488 inquit,
353 3406 595 3487 philosopheris‚
609 3406 806 3469 infinitorum
854 3412 940 3472 sione
966 3411 1118 3471 disserens
1135 3455 1143 3485 ,
1172 3412 1266 3486 negat
1289 3404 1380 3466 illum
1405 3411 1516 3485 libem
1531 3404 1624 3465 idest

57 3495 99 3558 111
120 3498 277 3561 honorum
304 3498 375 3560 sons
401 3499 460 3560 erit
483 3505 659 3579 paupertas.
679 3499 806 3573 Quodsi
854 3501 1018 3564 necessitate
1030 3499 1238 3579 compulsum.
1256 3499 1338 3558 Tum
1363 3516 1374 3555 ε
1391 3498 1491 3558 Deum
1504 3497 1623 3558 nemini

57 3589 109 3666 qo‘u
119 3592 169 3653 tibi
182 3591 416 3673 magistratum,
437 3597 469 3653 et
494 3591 596 3652 civiles
608 3591 805 3653 administro-
855 3594 921 3657 vim
931 3593 1056 3669 inferre,
1069 3592 1123 3653 sed
1134 3592 1272 3652 volentes
1284 3587 1440 3663 traheret,
1453 3595 1512 3651 etc.
1522 3606 1624 3669 neque

57 3680 145 3762 iones,
158 3691 188 3747 et
209 3685 363 3759 divitias,
387 3684 571 3763 deliciasque
597 3690 804 3764 proponerem
856 3686 1001 3766 cuiquam
1028 3685 1241 3746 necessitatem
1266 3681 1442 3743 afferre‘.o
1473 3682 1622 3758 Etenim,

56 3776 108 3834 tun
125 3782 309 3857 paupertate
331 3775 434 3837 oblata
456 3776 615 3855 optionem
636 3775 725 3836 daret
736 3822 744 3851 ,
757 3782 804 3854 ut,
857 3796 952 3858 quam
960 3779 1089 3839 demum
1101 3777 1176 3846 vim,
1193 3774 1450 3837 nenecessitatem
1468 3773 1622 3849 excludet,

56 3867 120 3942 quod
131 3869 232 3939 selles,
242 3869 412 3946 acciperes,
424 3868 516 3928 istam
529 3866 633 3928 statim
642 3867 804 3947 arriperes,
857 3867 891 3928 in
902 3868 1011 3928 eadem
1021 3866 1149 3927 homilia
1162 3866 1368 3934 demonstrem
1392 3860 1543 3922 nimirum
1563 3880 1626 3940 que

56 3955 138 4035 sens
148 3960 417 4040 pulchritudinem
430 3977 536 4021 nosses
547 3957 567 4020 1.
585 3960 686 4020 eliseo
699 3963 744 4018 est
756 3977 808 4020 ac·
856 3977 960 4020 servos
973 3962 1088 4034 cogunt
1109 3956 1244 4032 domini,
1261 3960 1291 4015 et
1312 3954 1443 4026 invitos,
1474 3952 1624 4032 quidquid

56 4056 140 4113 cunta
153 4051 258 4115 forma
272 4065 318 4129 τῆς
326 4060 506 4133 προαιρέσεως,
531 4050 562 4112 11
588 4056 635 4112 est
658 4050 809 4113 electionis
855 4051 978 4131 jubent,
988 4050 1087 4112 iacere
1100 4048 1301 4128 compellunt.
1314 4068 1329 4106 u
1344 4043 1623 4125 Homines,iuquit,

81 4267 208 4322 ttCuurs.
228 4265 309 4333 Ὅτιὴ
337 4264 379 4337 μὶν
395 4269 444 4319 τῶν
463 4264 585 4335 σωμάτων
603 4264 681 4335 piore,
696 4260 759 4338 ᾗπερ
778 4267 807 4317 ἂν
856 4264 936 4337 ἡμεῖς,
957 4266 972 4332 ἢ
992 4263 1114 4335 κινώμεθα
1127 4261 1155 4315 οὗ
1171 4260 1237 4334 παρὰ
1251 4265 1301 4313 τῶν
1325 4257 1536 4331 ἀντιπραττόντων
1550 4260 1623 4314 διἰνα-

57 4344 115 4414 sitifi
129 4349 192 4421 ἄγειν
207 4349 223 4402 ὁ
236 4348 388 4421 δημιουργὸς
414 4347 541 4417 βούληται,
556 4347 631 4419 ταύτῃ
654 4348 747 4412 ἕπεται,
766 4348 807 4401 καί
856 4368 906 4420 μιν,
925 4347 999 4416 dclv
1014 4352 1063 4400 τῶν
1085 4344 1280 4417 συμμαχούντων
1300 4340 1444 4414 ἀδυναμίαν,
1471 4341 1536 4396 ἀλλὰ
1558 4345 1625 4417 παρὰ

57 4429 78 4482 τὸ
90 4430 222 4488 maxinme
242 4431 328 4485 οὖδέν
344 4430 360 4497 ἦ
373 4430 400 4484 ot
412 4429 478 4502 ψυχὴ
492 4429 563 4502 κυρία
577 4429 664 4498 ἑαυτῆς
678 4432 807 4503 γενομένη,
856 4431 901 4499 ἢν
914 4430 1035 4502 ἡμετέραν
1046 4423 1194 4501 προαίρεσιν.
1210 4425 1329 4496 ἑκατέρων
1347 4426 1395 4498 γὰρ
1409 4423 1443 4487 εἰς
1458 4423 1557 4489 ἓαυτοίος
1565 4447 1626 4499 προ-

57 4514 87 4564 ul
96 4521 139 4568 τῶν
151 4515 282 4587 πρακτέων
297 4513 342 4581 τὴν
357 4510 467 4574 ἐξουσίαν
482 4513 585 4586 ἔχουσα,
594 4512 623 4566 οὗ
637 4514 726 4584 πάντα,
736 4515 764 4566 ἂν
774 4512 807 4585 μὴ
856 4516 1004 4586 τρεπόντων,
1018 4518 1067 4566 τῶν
1080 4510 1123 4582 μὲν
1136 4505 1213 4582 ἁγίων
1224 4507 1334 4581 ἀγγέλων
1350 4508 1383 4573 τίς
1392 4508 1424 4562 τὰ
1436 4508 1525 4581 ἀγαθὰ,
1539 4511 1625 4566 τῶνδὲ

57 4594 161 4666 iiiique,
174 4598 287 4652 πείθεται
298 4601 336 4668 τῷ
351 4596 409 4668 θεῷ.
428 4595 532 4649 ἄκουσαν
545 4595 593 4668 γὰρ
607 4594 691 4664 elidi.
708 4596 751 4649 κα1
768 4597 809 4668 βίᾳ
857 4595 989 4668 ἀλιτηρίων
1003 4596 1127 4667 δαιμόνων
1142 4591 1175 4656 εἰς
1188 4593 1220 4645 τὰ
1233 4592 1326 4663 φαῦλα,
1342 4590 1476 4665 ίγὴμετέρα
1488 4593 1626 4666 προαίρεσις

57 4680 331 4753 commences
351 4677 380 4731 οίι
398 4678 512 4749 βούλεται
533 4683 634 4747 ποιῆσαι
654 4679 742 4747 καλὴν,
768 4678 809 4732 καὶ
857 4684 895 4752 τῷ
917 4677 1064 4750 αὖτεξοοοίῳ
1078 4677 1227 4748 τετιμημίνη
1241 4674 1303 4736 είςδ
1324 4676 1354 4728 ἂν
1368 4675 1458 4748 θελήσῃ
1477 4675 1551 4748 μέρος
1563 4695 1624 4748 προ·

59 4758 156 4833 ideam·
174 4762 261 4831 ἐπειδὴ
279 4762 341 4834 μηδέ
355 4759 406 4815 ἔστι
419 4766 494 4816 τοῦτο
511 4761 595 4832 ἀρετή.
613 4761 679 4816 ἀλλὰ
689 4760 738 4836 χρὴ
752 4763 808 4834 βοίι-
857 4763 944 4836 χωρεῖ.
958 4760 1014 4815 οὔτε
1024 4760 1071 4832 γὰρ
1086 4758 1138 4821 θεὸς
1150 4759 1258 4831 βιάζεται
1269 4759 1375 4830 τιμήσας
1383 4757 1494 4830 ipsese
1510 4757 1623 4821 cirsion·

56 4843 201 4915 'septenam
215 4847 322 4900 ἑκοῦσαν
336 4847 417 4899 πεῖσαι
430 4845 539 4917 γενέσθαι
548 4845 671 4915 τοιαύτην.
856 4843 913 4916 οίῳ·
930 4842 986 4897 οὔτε
1001 4843 1116 4906 διάὸολος
1129 4841 1305 4912 ἀναγκαστικήν
1321 4859 1376 4893 τινα
1395 4841 1495 4913 δύναμιν
1512 4840 1624 4911 κέκτηται

83 4929 207 4985 annrs.
222 4933 259 4985 ίη
273 4932 359 4985 loon.
380 4926 808 5001 Ἐἀνγὰρριλοοοφῇς,κα1μορίων
856 4928 909 4980 καθ’
932 4926 1014 4999 ἡμῶν.
1039 4924 1104 4979 ἀλλὰ
1126 4923 1189 4979 κατὰ
1214 4924 1338 4996 προιίρεοιν
1353 4922 1402 4977 εἴτε
1419 4918 1625 4996 κατορθοῦμεν,ἣ

56 5009 134 5081 isnin
142 5014 210 5067 ἔσται
219 5031 264 5067 σοι
278 5013 355 5082 πηγή.
369 5012 409 5064 καί
424 5010 447 5065 εί
459 5031 496 5074 τις
509 5032 549 5066 σοι
564 5010 653 5085 ἀρχὴν,
663 5012 703 5064 καί
714 5012 809 5065 πολιτι-
857 5010 1039 5084 ἁμαρτάνομεν,
1050 5008 1173 5081 ἀγγέλοις,
1183 5009 1198 5076 ἢ
1209 5007 1309 5079 δαίμοσι
1322 5007 1534 5078 προοκλινόμενοι.

54 5093 208 5167 ιἀςδονάμεις,
232 5097 280 5149 καὶ
298 5095 424 5165 πλοῦτον,
440 5095 483 5148 καί
505 5093 596 5167 τρυφὴν
609 5094 739 5167 προετίθει,
754 5088 809 5148 εἶτα
892 5092 1010 5148 dldem
1029 5091 1105 5161 hom.
1125 5106 1199 5146 xnltt.
1218 5089 1276 5143 Ὅτι
1295 5089 1328 5160 μὴ
1350 5089 1512 5161 βουλομένους
1525 5087 1553 5143 οὗ
1574 5090 1625 5160 βιά-

53 5176 87 5243 tlt
97 5178 172 5231 πενίαν
182 5179 271 5242 τιθείς,
287 5175 469 5249 aspersiones
482 5178 566 5231 λαβεῖν
581 5177 742 5250 serpsisse,
753 5176 810 5231 red-
857 5178 924 5240 ζεται
938 5176 952 5229 ὁ
965 5175 1026 5238 θεὸς,
1037 5173 1103 5227 ἀλλὰ
1111 5173 1274 5246 βουλομένους
1283 5171 1357 5224 ἕλκει.

52 5275 87 5325 πρ
98 5262 124 5312 ἂν
136 5260 222 5324 εὐθέως
232 5262 358 5332 ἥρπασας,
369 5258 394 5314 εί
405 5279 434 5331 γο
447 5258 522 5328 αὐτῆς
531 5259 608 5333 ἔγνως
620 5261 651 5314 τὸ
663 5260 765 5322 κάλλος.
894 5275 910 5315 e
925 5257 994 5315 ibid.
1022 5255 1091 5312 Ἀλλ’
1105 5254 1187 5324 ἐπειδὴ
1201 5254 1334 5326 ἀναγκάσαι
1343 5252 1429 5307 οίιδένα
1442 5253 1514 5308 θέλει.

79 5343 203 5401 111111.
231 5348 267 5401 in
292 5343 359 5400 Cat.
383 5344 488 5400 Grato
505 5340 538 5400 et
559 5342 621 5400 lob.
648 5342 758 5416 Χινῶμεν
782 5341 808 5396 δὲ

71 5518 81 5562 1
93 5518 150 5566 τοι.
161 5520 211 5567 soi.
224 5519 296 5566 non.
305 5529 369 5565 miri.
