<?xml version="1.0" encoding="UTF-8"?>
<!DOCTYPE html PUBLIC "-//W3C//DTD XHTML 1.0 Transitional//EN"
    "http://www.w3.org/TR/xhtml1/DTD/xhtml1-transitional.dtd">
<html xmlns="http://www.w3.org/1999/xhtml" xml:lang="en" lang="en">
 <head>
  <title>
</title>
<meta http-equiv="Content-Type" content="text/html;charset=utf-8" />
  <meta name='ocr-system' content='tesseract 3.04.00' />
  <meta name='ocr-capabilities' content='ocr_page ocr_carea ocr_par ocr_line ocrx_word'/>
</head>
<body>
  <div class='ocr_page' id='page_1' title='image "./dogmatatheologi00goog_0314.png"; bbox 0 0 3932 6172; ppageno 0'>
   <div class='ocr_carea' id='block_1_1' title="bbox 415 417 1644 499">
    <p class='ocr_par' dir='ltr' id='par_1_1' title="bbox 415 417 1644 499">
     <span class='ocr_line' id='line_1_1' title="bbox 415 417 1644 499; baseline -0.002 -15"><span class='ocrx_word' id='word_1_1' title='bbox 415 422 465 484; x_wconf 85' lang='lat' dir='ltr'><strong>na</strong></span> <span class='ocrx_word' id='word_1_2' title='bbox 485 420 651 484; x_wconf 79' lang='lat' dir='ltr'><strong>oelsrcro</strong></span> <span class='ocrx_word' id='word_1_3' title='bbox 671 418 745 483; x_wconf 84' lang='lat' dir='ltr'><strong>sax</strong></span> <span class='ocrx_word' id='word_1_4' title='bbox 765 417 926 495; x_wconf 80' lang='grc' dir='ltr'><strong>ιιιιιιιιιι,</strong></span> <span class='ocrx_word' id='word_1_5' title='bbox 948 418 1024 482; x_wconf 82' lang='lat' dir='ltr'><strong>ars.</strong></span> <span class='ocrx_word' id='word_1_6' title='bbox 1047 418 1105 499; x_wconf 89' lang='grc' dir='ltr'><strong>ιιι,</strong></span> <span class='ocrx_word' id='word_1_7' title='bbox 1127 420 1214 485; x_wconf 82' lang='lat' dir='ltr'><strong>car.</strong></span> <span class='ocrx_word' id='word_1_8' title='bbox 1236 423 1291 485; x_wconf 87' lang='lat'><em>111.</em></span> <span class='ocrx_word' id='word_1_9' title='bbox 1585 423 1644 484; x_wconf 80' lang='lat' dir='ltr'><strong>aar</strong></span> 
     </span>
    </p>
   </div>
   <div class='ocr_carea' id='block_1_2' title="bbox 7 583 1733 5445">
    <p class='ocr_par' dir='ltr' id='par_1_2' title="bbox 7 583 1733 5445">
     <span class='ocr_line' id='line_1_2' title="bbox 71 583 1642 668; baseline 0.001 -22"><span class='ocrx_word' id='word_1_10' title='bbox 71 583 246 658; x_wconf 80' lang='lat' dir='ltr'><strong>vdentibus,</strong></span> <span class='ocrx_word' id='word_1_11' title='bbox 273 602 377 665; x_wconf 87' lang='lat' dir='ltr'><strong>neque</strong></span> <span class='ocrx_word' id='word_1_12' title='bbox 410 586 587 649; x_wconf 89' lang='lat' dir='ltr'><strong>nolentibus</strong></span> <span class='ocrx_word' id='word_1_13' title='bbox 617 586 773 659; x_wconf 89' lang='lat' dir='ltr'><strong>accidunt,</strong></span> <span class='ocrx_word' id='word_1_14' title='bbox 802 583 829 644; x_wconf 90' lang='lat' dir='ltr'><strong>si</strong></span> <span class='ocrx_word' id='word_1_15' title='bbox 878 585 1074 665; x_wconf 87' lang='lat' dir='ltr'><strong>naturaipsa,</strong></span> <span class='ocrx_word' id='word_1_16' title='bbox 1082 587 1204 666; x_wconf 87' lang='lat' dir='ltr'><strong>etquod</strong></span> <span class='ocrx_word' id='word_1_17' title='bbox 1212 587 1304 649; x_wconf 91' lang='lat' dir='ltr'><strong>in-rei</strong></span> <span class='ocrx_word' id='word_1_18' title='bbox 1312 587 1492 650; x_wconf 86' lang='lat' dir='ltr'><strong>definitione</strong></span> <span class='ocrx_word' id='word_1_19' title='bbox 1503 586 1642 668; x_wconf 88' lang='lat' dir='ltr'><strong>ponitur,</strong></span> 
     </span>
     <span class='ocr_line' id='line_1_3' title="bbox 69 676 1646 758; baseline 0.001 -21"><span class='ocrx_word' id='word_1_20' title='bbox 69 677 185 758; x_wconf 82' lang='lat' dir='ltr'><strong>proprie</strong></span> <span class='ocrx_word' id='word_1_21' title='bbox 198 695 254 738; x_wconf 85' lang='lat' dir='ltr'><strong>uos</strong></span> <span class='ocrx_word' id='word_1_22' title='bbox 267 677 353 758; x_wconf 90' lang='lat' dir='ltr'><strong>loqui</strong></span> <span class='ocrx_word' id='word_1_23' title='bbox 364 679 506 757; x_wconf 87' lang='lat' dir='ltr'><strong>delectat,</strong></span> <span class='ocrx_word' id='word_1_24' title='bbox 517 698 553 742; x_wconf 91' lang='lat' dir='ltr'><strong>ac</strong></span> <span class='ocrx_word' id='word_1_25' title='bbox 566 697 624 741; x_wconf 88' lang='lat' dir='ltr'><strong>nee</strong></span> <span class='ocrx_word' id='word_1_26' title='bbox 635 679 751 756; x_wconf 81' lang='lat' dir='ltr'><strong>invitis,</strong></span> <span class='ocrx_word' id='word_1_27' title='bbox 771 692 829 737; x_wconf 89' lang='lat' dir='ltr'><strong>nec</strong></span> <span class='ocrx_word' id='word_1_28' title='bbox 878 676 951 738; x_wconf 90' lang='lat' dir='ltr'><strong>huic</strong></span> <span class='ocrx_word' id='word_1_29' title='bbox 964 677 1024 756; x_wconf 90' lang='lat' dir='ltr'><strong>ipsi</strong></span> <span class='ocrx_word' id='word_1_30' title='bbox 1037 677 1208 741; x_wconf 89' lang='lat' dir='ltr'><strong>violentum</strong></span> <span class='ocrx_word' id='word_1_31' title='bbox 1232 680 1291 741; x_wconf 88' lang='lat' dir='ltr'><strong>dici</strong></span> <span class='ocrx_word' id='word_1_32' title='bbox 1308 679 1410 757; x_wconf 90' lang='lat' dir='ltr'><strong>debet,</strong></span> <span class='ocrx_word' id='word_1_33' title='bbox 1427 687 1463 741; x_wconf 92' lang='lat' dir='ltr'><strong>ut</strong></span> <span class='ocrx_word' id='word_1_34' title='bbox 1479 684 1583 741; x_wconf 86' lang='lat' dir='ltr'><strong>coacta</strong></span> <span class='ocrx_word' id='word_1_35' title='bbox 1596 697 1646 739; x_wconf 89' lang='lat' dir='ltr'><strong>res</strong></span> 
     </span>
     <span class='ocr_line' id='line_1_4' title="bbox 69 768 1646 851; baseline 0.001 -21"><span class='ocrx_word' id='word_1_36' title='bbox 69 769 223 831; x_wconf 79' lang='lat' dir='ltr'><strong>duohec</strong></span> <span class='ocrx_word' id='word_1_37' title='bbox 239 770 489 848; x_wconf 82' lang='lat' dir='ltr'><strong>admittentibus3</strong></span> <span class='ocrx_word' id='word_1_38' title='bbox 507 790 618 834; x_wconf 85' lang='lat' dir='ltr'><strong>verum</strong></span> <span class='ocrx_word' id='word_1_39' title='bbox 631 771 735 833; x_wconf 92' lang='lat' dir='ltr'><strong>media</strong></span> <span class='ocrx_word' id='word_1_40' title='bbox 753 788 829 850; x_wconf 89' lang='lat' dir='ltr'><strong>qua·</strong></span> <span class='ocrx_word' id='word_1_41' title='bbox 878 768 918 830; x_wconf 93' lang='lat' dir='ltr'><strong>sit</strong></span> <span class='ocrx_word' id='word_1_42' title='bbox 943 769 986 846; x_wconf 91' lang='lat' dir='ltr'><strong>id,</strong></span> <span class='ocrx_word' id='word_1_43' title='bbox 1015 770 1099 849; x_wconf 88' lang='lat' dir='ltr'><strong>quod</strong></span> <span class='ocrx_word' id='word_1_44' title='bbox 1119 775 1176 832; x_wconf 89' lang='lat' dir='ltr'><strong>est.</strong></span> <span class='ocrx_word' id='word_1_45' title='bbox 1201 772 1297 851; x_wconf 84' lang='lat' dir='ltr'>Atqui</span> <span class='ocrx_word' id='word_1_46' title='bbox 1319 772 1353 832; x_wconf 87' lang='lat' dir='ltr'><strong>in</strong></span> <span class='ocrx_word' id='word_1_47' title='bbox 1374 771 1510 833; x_wconf 89' lang='lat' dir='ltr'><strong>hominis</strong></span> <span class='ocrx_word' id='word_1_48' title='bbox 1538 770 1646 832; x_wconf 87' lang='lat' dir='ltr'><strong>defini-</strong></span> 
     </span>
     <span class='ocr_line' id='line_1_5' title="bbox 70 861 1645 943; baseline 0 -21"><span class='ocrx_word' id='word_1_49' title='bbox 70 862 136 923; x_wconf 86' lang='lat' dir='ltr'><strong>dam</strong></span> <span class='ocrx_word' id='word_1_50' title='bbox 162 866 193 922; x_wconf 91' lang='lat' dir='ltr'><strong>et</strong></span> <span class='ocrx_word' id='word_1_51' title='bbox 212 862 372 943; x_wconf 83' lang='lat' dir='ltr'><strong>utrimque</strong></span> <span class='ocrx_word' id='word_1_52' title='bbox 395 864 523 926; x_wconf 87' lang='lat' dir='ltr'><strong>reducta</strong></span> <span class='ocrx_word' id='word_1_53' title='bbox 543 865 676 940; x_wconf 86' lang='lat' dir='ltr'><strong>ratione,</strong></span> <span class='ocrx_word' id='word_1_54' title='bbox 698 863 757 924; x_wconf 87' lang='lat' dir='ltr'><strong>boc</strong></span> <span class='ocrx_word' id='word_1_55' title='bbox 783 868 829 924; x_wconf 90' lang='lat' dir='ltr'><strong>est</strong></span> <span class='ocrx_word' id='word_1_56' title='bbox 878 861 963 922; x_wconf 89' lang='lat' dir='ltr'><strong>tione</strong></span> <span class='ocrx_word' id='word_1_57' title='bbox 982 861 1162 941; x_wconf 89' lang='lat' dir='ltr'><strong>adjungitur</strong></span> <span class='ocrx_word' id='word_1_58' title='bbox 1183 863 1222 924; x_wconf 91' lang='lat' dir='ltr'><strong>ab</strong></span> <span class='ocrx_word' id='word_1_59' title='bbox 1244 863 1380 943; x_wconf 78' lang='lat' dir='ltr'><strong>antiquis</strong></span> <span class='ocrx_word' id='word_1_60' title='bbox 1396 862 1597 943; x_wconf 89' lang='lat' dir='ltr'><strong>pbilosophis,</strong></span> <span class='ocrx_word' id='word_1_61' title='bbox 1614 867 1645 923; x_wconf 90' lang='lat' dir='ltr'><strong>et</strong></span> 
     </span>
     <span class='ocr_line' id='line_1_6' title="bbox 69 953 1645 1036; baseline 0.001 -23"><span class='ocrx_word' id='word_1_62' title='bbox 69 959 181 1025; x_wconf 73' lang='lat' dir='ltr'><strong>neura,</strong></span> <span class='ocrx_word' id='word_1_63' title='bbox 195 954 243 1014; x_wconf 92' lang='lat' dir='ltr'><strong>uti</strong></span> <span class='ocrx_word' id='word_1_64' title='bbox 257 955 433 1035; x_wconf 79' lang='lat' dir='ltr'>complures</span> <span class='ocrx_word' id='word_1_65' title='bbox 445 957 647 1036; x_wconf 91' lang='lat' dir='ltr'><strong>antiquorum</strong></span> <span class='ocrx_word' id='word_1_66' title='bbox 659 956 773 1029; x_wconf 78' lang='lat' dir='ltr'>dicere,</span> <span class='ocrx_word' id='word_1_67' title='bbox 791 972 827 1015; x_wconf 88' lang='lat' dir='ltr'><strong>ac</strong></span> <span class='ocrx_word' id='word_1_68' title='bbox 878 953 1019 1014; x_wconf 84' lang='lat' dir='ltr'><strong>Patribus</strong></span> <span class='ocrx_word' id='word_1_69' title='bbox 1032 954 1140 1015; x_wconf 89' lang='lat' dir='ltr'><strong>mortis</strong></span> <span class='ocrx_word' id='word_1_70' title='bbox 1149 954 1302 1017; x_wconf 86' lang='lat' dir='ltr'><strong>obcunde</strong></span> <span class='ocrx_word' id='word_1_71' title='bbox 1310 956 1368 1017; x_wconf 90' lang='lat' dir='ltr'><strong>ista</strong></span> <span class='ocrx_word' id='word_1_72' title='bbox 1381 954 1554 1016; x_wconf 77' lang='lat' dir='ltr'><strong>necessitas.</strong></span> <span class='ocrx_word' id='word_1_73' title='bbox 1566 954 1645 1015; x_wconf 84' lang='lat' dir='ltr'><strong>Ileti-</strong></span> 
     </span>
     <span class='ocr_line' id='line_1_7' title="bbox 70 1045 1642 1127; baseline 0.001 -22"><span class='ocrx_word' id='word_1_74' title='bbox 70 1045 173 1106; x_wconf 86' lang='lat' dir='ltr'><strong>seotire</strong></span> <span class='ocrx_word' id='word_1_75' title='bbox 184 1046 280 1125; x_wconf 85' lang='lat' dir='ltr'><strong>paolo</strong></span> <span class='ocrx_word' id='word_1_76' title='bbox 299 1054 372 1109; x_wconf 86' lang='lat' dir='ltr'><strong>ante</strong></span> <span class='ocrx_word' id='word_1_77' title='bbox 386 1047 567 1127; x_wconf 86' lang='lat' dir='ltr'><strong>significavi.</strong></span> <span class='ocrx_word' id='word_1_78' title='bbox 583 1048 660 1123; x_wconf 84' lang='lat' dir='ltr'><strong>Quid</strong></span> <span class='ocrx_word' id='word_1_79' title='bbox 678 1047 764 1108; x_wconf 88' lang='lat' dir='ltr'><strong>enirn</strong></span> <span class='ocrx_word' id='word_1_80' title='bbox 782 1052 828 1107; x_wconf 88' lang='lat' dir='ltr'><strong>est</strong></span> <span class='ocrx_word' id='word_1_81' title='bbox 877 1045 964 1106; x_wconf 88' lang='lat' dir='ltr'><strong>nitur</strong></span> <span class='ocrx_word' id='word_1_82' title='bbox 985 1045 1165 1108; x_wconf 80' lang='lat' dir='ltr'><strong>enimtomo</strong></span> <span class='ocrx_word' id='word_1_83' title='bbox 1184 1046 1301 1108; x_wconf 64' lang='lat' dir='ltr'><strong>ueraci</strong></span> <span class='ocrx_word' id='word_1_84' title='bbox 1312 1046 1477 1120; x_wconf 79' lang='lat' dir='ltr'><strong>rationale,</strong></span> <span class='ocrx_word' id='word_1_85' title='bbox 1493 1045 1642 1107; x_wconf 52' lang='lat' dir='ltr'><strong>mortale&amp;</strong></span> 
     </span>
     <span class='ocr_line' id='line_1_8' title="bbox 71 1136 1643 1219; baseline 0.001 -23"><span class='ocrx_word' id='word_1_86' title='bbox 71 1136 250 1198; x_wconf 78' lang='lat' dir='ltr'><strong>violentum?</strong></span> <span class='ocrx_word' id='word_1_87' title='bbox 264 1139 353 1212; x_wconf 89' lang='lat' dir='ltr'><strong>Quod</strong></span> <span class='ocrx_word' id='word_1_88' title='bbox 364 1138 401 1200; x_wconf 90' lang='lat' dir='ltr'><strong>fit</strong></span> <span class='ocrx_word' id='word_1_89' title='bbox 413 1158 479 1201; x_wconf 75' lang='lat' dir='ltr'><strong>uim</strong></span> <span class='ocrx_word' id='word_1_90' title='bbox 492 1141 589 1202; x_wconf 79' lang='lat' dir='ltr'><strong>renisu</strong></span> <span class='ocrx_word' id='word_1_91' title='bbox 603 1140 774 1214; x_wconf 72' lang='lat' dir='ltr'><strong>calametis,</strong></span> <span class='ocrx_word' id='word_1_92' title='bbox 791 1144 828 1199; x_wconf 90' lang='lat' dir='ltr'><strong>ut</strong></span> <span class='ocrx_word' id='word_1_93' title='bbox 878 1137 1040 1211; x_wconf 78' lang='lat' dir='ltr'>Quodnam</span> <span class='ocrx_word' id='word_1_94' title='bbox 1061 1138 1166 1218; x_wconf 88' lang='lat' dir='ltr'><strong>itaque</strong></span> <span class='ocrx_word' id='word_1_95' title='bbox 1184 1142 1364 1219; x_wconf 85' lang='lat' dir='ltr'><strong>portentum</strong></span> <span class='ocrx_word' id='word_1_96' title='bbox 1383 1139 1485 1217; x_wconf 90' lang='lat' dir='ltr'><strong>majus</strong></span> <span class='ocrx_word' id='word_1_97' title='bbox 1507 1144 1553 1198; x_wconf 90' lang='lat' dir='ltr'><strong>est</strong></span> <span class='ocrx_word' id='word_1_98' title='bbox 1575 1138 1643 1213; x_wconf 90' lang='lat' dir='ltr'><strong>isto,</strong></span> 
     </span>
     <span class='ocr_line' id='line_1_9' title="bbox 72 1228 1645 1312; baseline 0.001 -25"><span class='ocrx_word' id='word_1_99' title='bbox 72 1228 240 1290; x_wconf 81' lang='lat' dir='ltr'><strong>adversariis</strong></span> <span class='ocrx_word' id='word_1_100' title='bbox 252 1231 363 1311; x_wconf 84' lang='lat' dir='ltr'><strong>placet.</strong></span> <span class='ocrx_word' id='word_1_101' title='bbox 379 1233 473 1310; x_wconf 86' lang='lat' dir='ltr'><strong>Ergo,</strong></span> <span class='ocrx_word' id='word_1_102' title='bbox 490 1232 572 1312; x_wconf 89' lang='lat' dir='ltr'><strong>quod</strong></span> <span class='ocrx_word' id='word_1_103' title='bbox 595 1250 660 1292; x_wconf 87' lang='lat' dir='ltr'><strong>non</strong></span> <span class='ocrx_word' id='word_1_104' title='bbox 674 1231 828 1292; x_wconf 75' lang='lat' dir='ltr'><strong>renitente</strong></span> <span class='ocrx_word' id='word_1_105' title='bbox 878 1229 962 1309; x_wconf 88' lang='lat' dir='ltr'><strong>quod</strong></span> <span class='ocrx_word' id='word_1_106' title='bbox 983 1248 1064 1290; x_wconf 87' lang='lat' dir='ltr'><strong>nova</strong></span> <span class='ocrx_word' id='word_1_107' title='bbox 1087 1230 1141 1290; x_wconf 90' lang='lat' dir='ltr'><strong>illa</strong></span> <span class='ocrx_word' id='word_1_108' title='bbox 1164 1231 1305 1292; x_wconf 87' lang='lat' dir='ltr'><strong>doctrina</strong></span> <span class='ocrx_word' id='word_1_109' title='bbox 1326 1229 1471 1310; x_wconf 80' lang='lat' dir='ltr'><strong>peperit?</strong></span> <span class='ocrx_word' id='word_1_110' title='bbox 1497 1231 1561 1290; x_wconf 92' lang='lat' dir='ltr'><strong>Aut</strong></span> <span class='ocrx_word' id='word_1_111' title='bbox 1582 1247 1645 1308; x_wconf 91' lang='lat' dir='ltr'><strong>quo</strong></span> 
     </span>
     <span class='ocr_line' id='line_1_10' title="bbox 72 1319 1643 1403; baseline 0.002 -25"><span class='ocrx_word' id='word_1_112' title='bbox 72 1319 217 1380; x_wconf 80' lang='lat' dir='ltr'><strong>voluntate</strong></span> <span class='ocrx_word' id='word_1_113' title='bbox 230 1320 278 1397; x_wconf 86' lang='lat' dir='ltr'><strong>fit,</strong></span> <span class='ocrx_word' id='word_1_114' title='bbox 294 1328 500 1402; x_wconf 86' lang='lat' dir='ltr'><strong>operaturque</strong></span> <span class='ocrx_word' id='word_1_115' title='bbox 507 1323 592 1403; x_wconf 91' lang='lat' dir='ltr'><strong>quod</strong></span> <span class='ocrx_word' id='word_1_116' title='bbox 603 1328 713 1403; x_wconf 86' lang='lat' dir='ltr'><strong>potest,</strong></span> <span class='ocrx_word' id='word_1_117' title='bbox 719 1321 752 1382; x_wconf 91' lang='lat' dir='ltr'><strong>id</strong></span> <span class='ocrx_word' id='word_1_118' title='bbox 764 1340 828 1382; x_wconf 91' lang='lat' dir='ltr'><strong>non</strong></span> <span class='ocrx_word' id='word_1_119' title='bbox 878 1321 1004 1381; x_wconf 69' lang='lat' dir='ltr'><strong>undem</strong></span> <span class='ocrx_word' id='word_1_120' title='bbox 1019 1328 1183 1383; x_wconf 87' lang='lat' dir='ltr'><strong>acutorum</strong></span> <span class='ocrx_word' id='word_1_121' title='bbox 1196 1323 1362 1383; x_wconf 87' lang='lat' dir='ltr'><strong>hominum</strong></span> <span class='ocrx_word' id='word_1_122' title='bbox 1374 1320 1643 1399; x_wconf 77' lang='lat' dir='ltr'><strong>mensjudicium,</strong></span> 
     </span>
     <span class='ocr_line' id='line_1_11' title="bbox 74 1410 1646 1494; baseline 0.001 -23"><span class='ocrx_word' id='word_1_123' title='bbox 74 1416 112 1471; x_wconf 86' lang='lat' dir='ltr'><strong>est</strong></span> <span class='ocrx_word' id='word_1_124' title='bbox 122 1410 299 1473; x_wconf 83' lang='lat' dir='ltr'><strong>violentum.</strong></span> <span class='ocrx_word' id='word_1_125' title='bbox 317 1416 359 1474; x_wconf 88' lang='lat' dir='ltr'><strong>At</strong></span> <span class='ocrx_word' id='word_1_126' title='bbox 382 1419 482 1492; x_wconf 88' lang='lat' dir='ltr'><strong>potest</strong></span> <span class='ocrx_word' id='word_1_127' title='bbox 504 1415 652 1494; x_wconf 84' lang='lat' dir='ltr'><strong>refragari</strong></span> <span class='ocrx_word' id='word_1_128' title='bbox 671 1414 826 1475; x_wconf 85' lang='lat' dir='ltr'><strong>voluntas.</strong></span> <span class='ocrx_word' id='word_1_129' title='bbox 878 1412 1114 1492; x_wconf 86' lang='lat' dir='ltr'><strong>communisque</strong></span> <span class='ocrx_word' id='word_1_130' title='bbox 1128 1433 1236 1476; x_wconf 90' lang='lat' dir='ltr'><strong>sensus</strong></span> <span class='ocrx_word' id='word_1_131' title='bbox 1250 1415 1395 1493; x_wconf 85' lang='lat' dir='ltr'><strong>avolavit,</strong></span> <span class='ocrx_word' id='word_1_132' title='bbox 1411 1418 1447 1475; x_wconf 88' lang='lat' dir='ltr'><strong>ut</strong></span> <span class='ocrx_word' id='word_1_133' title='bbox 1460 1413 1520 1474; x_wconf 89' lang='lat' dir='ltr'><strong>hoc</strong></span> <span class='ocrx_word' id='word_1_134' title='bbox 1533 1414 1646 1492; x_wconf 85' lang='lat' dir='ltr'><strong>cupito·</strong></span> 
     </span>
     <span class='ocr_line' id='line_1_12' title="bbox 75 1502 1644 1585; baseline 0.001 -23"><span class='ocrx_word' id='word_1_135' title='bbox 75 1503 130 1562; x_wconf 84' lang='lat' dir='ltr'><strong>Erit</strong></span> <span class='ocrx_word' id='word_1_136' title='bbox 141 1502 233 1582; x_wconf 90' lang='lat' dir='ltr'><strong>igitur</strong></span> <span class='ocrx_word' id='word_1_137' title='bbox 246 1508 317 1564; x_wconf 89' lang='lat' dir='ltr'><strong>tum</strong></span> <span class='ocrx_word' id='word_1_138' title='bbox 330 1512 482 1580; x_wconf 77' lang='lat' dir='ltr'><strong>amatum,</strong></span> <span class='ocrx_word' id='word_1_139' title='bbox 498 1524 569 1570; x_wconf 88' lang='lat' dir='ltr'><strong>cum</strong></span> <span class='ocrx_word' id='word_1_140' title='bbox 586 1506 639 1567; x_wconf 88' lang='lat' dir='ltr'><strong>illa</strong></span> <span class='ocrx_word' id='word_1_141' title='bbox 658 1505 826 1580; x_wconf 80' lang='lat' dir='ltr'><strong>renitetur3</strong></span> <span class='ocrx_word' id='word_1_142' title='bbox 879 1503 948 1564; x_wconf 81' lang='lat' dir='ltr'><strong>liter</strong></span> <span class='ocrx_word' id='word_1_143' title='bbox 963 1522 1129 1585; x_wconf 69' lang='lat' dir='ltr'><strong>repugnare</strong></span> <span class='ocrx_word' id='word_1_144' title='bbox 1144 1505 1290 1582; x_wconf 78' lang='lat' dir='ltr'><strong>libertati,</strong></span> <span class='ocrx_word' id='word_1_145' title='bbox 1305 1506 1337 1567; x_wconf 91' lang='lat' dir='ltr'><strong>id</strong></span> <span class='ocrx_word' id='word_1_146' title='bbox 1350 1511 1397 1566; x_wconf 90' lang='lat' dir='ltr'><strong>est</strong></span> <span class='ocrx_word' id='word_1_147' title='bbox 1410 1510 1530 1566; x_wconf 90' lang='lat' dir='ltr'><strong>nature</strong></span> <span class='ocrx_word' id='word_1_148' title='bbox 1543 1503 1644 1564; x_wconf 88' lang='lat' dir='ltr'><strong>homi·</strong></span> 
     </span>
     <span class='ocr_line' id='line_1_13' title="bbox 74 1593 1646 1679; baseline 0.001 -25"><span class='ocrx_word' id='word_1_149' title='bbox 74 1593 159 1656; x_wconf 87' lang='lat' dir='ltr'><strong>donec</strong></span> <span class='ocrx_word' id='word_1_150' title='bbox 187 1595 320 1675; x_wconf 81' lang='lat' dir='ltr'><strong>qrridem</strong></span> <span class='ocrx_word' id='word_1_151' title='bbox 353 1616 418 1659; x_wconf 89' lang='lat' dir='ltr'><strong>non</strong></span> <span class='ocrx_word' id='word_1_152' title='bbox 450 1603 620 1679; x_wconf 87' lang='lat' dir='ltr'><strong>repugnat,</strong></span> <span class='ocrx_word' id='word_1_153' title='bbox 654 1597 828 1659; x_wconf 87' lang='lat' dir='ltr'><strong>violentum</strong></span> <span class='ocrx_word' id='word_1_154' title='bbox 877 1594 1067 1677; x_wconf 60' lang='lat' dir='ltr'><strong>niueumque</strong></span> <span class='ocrx_word' id='word_1_155' title='bbox 1079 1596 1646 1678; x_wconf 76' lang='lat' dir='ltr'><strong>suadetusperimeredocerent,inquo</strong></span> 
     </span>
     <span class='ocr_line' id='line_1_14' title="bbox 76 1686 1644 1770; baseline -0.001 -22"><span class='ocrx_word' id='word_1_156' title='bbox 76 1686 187 1748; x_wconf 79' lang='lat' dir='ltr'><strong>ommno</strong></span> <span class='ocrx_word' id='word_1_157' title='bbox 197 1688 259 1749; x_wconf 86' lang='lat' dir='ltr'><strong>dici</strong></span> <span class='ocrx_word' id='word_1_158' title='bbox 273 1707 340 1750; x_wconf 91' lang='lat' dir='ltr'><strong>non</strong></span> <span class='ocrx_word' id='word_1_159' title='bbox 353 1696 464 1770; x_wconf 87' lang='lat' dir='ltr'><strong>potest.</strong></span> <span class='ocrx_word' id='word_1_160' title='bbox 878 1693 924 1748; x_wconf 89' lang='lat' dir='ltr'><strong>est</strong></span> <span class='ocrx_word' id='word_1_161' title='bbox 941 1688 1009 1768; x_wconf 88' lang='lat' dir='ltr'><strong>ipsa</strong></span> <span class='ocrx_word' id='word_1_162' title='bbox 1021 1687 1156 1750; x_wconf 88' lang='lat' dir='ltr'><strong>bominis</strong></span> <span class='ocrx_word' id='word_1_163' title='bbox 1171 1694 1293 1766; x_wconf 88' lang='lat' dir='ltr'><strong>natura,</strong></span> <span class='ocrx_word' id='word_1_164' title='bbox 1313 1689 1512 1767; x_wconf 88' lang='lat' dir='ltr'><strong>definitioque</strong></span> <span class='ocrx_word' id='word_1_165' title='bbox 1534 1687 1644 1766; x_wconf 88' lang='lat' dir='ltr'><strong>posita,</strong></span> 
     </span>
     <span class='ocr_line' id='line_1_15' title="bbox 108 1778 1647 1859; baseline 0.001 -21"><span class='ocrx_word' id='word_1_166' title='bbox 108 1778 165 1840; x_wconf 83' lang='lat' dir='ltr'><strong>Xll.</strong></span> <span class='ocrx_word' id='word_1_167' title='bbox 186 1780 300 1859; x_wconf 77' lang='lat' dir='ltr'><strong>Ecquis</strong></span> <span class='ocrx_word' id='word_1_168' title='bbox 322 1799 397 1843; x_wconf 82' lang='lat' dir='ltr'><strong>vero</strong></span> <span class='ocrx_word' id='word_1_169' title='bbox 416 1800 483 1844; x_wconf 91' lang='lat' dir='ltr'><strong>rom</strong></span> <span class='ocrx_word' id='word_1_170' title='bbox 502 1800 568 1844; x_wconf 92' lang='lat' dir='ltr'><strong>non</strong></span> <span class='ocrx_word' id='word_1_171' title='bbox 592 1783 693 1844; x_wconf 90' lang='lat' dir='ltr'><strong>solum</strong></span> <span class='ocrx_word' id='word_1_172' title='bbox 715 1782 829 1846; x_wconf 71' lang='lat' dir='ltr'><strong>mnam</strong></span> <span class='ocrx_word' id='word_1_173' title='bbox 878 1784 971 1858; x_wconf 83' lang='lat' dir='ltr'><strong>atque</strong></span> <span class='ocrx_word' id='word_1_174' title='bbox 985 1778 1044 1841; x_wconf 87' lang='lat' dir='ltr'><strong>boc</strong></span> <span class='ocrx_word' id='word_1_175' title='bbox 1057 1780 1153 1842; x_wconf 87' lang='lat' dir='ltr'><strong>etiam</strong></span> <span class='ocrx_word' id='word_1_176' title='bbox 1167 1779 1206 1842; x_wconf 92' lang='lat' dir='ltr'><strong>ab</strong></span> <span class='ocrx_word' id='word_1_177' title='bbox 1223 1781 1394 1859; x_wconf 70' lang='lat' dir='ltr'><strong>Augustino</strong></span> <span class='ocrx_word' id='word_1_178' title='bbox 1409 1780 1570 1859; x_wconf 75' lang='lat' dir='ltr'><strong>scriptum,</strong></span> <span class='ocrx_word' id='word_1_179' title='bbox 1586 1784 1647 1840; x_wconf 90' lang='lat' dir='ltr'><strong>tra·</strong></span> 
     </span>
     <span class='ocr_line' id='line_1_16' title="bbox 77 1870 1646 1955; baseline 0.001 -26"><span class='ocrx_word' id='word_1_180' title='bbox 77 1886 130 1930; x_wconf 87' lang='lat' dir='ltr'><strong>noa</strong></span> <span class='ocrx_word' id='word_1_181' title='bbox 142 1872 303 1950; x_wconf 66' lang='lat' dir='ltr'><strong>emstime,</strong></span> <span class='ocrx_word' id='word_1_182' title='bbox 318 1874 373 1935; x_wconf 82' lang='lat' dir='ltr'><strong>sed</strong></span> <span class='ocrx_word' id='word_1_183' title='bbox 385 1875 479 1937; x_wconf 91' lang='lat' dir='ltr'><strong>etiam</strong></span> <span class='ocrx_word' id='word_1_184' title='bbox 489 1875 601 1955; x_wconf 90' lang='lat' dir='ltr'><strong>oppido</strong></span> <span class='ocrx_word' id='word_1_185' title='bbox 615 1875 788 1950; x_wconf 88' lang='lat' dir='ltr'><strong>ridiculam,</strong></span> <span class='ocrx_word' id='word_1_186' title='bbox 797 1880 829 1937; x_wconf 88' lang='lat' dir='ltr'><strong>et</strong></span> <span class='ocrx_word' id='word_1_187' title='bbox 878 1873 1066 1951; x_wconf 73' lang='lat' dir='ltr'><strong>utumque„</strong></span> <span class='ocrx_word' id='word_1_188' title='bbox 1085 1891 1153 1933; x_wconf 88' lang='lat' dir='ltr'><strong>non</strong></span> <span class='ocrx_word' id='word_1_189' title='bbox 1181 1873 1360 1935; x_wconf 86' lang='lat' dir='ltr'><strong>dubitarent</strong></span> <span class='ocrx_word' id='word_1_190' title='bbox 1377 1870 1532 1935; x_wconf 79' lang='lat' dir='ltr'><strong>asserere?</strong></span> <span class='ocrx_word' id='word_1_191' title='bbox 1558 1872 1646 1931; x_wconf 90' lang='lat' dir='ltr'><strong>Itane</strong></span> 
     </span>
     <span class='ocr_line' id='line_1_17' title="bbox 75 1960 1647 2047; baseline -0.002 -22"><span class='ocrx_word' id='word_1_192' title='bbox 75 1960 205 2039; x_wconf 71' lang='lat' dir='ltr'><strong>iuben,</strong></span> <span class='ocrx_word' id='word_1_193' title='bbox 225 1982 301 2025; x_wconf 89' lang='lat' dir='ltr'><strong>cum</strong></span> <span class='ocrx_word' id='word_1_194' title='bbox 326 1965 394 2027; x_wconf 91' lang='lat' dir='ltr'><strong>hec</strong></span> <span class='ocrx_word' id='word_1_195' title='bbox 412 1966 559 2042; x_wconf 83' lang='lat' dir='ltr'><strong>violenta,</strong></span> <span class='ocrx_word' id='word_1_196' title='bbox 582 1973 745 2047; x_wconf 85' lang='lat' dir='ltr'><strong>coactaque</strong></span> <span class='ocrx_word' id='word_1_197' title='bbox 768 1968 828 2029; x_wconf 89' lang='lat' dir='ltr'><strong>dici</strong></span> <span class='ocrx_word' id='word_1_198' title='bbox 879 1963 1060 2044; x_wconf 80' lang='lat' dir='ltr'><strong>spurcitiem</strong></span> <span class='ocrx_word' id='word_1_199' title='bbox 1072 1962 1647 2043; x_wconf 87' lang='lat' dir='ltr'><strong>hanc,etbarbariemopinionisinau·</strong></span> 
     </span>
     <span class='ocr_line' id='line_1_18' title="bbox 77 2053 1646 2140; baseline 0.001 -27"><span class='ocrx_word' id='word_1_200' title='bbox 77 2053 175 2129; x_wconf 72' lang='lat' dir='ltr'><strong>ardut,</strong></span> <span class='ocrx_word' id='word_1_201' title='bbox 189 2057 276 2135; x_wconf 87' lang='lat' dir='ltr'><strong>quod</strong></span> <span class='ocrx_word' id='word_1_202' title='bbox 290 2057 484 2136; x_wconf 80' lang='lat' dir='ltr'><strong>vivitcaima,</strong></span> <span class='ocrx_word' id='word_1_203' title='bbox 498 2058 577 2140; x_wconf 81' lang='lat' dir='ltr'><strong>quod</strong></span> <span class='ocrx_word' id='word_1_204' title='bbox 589 2058 825 2134; x_wconf 67' lang='lat' dir='ltr'><strong>lamosacum,</strong></span> <span class='ocrx_word' id='word_1_205' title='bbox 879 2056 964 2125; x_wconf 79' lang='lat' dir='ltr'><strong>dite,</strong></span> <span class='ocrx_word' id='word_1_206' title='bbox 994 2075 1030 2118; x_wconf 89' lang='lat' dir='ltr'><strong>ac</strong></span> <span class='ocrx_word' id='word_1_207' title='bbox 1055 2056 1257 2137; x_wconf 69' lang='lat' dir='ltr'><strong>portenatice</strong></span> <span class='ocrx_word' id='word_1_208' title='bbox 1288 2055 1477 2135; x_wconf 79' lang='lat' dir='ltr'><strong>Augustinus</strong></span> <span class='ocrx_word' id='word_1_209' title='bbox 1505 2072 1646 2133; x_wconf 88' lang='lat' dir='ltr'><strong>unquam</strong></span> 
     </span>
     <span class='ocr_line' id='line_1_19' title="bbox 78 2144 1733 2231; baseline -0.001 -27"><span class='ocrx_word' id='word_1_210' title='bbox 78 2144 206 2221; x_wconf 64' lang='lat' dir='ltr'><strong>astatur,</strong></span> <span class='ocrx_word' id='word_1_211' title='bbox 213 2166 249 2209; x_wconf 86' lang='lat' dir='ltr'><strong>oc</strong></span> <span class='ocrx_word' id='word_1_212' title='bbox 257 2148 467 2211; x_wconf 66' lang='lat' dir='ltr'><strong>eeseittNam</strong></span> <span class='ocrx_word' id='word_1_213' title='bbox 479 2150 517 2212; x_wconf 91' lang='lat' dir='ltr'><strong>de</strong></span> <span class='ocrx_word' id='word_1_214' title='bbox 526 2158 626 2212; x_wconf 88' lang='lat' dir='ltr'><strong>morte</strong></span> <span class='ocrx_word' id='word_1_215' title='bbox 634 2151 705 2231; x_wconf 86' lang='lat' dir='ltr'><strong>quis</strong></span> <span class='ocrx_word' id='word_1_216' title='bbox 717 2152 826 2230; x_wconf 88' lang='lat' dir='ltr'><strong>nescit,</strong></span> <span class='ocrx_word' id='word_1_217' title='bbox 878 2148 1017 2230; x_wconf 76' lang='lat' dir='ltr'><strong>protudit,</strong></span> <span class='ocrx_word' id='word_1_218' title='bbox 1033 2155 1087 2210; x_wconf 90' lang='lat' dir='ltr'><strong>aut</strong></span> <span class='ocrx_word' id='word_1_219' title='bbox 1105 2148 1208 2211; x_wconf 87' lang='lat' dir='ltr'><strong>littera</strong></span> <span class='ocrx_word' id='word_1_220' title='bbox 1221 2147 1428 2228; x_wconf 80' lang='lat' dir='ltr'><strong>significavit?</strong></span> <span class='ocrx_word' id='word_1_221' title='bbox 1446 2148 1516 2208; x_wconf 92' lang='lat' dir='ltr'><strong>Non</strong></span> <span class='ocrx_word' id='word_1_222' title='bbox 1530 2151 1577 2208; x_wconf 91' lang='lat' dir='ltr'><strong>est</strong></span> <span class='ocrx_word' id='word_1_223' title='bbox 1589 2146 1644 2208; x_wconf 85' lang='lat' dir='ltr'><strong>ita.</strong></span> <span class='ocrx_word' id='word_1_224' title='bbox 1730 2188 1733 2203; x_wconf 90' lang='lat'><em>.</em></span> 
     </span>
     <span class='ocr_line' id='line_1_20' title="bbox 79 2236 1643 2324; baseline 0 -26"><span class='ocrx_word' id='word_1_225' title='bbox 79 2236 155 2299; x_wconf 81' lang='lat' dir='ltr'><strong>aban</strong></span> <span class='ocrx_word' id='word_1_226' title='bbox 180 2239 241 2300; x_wconf 86' lang='lat' dir='ltr'><strong>dici</strong></span> <span class='ocrx_word' id='word_1_227' title='bbox 269 2240 440 2316; x_wconf 73' lang='lat' dir='ltr'><strong>aeleram,</strong></span> <span class='ocrx_word' id='word_1_228' title='bbox 459 2262 478 2303; x_wconf 92' lang='lat' dir='ltr'><strong>a</strong></span> <span class='ocrx_word' id='word_1_229' title='bbox 500 2262 562 2323; x_wconf 84' lang='lat' dir='ltr'><strong>qua</strong></span> <span class='ocrx_word' id='word_1_230' title='bbox 584 2249 616 2305; x_wconf 92' lang='lat' dir='ltr'><strong>et</strong></span> <span class='ocrx_word' id='word_1_231' title='bbox 638 2244 694 2324; x_wconf 86' lang='lat' dir='ltr'><strong>qui</strong></span> <span class='ocrx_word' id='word_1_232' title='bbox 715 2243 827 2306; x_wconf 78' lang='lat' dir='ltr'><strong>Grecis</strong></span> <span class='ocrx_word' id='word_1_233' title='bbox 879 2244 922 2305; x_wconf 87' lang='lat' dir='ltr'><strong>De</strong></span> <span class='ocrx_word' id='word_1_234' title='bbox 936 2260 973 2304; x_wconf 91' lang='lat' dir='ltr'><strong>eo</strong></span> <span class='ocrx_word' id='word_1_235' title='bbox 987 2247 1056 2322; x_wconf 88' lang='lat' dir='ltr'><strong>post</strong></span> <span class='ocrx_word' id='word_1_236' title='bbox 1069 2246 1189 2320; x_wconf 88' lang='lat' dir='ltr'><strong>agetur,</strong></span> <span class='ocrx_word' id='word_1_237' title='bbox 1206 2246 1237 2302; x_wconf 90' lang='lat' dir='ltr'><strong>et</strong></span> <span class='ocrx_word' id='word_1_238' title='bbox 1250 2260 1321 2321; x_wconf 88' lang='lat' dir='ltr'><strong>que</strong></span> <span class='ocrx_word' id='word_1_239' title='bbox 1334 2258 1423 2301; x_wconf 89' lang='lat' dir='ltr'><strong>mens</strong></span> <span class='ocrx_word' id='word_1_240' title='bbox 1436 2239 1476 2300; x_wconf 87' lang='lat' dir='ltr'><strong>sit</strong></span> <span class='ocrx_word' id='word_1_241' title='bbox 1489 2238 1582 2312; x_wconf 89' lang='lat' dir='ltr'><strong>illius,</strong></span> <span class='ocrx_word' id='word_1_242' title='bbox 1596 2257 1643 2315; x_wconf 87' lang='lat' dir='ltr'><strong>ac,</strong></span> 
     </span>
     <span class='ocr_line' id='line_1_21' title="bbox 79 2330 1646 2417; baseline -0.001 -25"><span class='ocrx_word' id='word_1_243' title='bbox 79 2330 257 2409; x_wconf 79' lang='lat' dir='ltr'><strong>appellantur</strong></span> <span class='ocrx_word' id='word_1_244' title='bbox 268 2341 409 2411; x_wconf 64' lang='grc' dir='ltr'><strong>βιοθώιατοι</strong></span> <span class='ocrx_word' id='word_1_245' title='bbox 417 2334 477 2395; x_wconf 92' lang='lat' dir='ltr'><strong>boc</strong></span> <span class='ocrx_word' id='word_1_246' title='bbox 483 2339 529 2396; x_wconf 89' lang='lat' dir='ltr'><strong>est</strong></span> <span class='ocrx_word' id='word_1_247' title='bbox 537 2335 669 2397; x_wconf 79' lang='lat' dir='ltr'><strong>violenta</strong></span> <span class='ocrx_word' id='word_1_248' title='bbox 676 2336 829 2417; x_wconf 84' lang='lat' dir='ltr'><strong>perempti</strong></span> <span class='ocrx_word' id='word_1_249' title='bbox 878 2353 972 2415; x_wconf 87' lang='lat' dir='ltr'><strong>quam</strong></span> <span class='ocrx_word' id='word_1_250' title='bbox 985 2339 1123 2397; x_wconf 88' lang='lat' dir='ltr'><strong>remotus</strong></span> <span class='ocrx_word' id='word_1_251' title='bbox 1135 2334 1174 2394; x_wconf 90' lang='lat' dir='ltr'><strong>sit</strong></span> <span class='ocrx_word' id='word_1_252' title='bbox 1187 2333 1226 2394; x_wconf 86' lang='lat' dir='ltr'><strong>ab</strong></span> <span class='ocrx_word' id='word_1_253' title='bbox 1241 2333 1300 2394; x_wconf 89' lang='lat' dir='ltr'><strong>hoc</strong></span> <span class='ocrx_word' id='word_1_254' title='bbox 1312 2333 1439 2409; x_wconf 86' lang='lat' dir='ltr'><strong>recenti,</strong></span> <span class='ocrx_word' id='word_1_255' title='bbox 1449 2331 1646 2409; x_wconf 88' lang='lat' dir='ltr'><strong>absurdoque</strong></span> 
     </span>
     <span class='ocr_line' id='line_1_22' title="bbox 79 2422 1646 2507; baseline 0 -26"><span class='ocrx_word' id='word_1_256' title='bbox 79 2440 133 2481; x_wconf 75' lang='lat' dir='ltr'><strong>ece</strong></span> <span class='ocrx_word' id='word_1_257' title='bbox 143 2429 306 2501; x_wconf 65' lang='lat' dir='ltr'><strong>amantum</strong></span> <span class='ocrx_word' id='word_1_258' title='bbox 319 2426 413 2487; x_wconf 88' lang='lat' dir='ltr'><strong>aliam</strong></span> <span class='ocrx_word' id='word_1_259' title='bbox 427 2427 611 2496; x_wconf 83' lang='lat' dir='ltr'><strong>naturalem,</strong></span> <span class='ocrx_word' id='word_1_260' title='bbox 627 2446 690 2507; x_wconf 88' lang='lat' dir='ltr'><strong>qua</strong></span> <span class='ocrx_word' id='word_1_261' title='bbox 700 2447 751 2489; x_wconf 84' lang='lat' dir='ltr'><strong>sao</strong></span> <span class='ocrx_word' id='word_1_262' title='bbox 760 2428 829 2507; x_wconf 91' lang='lat' dir='ltr'><strong>quis</strong></span> <span class='ocrx_word' id='word_1_263' title='bbox 878 2427 1032 2505; x_wconf 76' lang='lat' dir='ltr'><strong>dogmate,</strong></span> <span class='ocrx_word' id='word_1_264' title='bbox 1048 2426 1211 2506; x_wconf 88' lang='lat' dir='ltr'><strong>diligenter</strong></span> <span class='ocrx_word' id='word_1_265' title='bbox 1225 2425 1439 2504; x_wconf 82' lang='lat' dir='ltr'><strong>explicabitur.</strong></span> <span class='ocrx_word' id='word_1_266' title='bbox 1461 2422 1646 2485; x_wconf 85' lang='lat' dir='ltr'><strong>Ostendetur</strong></span> 
     </span>
     <span class='ocr_line' id='line_1_23' title="bbox 78 2513 1646 2600; baseline 0 -27"><span class='ocrx_word' id='word_1_267' title='bbox 78 2513 141 2592; x_wconf 71' lang='lat' dir='ltr'><strong>tcto,</strong></span> <span class='ocrx_word' id='word_1_268' title='bbox 153 2521 186 2576; x_wconf 86' lang='lat' dir='ltr'><strong>ot</strong></span> <span class='ocrx_word' id='word_1_269' title='bbox 204 2522 298 2595; x_wconf 91' lang='lat' dir='ltr'><strong>poeta</strong></span> <span class='ocrx_word' id='word_1_270' title='bbox 318 2517 457 2596; x_wconf 89' lang='lat' dir='ltr'><strong>loquitur</strong></span> <span class='ocrx_word' id='word_1_271' title='bbox 471 2516 494 2596; x_wconf 84' lang='lat'><strong>¹,</strong></span> <span class='ocrx_word' id='word_1_272' title='bbox 514 2524 546 2580; x_wconf 91' lang='lat' dir='ltr'><strong>et</strong></span> <span class='ocrx_word' id='word_1_273' title='bbox 567 2520 671 2581; x_wconf 89' lang='lat' dir='ltr'><strong>debito</strong></span> <span class='ocrx_word' id='word_1_274' title='bbox 689 2524 829 2600; x_wconf 89' lang='lat' dir='ltr'><strong>tempore</strong></span> <span class='ocrx_word' id='word_1_275' title='bbox 877 2519 942 2581; x_wconf 83' lang='lat' dir='ltr'><strong>vim</strong></span> <span class='ocrx_word' id='word_1_276' title='bbox 955 2525 987 2581; x_wconf 94' lang='lat' dir='ltr'><strong>et</strong></span> <span class='ocrx_word' id='word_1_277' title='bbox 1006 2518 1195 2580; x_wconf 87' lang='lat' dir='ltr'><strong>coactionem</strong></span> <span class='ocrx_word' id='word_1_278' title='bbox 1213 2534 1278 2579; x_wconf 89' lang='lat' dir='ltr'><strong>non</strong></span> <span class='ocrx_word' id='word_1_279' title='bbox 1291 2517 1335 2578; x_wconf 90' lang='lat' dir='ltr'><strong>sic</strong></span> <span class='ocrx_word' id='word_1_280' title='bbox 1352 2516 1393 2577; x_wconf 93' lang='lat' dir='ltr'><strong>ab</strong></span> <span class='ocrx_word' id='word_1_281' title='bbox 1412 2515 1465 2576; x_wconf 89' lang='lat' dir='ltr'><strong>illo</strong></span> <span class='ocrx_word' id='word_1_282' title='bbox 1487 2514 1595 2593; x_wconf 88' lang='lat' dir='ltr'><strong>accipi,</strong></span> <span class='ocrx_word' id='word_1_283' title='bbox 1610 2518 1646 2574; x_wconf 89' lang='lat' dir='ltr'><strong>nt</strong></span> 
     </span>
     <span class='ocr_line' id='line_1_24' title="bbox 79 2603 1647 2692; baseline 0.001 -27"><span class='ocrx_word' id='word_1_284' title='bbox 79 2603 147 2665; x_wconf 80' lang='lat' dir='ltr'><strong>dem</strong></span> <span class='ocrx_word' id='word_1_285' title='bbox 159 2605 224 2668; x_wconf 90' lang='lat' dir='ltr'><strong>obit</strong></span> <span class='ocrx_word' id='word_1_286' title='bbox 236 2608 516 2671; x_wconf 76' lang='lat' dir='ltr'><strong>extremumlNon</strong></span> <span class='ocrx_word' id='word_1_287' title='bbox 529 2616 575 2671; x_wconf 82' lang='lat' dir='ltr'><strong>eet</strong></span> <span class='ocrx_word' id='word_1_288' title='bbox 584 2628 657 2690; x_wconf 88' lang='lat' dir='ltr'><strong>ergo</strong></span> <span class='ocrx_word' id='word_1_289' title='bbox 668 2629 753 2672; x_wconf 88' lang='lat' dir='ltr'><strong>mors</strong></span> <span class='ocrx_word' id='word_1_290' title='bbox 763 2611 830 2692; x_wconf 90' lang='lat' dir='ltr'><strong>ipsa</strong></span> <span class='ocrx_word' id='word_1_291' title='bbox 878 2611 1017 2672; x_wconf 86' lang='lat' dir='ltr'><strong>absoluta</strong></span> <span class='ocrx_word' id='word_1_292' title='bbox 1037 2610 1223 2691; x_wconf 88' lang='lat' dir='ltr'><strong>proprieque</strong></span> <span class='ocrx_word' id='word_1_293' title='bbox 1245 2609 1325 2671; x_wconf 87' lang='lat' dir='ltr'><strong>dicta</strong></span> <span class='ocrx_word' id='word_1_294' title='bbox 1343 2607 1490 2670; x_wconf 81' lang='lat' dir='ltr'><strong>violentia</strong></span> <span class='ocrx_word' id='word_1_295' title='bbox 1511 2606 1570 2681; x_wconf 81' lang='lat' dir='ltr'><strong>sit&#39;;</strong></span> <span class='ocrx_word' id='word_1_296' title='bbox 1592 2606 1647 2667; x_wconf 91' lang='lat' dir='ltr'><strong>sed</strong></span> 
     </span>
     <span class='ocr_line' id='line_1_25' title="bbox 79 2698 1647 2781; baseline -0.001 -22"><span class='ocrx_word' id='word_1_297' title='bbox 79 2713 205 2775; x_wconf 82' lang='lat' dir='ltr'><strong>persero,</strong></span> <span class='ocrx_word' id='word_1_298' title='bbox 217 2717 275 2761; x_wconf 90' lang='lat' dir='ltr'><strong>nec</strong></span> <span class='ocrx_word' id='word_1_299' title='bbox 288 2701 402 2775; x_wconf 92' lang='lat' dir='ltr'><strong>omnis,</strong></span> <span class='ocrx_word' id='word_1_300' title='bbox 416 2701 562 2776; x_wconf 84' lang='lat' dir='ltr'><strong>violenta,</strong></span> <span class='ocrx_word' id='word_1_301' title='bbox 582 2703 700 2764; x_wconf 87' lang='lat' dir='ltr'><strong>nedum</strong></span> <span class='ocrx_word' id='word_1_302' title='bbox 721 2703 830 2765; x_wconf 90' lang='lat' dir='ltr'><strong>mortis</strong></span> <span class='ocrx_word' id='word_1_303' title='bbox 878 2703 957 2765; x_wconf 82' lang='lat' dir='ltr'><strong>nihil</strong></span> <span class='ocrx_word' id='word_1_304' title='bbox 970 2703 1144 2775; x_wconf 88' lang='lat' dir='ltr'><strong>aliudesse,</strong></span> <span class='ocrx_word' id='word_1_305' title='bbox 1161 2720 1256 2781; x_wconf 87' lang='lat' dir='ltr'><strong>quam</strong></span> <span class='ocrx_word' id='word_1_306' title='bbox 1270 2700 1476 2763; x_wconf 86' lang='lat' dir='ltr'><strong>necessariam</strong></span> <span class='ocrx_word' id='word_1_307' title='bbox 1494 2698 1587 2759; x_wconf 89' lang='lat' dir='ltr'><strong>unius</strong></span> <span class='ocrx_word' id='word_1_308' title='bbox 1599 2698 1647 2759; x_wconf 90' lang='lat' dir='ltr'><strong>rei</strong></span> 
     </span>
     <span class='ocr_line' id='line_1_26' title="bbox 81 2790 1647 2875; baseline 0.001 -25"><span class='ocrx_word' id='word_1_309' title='bbox 81 2790 237 2867; x_wconf 75' lang='lat' dir='ltr'><strong>recedas,</strong></span> <span class='ocrx_word' id='word_1_310' title='bbox 251 2791 317 2853; x_wconf 80' lang='lat' dir='ltr'><strong>sire</strong></span> <span class='ocrx_word' id='word_1_311' title='bbox 338 2792 526 2871; x_wconf 78' lang='lat' dir='ltr'><strong>mortalitcs;</strong></span> <span class='ocrx_word' id='word_1_312' title='bbox 540 2795 617 2875; x_wconf 87' lang='lat' dir='ltr'><strong>quin</strong></span> <span class='ocrx_word' id='word_1_313' title='bbox 639 2795 705 2856; x_wconf 84' lang='lat' dir='ltr'><strong>haec</strong></span> <span class='ocrx_word' id='word_1_314' title='bbox 726 2796 829 2875; x_wconf 90' lang='lat' dir='ltr'><strong>potius</strong></span> <span class='ocrx_word' id='word_1_315' title='bbox 879 2795 1180 2872; x_wconf 84' lang='lat' dir='ltr'><strong>determinationem,</strong></span> <span class='ocrx_word' id='word_1_316' title='bbox 1206 2812 1301 2874; x_wconf 90' lang='lat' dir='ltr'><strong>quam</strong></span> <span class='ocrx_word' id='word_1_317' title='bbox 1322 2792 1470 2872; x_wconf 84' lang='lat' dir='ltr'><strong>elingere,</strong></span> <span class='ocrx_word' id='word_1_318' title='bbox 1487 2797 1541 2852; x_wconf 90' lang='lat' dir='ltr'><strong>aut</strong></span> <span class='ocrx_word' id='word_1_319' title='bbox 1558 2790 1647 2851; x_wconf 88' lang='lat' dir='ltr'><strong>aliter</strong></span> 
     </span>
     <span class='ocr_line' id='line_1_27' title="bbox 81 2881 1646 2970; baseline 0 -29"><span class='ocrx_word' id='word_1_320' title='bbox 81 2886 181 2942; x_wconf 73' lang='lat' dir='ltr'><strong>muare</strong></span> <span class='ocrx_word' id='word_1_321' title='bbox 192 2900 371 2963; x_wconf 81' lang='lat' dir='ltr'><strong>congruens</strong></span> <span class='ocrx_word' id='word_1_322' title='bbox 383 2891 439 2962; x_wconf 89' lang='lat' dir='ltr'><strong>est,</strong></span> <span class='ocrx_word' id='word_1_323' title='bbox 452 2892 484 2948; x_wconf 87' lang='lat' dir='ltr'><strong>et</strong></span> <span class='ocrx_word' id='word_1_324' title='bbox 495 2905 568 2949; x_wconf 90' lang='lat' dir='ltr'><strong>cum</strong></span> <span class='ocrx_word' id='word_1_325' title='bbox 581 2887 711 2948; x_wconf 77' lang='lat' dir='ltr'><strong>buruni</strong></span> <span class='ocrx_word' id='word_1_326' title='bbox 724 2907 830 2970; x_wconf 81' lang='lat' dir='ltr'><strong>corpo</strong></span> <span class='ocrx_word' id='word_1_327' title='bbox 879 2905 912 2949; x_wconf 89' lang='lat' dir='ltr'><strong>se</strong></span> <span class='ocrx_word' id='word_1_328' title='bbox 933 2887 1059 2964; x_wconf 86' lang='lat' dir='ltr'><strong>babere,</strong></span> <span class='ocrx_word' id='word_1_329' title='bbox 1083 2892 1176 2966; x_wconf 85' lang='lat' dir='ltr'><strong>atque</strong></span> <span class='ocrx_word' id='word_1_330' title='bbox 1196 2905 1234 2948; x_wconf 89' lang='lat' dir='ltr'><strong>ea</strong></span> <span class='ocrx_word' id='word_1_331' title='bbox 1252 2884 1433 2966; x_wconf 73' lang='lat' dir='ltr'><strong>prescribit,</strong></span> <span class='ocrx_word' id='word_1_332' title='bbox 1456 2900 1521 2943; x_wconf 90' lang='lat' dir='ltr'><strong>non</strong></span> <span class='ocrx_word' id='word_1_333' title='bbox 1548 2882 1588 2942; x_wconf 91' lang='lat' dir='ltr'><strong>sit</strong></span> <span class='ocrx_word' id='word_1_334' title='bbox 1612 2881 1646 2941; x_wconf 91' lang='lat' dir='ltr'><strong>in</strong></span> 
     </span>
     <span class='ocr_line' id='line_1_28' title="bbox 81 2970 1644 3060; baseline 0 -28"><span class='ocrx_word' id='word_1_335' title='bbox 81 2971 293 3038; x_wconf 72' lang='lat' dir='ltr'><strong>assonatione</strong></span> <span class='ocrx_word' id='word_1_336' title='bbox 302 2977 634 3059; x_wconf 86' lang='lat' dir='ltr'><strong>conjuncta,quod,uti</strong></span> <span class='ocrx_word' id='word_1_337' title='bbox 643 2981 829 3060; x_wconf 80' lang='lat' dir='ltr'><strong>expertibus</strong></span> <span class='ocrx_word' id='word_1_338' title='bbox 880 2985 1030 3060; x_wconf 86' lang='lat' dir='ltr'><strong>potestate</strong></span> <span class='ocrx_word' id='word_1_339' title='bbox 1048 2984 1182 3054; x_wconf 56' lang='lat' dir='ltr'><strong>nostra;¹</strong></span> <span class='ocrx_word' id='word_1_340' title='bbox 1199 2996 1269 3058; x_wconf 84' lang='lat' dir='ltr'><strong>que</strong></span> <span class='ocrx_word' id='word_1_341' title='bbox 1286 2995 1336 3038; x_wconf 90' lang='lat' dir='ltr'><strong>res</strong></span> <span class='ocrx_word' id='word_1_342' title='bbox 1356 2972 1485 3056; x_wconf 75' lang='lat' dir='ltr'><strong>eopeadi,</strong></span> <span class='ocrx_word' id='word_1_343' title='bbox 1507 2970 1644 3053; x_wconf 74' lang='lat' dir='ltr'><strong>urgendi,</strong></span> 
     </span>
     <span class='ocr_line' id='line_1_29' title="bbox 82 3064 1645 3152; baseline 0 -28"><span class='ocrx_word' id='word_1_344' title='bbox 82 3072 271 3145; x_wconf 76' lang='lat' dir='ltr'><strong>commatum,</strong></span> <span class='ocrx_word' id='word_1_345' title='bbox 287 3068 331 3129; x_wconf 91' lang='lat' dir='ltr'><strong>sio</strong></span> <span class='ocrx_word' id='word_1_346' title='bbox 343 3069 378 3130; x_wconf 89' lang='lat' dir='ltr'><strong>in</strong></span> <span class='ocrx_word' id='word_1_347' title='bbox 389 3086 440 3130; x_wconf 90' lang='lat' dir='ltr'><strong>eas</strong></span> <span class='ocrx_word' id='word_1_348' title='bbox 453 3070 631 3132; x_wconf 86' lang='lat' dir='ltr'><strong>dissolubile</strong></span> <span class='ocrx_word' id='word_1_349' title='bbox 644 3074 700 3133; x_wconf 87' lang='lat' dir='ltr'><strong>cst.</strong></span> <span class='ocrx_word' id='word_1_350' title='bbox 876 3069 1039 3152; x_wconf 63' lang='lat' dir='ltr'><strong>menendi,</strong></span> <span class='ocrx_word' id='word_1_351' title='bbox 1054 3089 1091 3133; x_wconf 86' lang='lat' dir='ltr'><strong>ac</strong></span> <span class='ocrx_word' id='word_1_352' title='bbox 1103 3070 1254 3131; x_wconf 88' lang='lat' dir='ltr'><strong>similibus</strong></span> <span class='ocrx_word' id='word_1_353' title='bbox 1262 3067 1420 3130; x_wconf 82' lang='lat' dir='ltr'><strong>vocabulis</strong></span> <span class='ocrx_word' id='word_1_354' title='bbox 1430 3064 1564 3146; x_wconf 85' lang='lat' dir='ltr'><strong>exprimi</strong></span> <span class='ocrx_word' id='word_1_355' title='bbox 1572 3082 1645 3125; x_wconf 88' lang='lat' dir='ltr'><strong>eon-</strong></span> 
     </span>
     <span class='ocr_line' id='line_1_30' title="bbox 7 3156 1670 3245; baseline -0.006 -18"><span class='ocrx_word' id='word_1_356' title='bbox 7 3196 66 3240; x_wconf 69' lang='grc' dir='ltr'><strong>ιιμ</strong></span> <span class='ocrx_word' id='word_1_357' title='bbox 114 3156 151 3217; x_wconf 79' lang='lat' dir='ltr'><strong>Ile</strong></span> <span class='ocrx_word' id='word_1_358' title='bbox 167 3177 229 3238; x_wconf 90' lang='lat' dir='ltr'><strong>quo</strong></span> <span class='ocrx_word' id='word_1_359' title='bbox 247 3160 397 3239; x_wconf 87' lang='lat' dir='ltr'><strong>preclara</strong></span> <span class='ocrx_word' id='word_1_360' title='bbox 417 3166 526 3239; x_wconf 86' lang='lat' dir='ltr'><strong>exstat,</strong></span> <span class='ocrx_word' id='word_1_361' title='bbox 541 3164 625 3225; x_wconf 91' lang='lat' dir='ltr'><strong>etad</strong></span> <span class='ocrx_word' id='word_1_362' title='bbox 638 3164 829 3245; x_wconf 87' lang='lat' dir='ltr'><strong>propositum</strong></span> <span class='ocrx_word' id='word_1_363' title='bbox 879 3163 988 3226; x_wconf 86' lang='lat' dir='ltr'><strong>suevit.</strong></span> <span class='ocrx_word' id='word_1_364' title='bbox 1005 3164 1109 3239; x_wconf 87' lang='lat' dir='ltr'><strong>Nunc,</strong></span> <span class='ocrx_word' id='word_1_365' title='bbox 1124 3163 1209 3242; x_wconf 88' lang='lat' dir='ltr'><strong>quod</strong></span> <span class='ocrx_word' id='word_1_366' title='bbox 1222 3161 1330 3234; x_wconf 87' lang='lat' dir='ltr'><strong>instat,</strong></span> <span class='ocrx_word' id='word_1_367' title='bbox 1346 3175 1511 3239; x_wconf 85' lang='lat' dir='ltr'><strong>pergemus</strong></span> <span class='ocrx_word' id='word_1_368' title='bbox 1532 3156 1670 3230; x_wconf 86' lang='lat' dir='ltr'><strong>dicere,&#39;</strong></span> 
     </span>
     <span class='ocr_line' id='line_1_31' title="bbox 7 3246 1646 3335; baseline 0.001 -27"><span class='ocrx_word' id='word_1_369' title='bbox 7 3246 51 3335; x_wconf 47' lang='grc' dir='ltr'><strong>ξι</strong></span> <span class='ocrx_word' id='word_1_370' title='bbox 83 3246 548 3330; x_wconf 81' lang='lat' dir='ltr'><strong>raldepertinensblarciCatonis</strong></span> <span class='ocrx_word' id='word_1_371' title='bbox 557 3256 640 3335; x_wconf 87' lang='lat' dir='ltr'><strong>apud</strong></span> <span class='ocrx_word' id='word_1_372' title='bbox 650 3256 830 3319; x_wconf 85' lang='lat' dir='ltr'><strong>Ciceronem</strong></span> <span class='ocrx_word' id='word_1_373' title='bbox 880 3274 1019 3317; x_wconf 91' lang='lat' dir='ltr'><strong>nonesse</strong></span> <span class='ocrx_word' id='word_1_374' title='bbox 1027 3253 1282 3317; x_wconf 86' lang='lat' dir='ltr'><strong>talemmoriendi</strong></span> <span class='ocrx_word' id='word_1_375' title='bbox 1292 3248 1646 3329; x_wconf 83' lang='lat' dir='ltr'><strong>necessitatem,qualem</strong></span> 
     </span>
     <span class='ocr_line' id='line_1_32' title="bbox 83 3341 1648 3429; baseline 0.001 -29"><span class='ocrx_word' id='word_1_376' title='bbox 83 3341 208 3404; x_wconf 84' lang='lat' dir='ltr'><strong>oratioin</strong></span> <span class='ocrx_word' id='word_1_377' title='bbox 221 3344 301 3405; x_wconf 88' lang='lat' dir='ltr'><strong>libro</strong></span> <span class='ocrx_word' id='word_1_378' title='bbox 312 3343 348 3405; x_wconf 85' lang='lat' dir='ltr'><strong>de</strong></span> <span class='ocrx_word' id='word_1_379' title='bbox 362 3343 522 3408; x_wconf 82' lang='lat' dir='ltr'><strong>Senectute.</strong></span> <span class='ocrx_word' id='word_1_380' title='bbox 532 3348 727 3428; x_wconf 81' lang='lat' dir='ltr'><strong>Inqrraillud</strong></span> <span class='ocrx_word' id='word_1_381' title='bbox 738 3350 830 3429; x_wconf 86' lang='lat' dir='ltr'><strong>potis-</strong></span> <span class='ocrx_word' id='word_1_382' title='bbox 879 3347 956 3408; x_wconf 80' lang='lat' dir='ltr'><strong>falso</strong></span> <span class='ocrx_word' id='word_1_383' title='bbox 971 3347 1082 3409; x_wconf 90' lang='lat' dir='ltr'><strong>diciab</strong></span> <span class='ocrx_word' id='word_1_384' title='bbox 1106 3345 1280 3427; x_wconf 81' lang='lat' dir='ltr'><strong>Augustino</strong></span> <span class='ocrx_word' id='word_1_385' title='bbox 1294 3344 1404 3406; x_wconf 88' lang='lat' dir='ltr'><strong>volunt</strong></span> <span class='ocrx_word' id='word_1_386' title='bbox 1416 3364 1424 3419; x_wconf 90' lang='lat'>;</span> <span class='ocrx_word' id='word_1_387' title='bbox 1444 3343 1498 3404; x_wconf 90' lang='lat' dir='ltr'><strong>sed</strong></span> <span class='ocrx_word' id='word_1_388' title='bbox 1518 3358 1590 3403; x_wconf 90' lang='lat' dir='ltr'><strong>cum</strong></span> <span class='ocrx_word' id='word_1_389' title='bbox 1610 3358 1648 3402; x_wconf 88' lang='lat' dir='ltr'><strong>ea</strong></span> 
     </span>
     <span class='ocr_line' id='line_1_33' title="bbox 83 3431 1645 3521; baseline 0 -27"><span class='ocrx_word' id='word_1_390' title='bbox 83 3431 180 3495; x_wconf 75' lang='lat' dir='ltr'><strong>dmum</strong></span> <span class='ocrx_word' id='word_1_391' title='bbox 200 3437 375 3499; x_wconf 91' lang='lat' dir='ltr'><strong>notandum</strong></span> <span class='ocrx_word' id='word_1_392' title='bbox 393 3445 450 3513; x_wconf 92' lang='lat' dir='ltr'><strong>est,</strong></span> <span class='ocrx_word' id='word_1_393' title='bbox 465 3457 528 3519; x_wconf 86' lang='lat' dir='ltr'><strong>quo</strong></span> <span class='ocrx_word' id='word_1_394' title='bbox 550 3441 624 3501; x_wconf 83' lang='lat' dir='ltr'><strong>novi</strong></span> <span class='ocrx_word' id='word_1_395' title='bbox 637 3441 830 3521; x_wconf 76' lang='lat' dir='ltr'><strong>dogmatista</strong></span> <span class='ocrx_word' id='word_1_396' title='bbox 880 3440 1047 3501; x_wconf 87' lang='lat' dir='ltr'><strong>consistere</strong></span> <span class='ocrx_word' id='word_1_397' title='bbox 1060 3458 1095 3501; x_wconf 89' lang='lat' dir='ltr'><strong>ac</strong></span> <span class='ocrx_word' id='word_1_398' title='bbox 1109 3439 1263 3501; x_wconf 73' lang='lat' dir='ltr'><strong>coherere</strong></span> <span class='ocrx_word' id='word_1_399' title='bbox 1283 3436 1476 3498; x_wconf 87' lang='lat' dir='ltr'><strong>voluntatem</strong></span> <span class='ocrx_word' id='word_1_400' title='bbox 1502 3433 1645 3510; x_wconf 85' lang='lat' dir='ltr'><strong>liberam,</strong></span> 
     </span>
     <span class='ocr_line' id='line_1_34' title="bbox 84 3521 1649 3611; baseline 0.001 -26"><span class='ocrx_word' id='word_1_401' title='bbox 84 3521 188 3587; x_wconf 80' lang='lat' dir='ltr'><strong>blsade</strong></span> <span class='ocrx_word' id='word_1_402' title='bbox 203 3527 350 3605; x_wconf 82' lang='lat' dir='ltr'><strong>uiolenta,</strong></span> <span class='ocrx_word' id='word_1_403' title='bbox 375 3536 407 3591; x_wconf 90' lang='lat' dir='ltr'><strong>et</strong></span> <span class='ocrx_word' id='word_1_404' title='bbox 419 3537 548 3610; x_wconf 86' lang='lat' dir='ltr'><strong>cogente</strong></span> <span class='ocrx_word' id='word_1_405' title='bbox 561 3533 742 3595; x_wconf 87' lang='lat' dir='ltr'><strong>necessitate</strong></span> <span class='ocrx_word' id='word_1_406' title='bbox 760 3552 831 3596; x_wconf 85' lang='lat' dir='ltr'><strong>con-</strong></span> <span class='ocrx_word' id='word_1_407' title='bbox 880 3532 944 3593; x_wconf 91' lang='lat' dir='ltr'><strong>imo</strong></span> <span class='ocrx_word' id='word_1_408' title='bbox 958 3538 989 3593; x_wconf 92' lang='lat' dir='ltr'><strong>et</strong></span> <span class='ocrx_word' id='word_1_409' title='bbox 1002 3531 1140 3593; x_wconf 86' lang='lat' dir='ltr'><strong>volentes</strong></span> <span class='ocrx_word' id='word_1_410' title='bbox 1163 3548 1199 3592; x_wconf 84' lang='lat' dir='ltr'><strong>ac</strong></span> <span class='ocrx_word' id='word_1_411' title='bbox 1224 3529 1411 3611; x_wconf 89' lang='lat' dir='ltr'><strong>plerumque</strong></span> <span class='ocrx_word' id='word_1_412' title='bbox 1438 3526 1606 3608; x_wconf 88' lang='lat' dir='ltr'><strong>gaudentes</strong></span> <span class='ocrx_word' id='word_1_413' title='bbox 1620 3525 1649 3587; x_wconf 87' lang='lat' dir='ltr'><strong>ei</strong></span> 
     </span>
     <span class='ocr_line' id='line_1_35' title="bbox 84 3617 1650 3701; baseline 0.003 -26"><span class='ocrx_word' id='word_1_414' title='bbox 84 3617 200 3679; x_wconf 71' lang='lat' dir='ltr'><strong>vincitur</strong></span> <span class='ocrx_word' id='word_1_415' title='bbox 212 3621 330 3700; x_wconf 73' lang='lat' dir='ltr'><strong>opinio,</strong></span> <span class='ocrx_word' id='word_1_416' title='bbox 346 3643 362 3679; x_wconf 82' lang='lat' dir='ltr'><strong>a</strong></span> <span class='ocrx_word' id='word_1_417' title='bbox 376 3622 456 3696; x_wconf 83' lang='lat' dir='ltr'><strong>Quid</strong></span> <span class='ocrx_word' id='word_1_418' title='bbox 470 3628 515 3684; x_wconf 86' lang='lat' dir='ltr'><strong>est</strong></span> <span class='ocrx_word' id='word_1_419' title='bbox 535 3629 641 3685; x_wconf 87' lang='lat' dir='ltr'><strong>autem</strong></span> <span class='ocrx_word' id='word_1_420' title='bbox 660 3627 831 3689; x_wconf 87' lang='lat' dir='ltr'><strong>seeundum</strong></span> <span class='ocrx_word' id='word_1_421' title='bbox 880 3625 1004 3687; x_wconf 86' lang='lat' dir='ltr'><strong>subesse</strong></span> <span class='ocrx_word' id='word_1_422' title='bbox 1031 3625 1130 3687; x_wconf 91' lang='lat' dir='ltr'><strong>bonos</strong></span> <span class='ocrx_word' id='word_1_423' title='bbox 1142 3625 1237 3701; x_wconf 85' lang='lat' dir='ltr'><strong>viros,</strong></span> <span class='ocrx_word' id='word_1_424' title='bbox 1253 3627 1289 3683; x_wconf 92' lang='lat' dir='ltr'><strong>ut</strong></span> <span class='ocrx_word' id='word_1_425' title='bbox 1307 3640 1344 3685; x_wconf 90' lang='lat' dir='ltr'><strong>ea</strong></span> <span class='ocrx_word' id='word_1_426' title='bbox 1365 3621 1495 3684; x_wconf 83' lang='lat' dir='ltr'><strong>faciente</strong></span> <span class='ocrx_word' id='word_1_427' title='bbox 1517 3618 1650 3682; x_wconf 89' lang='lat' dir='ltr'><strong>necessi·</strong></span> 
     </span>
     <span class='ocr_line' id='line_1_36' title="bbox 85 3711 1648 3798; baseline 0.003 -31"><span class='ocrx_word' id='word_1_428' title='bbox 85 3714 218 3787; x_wconf 77' lang='lat' dir='ltr'><strong>uuam,</strong></span> <span class='ocrx_word' id='word_1_429' title='bbox 227 3711 281 3789; x_wconf 90' lang='lat' dir='ltr'><strong>ait,</strong></span> <span class='ocrx_word' id='word_1_430' title='bbox 291 3730 388 3792; x_wconf 85' lang='lat' dir='ltr'><strong>quam</strong></span> <span class='ocrx_word' id='word_1_431' title='bbox 394 3714 623 3777; x_wconf 88' lang='lat' dir='ltr'><strong>senibusemori</strong></span> <span class='ocrx_word' id='word_1_432' title='bbox 633 3713 738 3797; x_wconf 70' lang='lat' dir='ltr'><strong>tquod</strong></span> <span class='ocrx_word' id='word_1_433' title='bbox 746 3719 831 3781; x_wconf 88' lang='lat' dir='ltr'><strong>idem</strong></span> <span class='ocrx_word' id='word_1_434' title='bbox 879 3723 943 3780; x_wconf 87' lang='lat' dir='ltr'><strong>tate</strong></span> <span class='ocrx_word' id='word_1_435' title='bbox 956 3718 1040 3798; x_wconf 89' lang='lat' dir='ltr'><strong>quod</strong></span> <span class='ocrx_word' id='word_1_436' title='bbox 1053 3722 1163 3798; x_wconf 83' lang='lat' dir='ltr'><strong>potest,</strong></span> <span class='ocrx_word' id='word_1_437' title='bbox 1175 3735 1240 3778; x_wconf 91' lang='lat' dir='ltr'><strong>non</strong></span> <span class='ocrx_word' id='word_1_438' title='bbox 1252 3716 1360 3791; x_wconf 88' lang='lat' dir='ltr'><strong>invita,</strong></span> <span class='ocrx_word' id='word_1_439' title='bbox 1372 3715 1425 3776; x_wconf 91' lang='lat' dir='ltr'><strong>sed</strong></span> <span class='ocrx_word' id='word_1_440' title='bbox 1437 3718 1558 3795; x_wconf 85' lang='lat' dir='ltr'><strong>sponte,</strong></span> <span class='ocrx_word' id='word_1_441' title='bbox 1567 3715 1648 3772; x_wconf 91' lang='lat' dir='ltr'><strong>toto·</strong></span> 
     </span>
     <span class='ocr_line' id='line_1_37' title="bbox 85 3800 1646 3891; baseline 0.003 -33"><span class='ocrx_word' id='word_1_442' title='bbox 85 3800 216 3881; x_wconf 76' lang='lat' dir='ltr'><strong>enbngit</strong></span> <span class='ocrx_word' id='word_1_443' title='bbox 227 3802 484 3880; x_wconf 86' lang='lat' dir='ltr'><strong>adolescentibus,</strong></span> <span class='ocrx_word' id='word_1_444' title='bbox 495 3807 727 3886; x_wconf 84' lang='lat' dir='ltr'><strong>adversante,et</strong></span> <span class='ocrx_word' id='word_1_445' title='bbox 737 3828 830 3890; x_wconf 88' lang='lat' dir='ltr'><strong>repu—</strong></span> <span class='ocrx_word' id='word_1_446' title='bbox 881 3828 942 3891; x_wconf 89' lang='lat' dir='ltr'><strong>que</strong></span> <span class='ocrx_word' id='word_1_447' title='bbox 956 3829 988 3872; x_wconf 93' lang='lat' dir='ltr'><strong>se</strong></span> <span class='ocrx_word' id='word_1_448' title='bbox 1002 3810 1042 3872; x_wconf 88' lang='lat' dir='ltr'><strong>ad</strong></span> <span class='ocrx_word' id='word_1_449' title='bbox 1056 3828 1126 3873; x_wconf 91' lang='lat' dir='ltr'><strong>eam</strong></span> <span class='ocrx_word' id='word_1_450' title='bbox 1140 3809 1253 3871; x_wconf 78' lang='lat' dir='ltr'><strong>affectu</strong></span> <span class='ocrx_word' id='word_1_451' title='bbox 1265 3808 1411 3869; x_wconf 88' lang='lat' dir='ltr'><strong>voluntas</strong></span> <span class='ocrx_word' id='word_1_452' title='bbox 1424 3803 1646 3878; x_wconf 88' lang='lat' dir='ltr'><strong>accommodet,</strong></span> 
     </span>
     <span class='ocr_line' id='line_1_38' title="bbox 85 3897 1647 3976; baseline 0.001 -23"><span class='ocrx_word' id='word_1_453' title='bbox 85 3899 181 3966; x_wconf 71' lang='lat' dir='ltr'><strong>sumta</strong></span> <span class='ocrx_word' id='word_1_454' title='bbox 193 3897 436 3976; x_wconf 77' lang='lat' dir='ltr'><strong>animaliaque</strong></span> <span class='ocrx_word' id='word_1_455' title='bbox 457 3897 663 3962; x_wconf 85' lang='lat' dir='ltr'><strong>adolescentes</strong></span> <span class='ocrx_word' id='word_1_456' title='bbox 689 3902 769 3962; x_wconf 93' lang='lat' dir='ltr'><strong>mori</strong></span> <span class='ocrx_word' id='word_1_457' title='bbox 789 3903 831 3965; x_wconf 91' lang='lat' dir='ltr'><strong>sic</strong></span> <span class='ocrx_word' id='word_1_458' title='bbox 880 3922 918 3965; x_wconf 92' lang='lat' dir='ltr'><strong>ac</strong></span> <span class='ocrx_word' id='word_1_459' title='bbox 931 3908 1107 3965; x_wconf 89' lang='lat' dir='ltr'><strong>morantem</strong></span> <span class='ocrx_word' id='word_1_460' title='bbox 1120 3902 1214 3962; x_wconf 91' lang='lat' dir='ltr'><strong>etiam</strong></span> <span class='ocrx_word' id='word_1_461' title='bbox 1228 3905 1259 3961; x_wconf 87' lang='lat' dir='ltr'><strong>ct</strong></span> <span class='ocrx_word' id='word_1_462' title='bbox 1281 3904 1478 3961; x_wconf 87' lang='lat' dir='ltr'><strong>cunctantem</strong></span> <span class='ocrx_word' id='word_1_463' title='bbox 1498 3898 1647 3974; x_wconf 89' lang='lat' dir='ltr'><strong>increpet,</strong></span> 
     </span>
     <span class='ocr_line' id='line_1_39' title="bbox 86 3980 1299 4075; baseline 0.009 -32"><span class='ocrx_word' id='word_1_464' title='bbox 86 3980 149 4043; x_wconf 80' lang='lat' dir='ltr'><strong>urbi</strong></span> <span class='ocrx_word' id='word_1_465' title='bbox 158 3985 313 4064; x_wconf 73' lang='lat' dir='ltr'><strong>ridentur,</strong></span> <span class='ocrx_word' id='word_1_466' title='bbox 328 3992 365 4048; x_wconf 91' lang='lat' dir='ltr'><strong>ut</strong></span> <span class='ocrx_word' id='word_1_467' title='bbox 380 4005 452 4049; x_wconf 90' lang='lat' dir='ltr'><strong>oum</strong></span> <span class='ocrx_word' id='word_1_468' title='bbox 465 4007 553 4069; x_wconf 87' lang='lat' dir='ltr'><strong>aque</strong></span> <span class='ocrx_word' id='word_1_469' title='bbox 574 3991 774 4055; x_wconf 90' lang='lat' dir='ltr'><strong>multitudine</strong></span> <span class='ocrx_word' id='word_1_470' title='bbox 786 3996 832 4056; x_wconf 86' lang='lat' dir='ltr'><strong>vis</strong></span> <span class='ocrx_word' id='word_1_471' title='bbox 882 4001 923 4065; x_wconf 83' lang='lat' dir='ltr'><strong>et,</strong></span> <span class='ocrx_word' id='word_1_472' title='bbox 940 3994 1043 4075; x_wconf 88' lang='lat' dir='ltr'><strong>quoad</strong></span> <span class='ocrx_word' id='word_1_473' title='bbox 1056 3994 1138 4067; x_wconf 90' lang='lat' dir='ltr'><strong>licet,</strong></span> <span class='ocrx_word' id='word_1_474' title='bbox 1155 3996 1299 4054; x_wconf 86' lang='lat' dir='ltr'><strong>arcessat.</strong></span> 
     </span>
     <span class='ocr_line' id='line_1_40' title="bbox 85 4070 1647 4164; baseline -0.001 -26"><span class='ocrx_word' id='word_1_475' title='bbox 85 4070 200 4139; x_wconf 68' lang='lat' dir='ltr'><strong>bone</strong></span> <span class='ocrx_word' id='word_1_476' title='bbox 213 4080 408 4159; x_wconf 89' lang='lat' dir='ltr'><strong>opprimitur.</strong></span> <span class='ocrx_word' id='word_1_477' title='bbox 430 4081 526 4143; x_wconf 89' lang='lat' dir='ltr'><strong>Senes</strong></span> <span class='ocrx_word' id='word_1_478' title='bbox 545 4090 663 4158; x_wconf 89' lang='lat' dir='ltr'><strong>autem,</strong></span> <span class='ocrx_word' id='word_1_479' title='bbox 683 4085 762 4147; x_wconf 87' lang='lat' dir='ltr'><strong>sicut</strong></span> <span class='ocrx_word' id='word_1_480' title='bbox 776 4104 832 4148; x_wconf 91' lang='lat' dir='ltr'><strong>sua</strong></span> <span class='ocrx_word' id='word_1_481' title='bbox 921 4087 1005 4147; x_wconf 82' lang='lat' dir='ltr'><strong>xlv.</strong></span> <span class='ocrx_word' id='word_1_482' title='bbox 1024 4086 1076 4147; x_wconf 87' lang='lat' dir='ltr'><strong>Sic</strong></span> <span class='ocrx_word' id='word_1_483' title='bbox 1102 4083 1268 4164; x_wconf 90' lang='lat' dir='ltr'><strong>Apostolus</strong></span> <span class='ocrx_word' id='word_1_484' title='bbox 1295 4080 1419 4143; x_wconf 83' lang='lat' dir='ltr'><strong>dissolvi</strong></span> <span class='ocrx_word' id='word_1_485' title='bbox 1443 4076 1647 4152; x_wconf 86' lang='lat' dir='ltr'><strong>desiderabat,</strong></span> 
     </span>
     <span class='ocr_line' id='line_1_41' title="bbox 86 4170 1649 4259; baseline -0.001 -29"><span class='ocrx_word' id='word_1_486' title='bbox 86 4171 290 4246; x_wconf 66' lang='lat' dir='ltr'><strong>cosenulis</strong></span> <span class='ocrx_word' id='word_1_487' title='bbox 301 4172 441 4233; x_wconf 87' lang='lat' dir='ltr'><strong>adbibita</strong></span> <span class='ocrx_word' id='word_1_488' title='bbox 461 4173 504 4250; x_wconf 90' lang='lat' dir='ltr'><strong>vi,</strong></span> <span class='ocrx_word' id='word_1_489' title='bbox 530 4182 731 4257; x_wconf 87' lang='lat' dir='ltr'><strong>consumptus</strong></span> <span class='ocrx_word' id='word_1_490' title='bbox 752 4178 833 4259; x_wconf 87' lang='lat' dir='ltr'><strong>ignis</strong></span> <span class='ocrx_word' id='word_1_491' title='bbox 881 4177 941 4240; x_wconf 82' lang='lat' dir='ltr'><strong>hoc</strong></span> <span class='ocrx_word' id='word_1_492' title='bbox 953 4183 1000 4239; x_wconf 88' lang='lat' dir='ltr'><strong>est</strong></span> <span class='ocrx_word' id='word_1_493' title='bbox 1011 4176 1116 4253; x_wconf 81' lang='lat' dir='ltr'><strong>emori,</strong></span> <span class='ocrx_word' id='word_1_494' title='bbox 1132 4182 1163 4237; x_wconf 87' lang='lat' dir='ltr'><strong>et</strong></span> <span class='ocrx_word' id='word_1_495' title='bbox 1175 4176 1240 4235; x_wconf 86' lang='lat' dir='ltr'><strong>vim</strong></span> <span class='ocrx_word' id='word_1_496' title='bbox 1258 4172 1446 4236; x_wconf 86' lang='lat' dir='ltr'><strong>necessitatis</strong></span> <span class='ocrx_word' id='word_1_497' title='bbox 1462 4170 1545 4232; x_wconf 88' lang='lat' dir='ltr'><strong>illias</strong></span> <span class='ocrx_word' id='word_1_498' title='bbox 1558 4187 1649 4249; x_wconf 81' lang='lat' dir='ltr'><strong>expe</strong></span> 
     </span>
     <span class='ocr_line' id='line_1_42' title="bbox 87 4259 1648 4349; baseline -0.002 -24"><span class='ocrx_word' id='word_1_499' title='bbox 87 4259 266 4339; x_wconf 77' lang='lat' dir='ltr'><strong>utnguum,</strong></span> <span class='ocrx_word' id='word_1_500' title='bbox 282 4268 314 4325; x_wconf 90' lang='lat' dir='ltr'><strong>et</strong></span> <span class='ocrx_word' id='word_1_501' title='bbox 335 4266 422 4343; x_wconf 86' lang='lat' dir='ltr'><strong>quasi</strong></span> <span class='ocrx_word' id='word_1_502' title='bbox 438 4283 532 4345; x_wconf 90' lang='lat' dir='ltr'><strong>poma</strong></span> <span class='ocrx_word' id='word_1_503' title='bbox 553 4285 592 4328; x_wconf 82' lang='lat' dir='ltr'><strong>ex</strong></span> <span class='ocrx_word' id='word_1_504' title='bbox 614 4268 787 4349; x_wconf 84' lang='lat' dir='ltr'><strong>arboribus,</strong></span> <span class='ocrx_word' id='word_1_505' title='bbox 806 4272 833 4333; x_wconf 88' lang='lat' dir='ltr'><strong>si</strong></span> <span class='ocrx_word' id='word_1_506' title='bbox 881 4271 947 4347; x_wconf 87' lang='lat' dir='ltr'><strong>riri,</strong></span> <span class='ocrx_word' id='word_1_507' title='bbox 964 4277 997 4330; x_wconf 84' lang='lat' dir='ltr'><strong>ut</strong></span> <span class='ocrx_word' id='word_1_508' title='bbox 1009 4276 1152 4330; x_wconf 84' lang='lat' dir='ltr'><strong>esseteum</strong></span> <span class='ocrx_word' id='word_1_509' title='bbox 1170 4266 1297 4342; x_wconf 76' lang='lat' dir='ltr'><strong>Clim&#39;sto,</strong></span> <span class='ocrx_word' id='word_1_510' title='bbox 1318 4264 1435 4326; x_wconf 91' lang='lat' dir='ltr'><strong>nedum</strong></span> <span class='ocrx_word' id='word_1_511' title='bbox 1448 4262 1564 4325; x_wconf 87' lang='lat' dir='ltr'><strong>invitus</strong></span> <span class='ocrx_word' id='word_1_512' title='bbox 1579 4280 1648 4323; x_wconf 87' lang='lat' dir='ltr'><strong>eam</strong></span> 
     </span>
     <span class='ocr_line' id='line_1_43' title="bbox 87 4351 1648 4443; baseline 0.003 -33"><span class='ocrx_word' id='word_1_513' title='bbox 87 4351 164 4412; x_wconf 85' lang='lat' dir='ltr'><strong>cruda</strong></span> <span class='ocrx_word' id='word_1_514' title='bbox 176 4356 496 4433; x_wconf 88' lang='lat' dir='ltr'><strong>sunt,viavelluntur,</strong></span> <span class='ocrx_word' id='word_1_515' title='bbox 512 4358 537 4420; x_wconf 92' lang='lat' dir='ltr'><strong>si</strong></span> <span class='ocrx_word' id='word_1_516' title='bbox 550 4367 830 4442; x_wconf 82' lang='lat' dir='ltr'><strong>matura‚etrocta,</strong></span> <span class='ocrx_word' id='word_1_517' title='bbox 881 4366 1059 4443; x_wconf 82' lang='lat' dir='ltr'><strong>pateretur3</strong></span> <span class='ocrx_word' id='word_1_518' title='bbox 1085 4359 1170 4439; x_wconf 87' lang='lat' dir='ltr'><strong>quod</strong></span> <span class='ocrx_word' id='word_1_519' title='bbox 1197 4357 1326 4418; x_wconf 90' lang='lat' dir='ltr'><strong>omnino</strong></span> <span class='ocrx_word' id='word_1_520' title='bbox 1343 4356 1466 4429; x_wconf 86' lang='lat' dir='ltr'><strong>faceret,</strong></span> <span class='ocrx_word' id='word_1_521' title='bbox 1494 4354 1648 4416; x_wconf 87' lang='lat' dir='ltr'><strong>siveram</strong></span> 
     </span>
     <span class='ocr_line' id='line_1_44' title="bbox 87 4440 1649 4533; baseline 0.003 -31"><span class='ocrx_word' id='word_1_522' title='bbox 87 4440 221 4523; x_wconf 81' lang='lat' dir='ltr'><strong>doddunt,</strong></span> <span class='ocrx_word' id='word_1_523' title='bbox 240 4448 284 4508; x_wconf 90' lang='lat' dir='ltr'><strong>sic</strong></span> <span class='ocrx_word' id='word_1_524' title='bbox 297 4448 706 4515; x_wconf 86' lang='lat' dir='ltr'><strong>vitamadolescentibusvis</strong></span> <span class='ocrx_word' id='word_1_525' title='bbox 719 4455 830 4531; x_wconf 69' lang='lat' dir='ltr'><strong>auten,</strong></span> <span class='ocrx_word' id='word_1_526' title='bbox 882 4460 972 4529; x_wconf 86' lang='lat' dir='ltr'><strong>esset,</strong></span> <span class='ocrx_word' id='word_1_527' title='bbox 987 4452 1071 4533; x_wconf 88' lang='lat' dir='ltr'><strong>quod</strong></span> <span class='ocrx_word' id='word_1_528' title='bbox 1088 4452 1162 4513; x_wconf 87' lang='lat' dir='ltr'><strong>novi</strong></span> <span class='ocrx_word' id='word_1_529' title='bbox 1181 4449 1375 4528; x_wconf 73' lang='lat' dir='ltr'><strong>dogmatistae</strong></span> <span class='ocrx_word' id='word_1_530' title='bbox 1399 4448 1520 4525; x_wconf 85' lang='lat' dir='ltr'><strong>volunt,</strong></span> <span class='ocrx_word' id='word_1_531' title='bbox 1543 4447 1649 4526; x_wconf 87' lang='lat' dir='ltr'><strong>hujus·</strong></span> 
     </span>
     <span class='ocr_line' id='line_1_45' title="bbox 87 4536 1648 4625; baseline 0.003 -29"><span class='ocrx_word' id='word_1_532' title='bbox 87 4536 190 4598; x_wconf 77' lang='lat' dir='ltr'><strong>salbus</strong></span> <span class='ocrx_word' id='word_1_533' title='bbox 214 4542 386 4601; x_wconf 87' lang='lat' dir='ltr'><strong>maturitas.</strong></span> <span class='ocrx_word' id='word_1_534' title='bbox 413 4542 487 4616; x_wconf 75' lang='lat' dir='ltr'><strong>Quas</strong></span> <span class='ocrx_word' id='word_1_535' title='bbox 512 4542 591 4604; x_wconf 86' lang='lat' dir='ltr'><strong>mihi</strong></span> <span class='ocrx_word' id='word_1_536' title='bbox 617 4545 742 4625; x_wconf 90' lang='lat' dir='ltr'><strong>quidem</strong></span> <span class='ocrx_word' id='word_1_537' title='bbox 766 4553 831 4609; x_wconf 87' lang='lat' dir='ltr'><strong>tam</strong></span> <span class='ocrx_word' id='word_1_538' title='bbox 881 4546 967 4607; x_wconf 90' lang='lat' dir='ltr'><strong>modi</strong></span> <span class='ocrx_word' id='word_1_539' title='bbox 986 4542 1198 4606; x_wconf 79' lang='lat' dir='ltr'><strong>necessitatem</strong></span> <span class='ocrx_word' id='word_1_540' title='bbox 1220 4540 1346 4602; x_wconf 88' lang='lat' dir='ltr'><strong>nonnisi</strong></span> <span class='ocrx_word' id='word_1_541' title='bbox 1367 4540 1482 4617; x_wconf 79' lang='lat' dir='ltr'><strong>inuitis,</strong></span> <span class='ocrx_word' id='word_1_542' title='bbox 1502 4544 1534 4601; x_wconf 87' lang='lat' dir='ltr'><strong>et</strong></span> <span class='ocrx_word' id='word_1_543' title='bbox 1559 4556 1648 4601; x_wconf 89' lang='lat' dir='ltr'><strong>recu-</strong></span> 
     </span>
     <span class='ocr_line' id='line_1_46' title="bbox 7 4622 1647 4714; baseline 0.001 -25"><span class='ocrx_word' id='word_1_544' title='bbox 7 4676 8 4683; x_wconf 33' lang='lat'><strong>,</strong></span> <span class='ocrx_word' id='word_1_545' title='bbox 85 4622 327 4705; x_wconf 68' lang='lat' dir='ltr'><strong>truncassent,</strong></span> <span class='ocrx_word' id='word_1_546' title='bbox 345 4633 736 4714; x_wconf 78' lang='lat' dir='ltr'><strong>quopropiusadmmtem</strong></span> <span class='ocrx_word' id='word_1_547' title='bbox 749 4657 831 4700; x_wconf 86' lang='lat' dir='ltr'><strong>accc·</strong></span> <span class='ocrx_word' id='word_1_548' title='bbox 880 4637 1020 4699; x_wconf 81' lang='lat' dir='ltr'><strong>sentibus</strong></span> <span class='ocrx_word' id='word_1_549' title='bbox 1034 4634 1230 4697; x_wconf 86' lang='lat' dir='ltr'><strong>nobisfacere</strong></span> <span class='ocrx_word' id='word_1_550' title='bbox 1239 4634 1281 4695; x_wconf 90' lang='lat' dir='ltr'><strong>id.</strong></span> <span class='ocrx_word' id='word_1_551' title='bbox 1299 4634 1383 4713; x_wconf 87' lang='lat' dir='ltr'><strong>quod</strong></span> <span class='ocrx_word' id='word_1_552' title='bbox 1393 4636 1504 4714; x_wconf 89' lang='lat' dir='ltr'><strong>potest.</strong></span> <span class='ocrx_word' id='word_1_553' title='bbox 1519 4632 1587 4692; x_wconf 89' lang='lat' dir='ltr'><strong>Huc</strong></span> <span class='ocrx_word' id='word_1_554' title='bbox 1595 4631 1647 4692; x_wconf 89' lang='lat' dir='ltr'><strong>illa</strong></span> 
     </span>
     <span class='ocr_line' id='line_1_47' title="bbox 88 4714 1647 4810; baseline 0.001 -27"><span class='ocrx_word' id='word_1_555' title='bbox 88 4714 154 4792; x_wconf 75' lang='lat' dir='ltr'><strong>lum,</strong></span> <span class='ocrx_word' id='word_1_556' title='bbox 168 4723 251 4800; x_wconf 84' lang='lat' dir='ltr'><strong>quasi</strong></span> <span class='ocrx_word' id='word_1_557' title='bbox 263 4727 382 4784; x_wconf 88' lang='lat' dir='ltr'><strong>terram</strong></span> <span class='ocrx_word' id='word_1_558' title='bbox 395 4724 499 4787; x_wconf 85' lang='lat' dir='ltr'><strong>videre</strong></span> <span class='ocrx_word' id='word_1_559' title='bbox 522 4726 639 4805; x_wconf 85' lang='lat' dir='ltr'><strong>videar,</strong></span> <span class='ocrx_word' id='word_1_560' title='bbox 652 4728 832 4809; x_wconf 71' lang='lat' dir='ltr'><strong>aliquande</strong></span> <span class='ocrx_word' id='word_1_561' title='bbox 880 4735 1020 4810; x_wconf 84' lang='lat' dir='ltr'><strong>spectant</strong></span> <span class='ocrx_word' id='word_1_562' title='bbox 1032 4727 1150 4803; x_wconf 87' lang='lat' dir='ltr'><strong>omnia,</strong></span> <span class='ocrx_word' id='word_1_563' title='bbox 1163 4744 1233 4806; x_wconf 86' lang='lat' dir='ltr'><strong>que</strong></span> <span class='ocrx_word' id='word_1_564' title='bbox 1255 4726 1294 4788; x_wconf 91' lang='lat' dir='ltr'><strong>de</strong></span> <span class='ocrx_word' id='word_1_565' title='bbox 1314 4726 1448 4806; x_wconf 87' lang='lat' dir='ltr'><strong>optanda</strong></span> <span class='ocrx_word' id='word_1_566' title='bbox 1466 4728 1578 4801; x_wconf 85' lang='lat' dir='ltr'><strong>morte,</strong></span> <span class='ocrx_word' id='word_1_567' title='bbox 1592 4727 1647 4784; x_wconf 89' lang='lat' dir='ltr'><strong>aut</strong></span> 
     </span>
     <span class='ocr_line' id='line_1_48' title="bbox 89 4811 1645 4903; baseline -0.006 -18"><span class='ocrx_word' id='word_1_568' title='bbox 89 4824 136 4885; x_wconf 75' lang='lat' dir='ltr'><strong>que</strong></span> <span class='ocrx_word' id='word_1_569' title='bbox 151 4811 182 4872; x_wconf 87' lang='lat' dir='ltr'><strong>in</strong></span> <span class='ocrx_word' id='word_1_570' title='bbox 210 4819 336 4895; x_wconf 81' lang='lat' dir='ltr'><strong>portum</strong></span> <span class='ocrx_word' id='word_1_571' title='bbox 362 4832 400 4876; x_wconf 84' lang='lat' dir='ltr'><strong>ex</strong></span> <span class='ocrx_word' id='word_1_572' title='bbox 427 4816 521 4893; x_wconf 81' lang='lat' dir='ltr'><strong>longa</strong></span> <span class='ocrx_word' id='word_1_573' title='bbox 542 4820 740 4899; x_wconf 85' lang='lat' dir='ltr'><strong>navigatione</strong></span> <span class='ocrx_word' id='word_1_574' title='bbox 767 4841 831 4885; x_wconf 86' lang='lat' dir='ltr'><strong>esse</strong></span> <span class='ocrx_word' id='word_1_575' title='bbox 879 4822 1041 4903; x_wconf 85' lang='lat' dir='ltr'><strong>patienter,</strong></span> <span class='ocrx_word' id='word_1_576' title='bbox 1061 4819 1225 4882; x_wconf 80' lang='lat' dir='ltr'><strong>ueletiam</strong></span> <span class='ocrx_word' id='word_1_577' title='bbox 1249 4819 1321 4881; x_wconf 86' lang='lat' dir='ltr'><strong>leto</strong></span> <span class='ocrx_word' id='word_1_578' title='bbox 1348 4818 1454 4879; x_wconf 91' lang='lat' dir='ltr'><strong>animo</strong></span> <span class='ocrx_word' id='word_1_579' title='bbox 1473 4815 1645 4890; x_wconf 88' lang='lat' dir='ltr'><strong>toleranda,</strong></span> 
     </span>
     <span class='ocr_line' id='line_1_49' title="bbox 89 4906 1646 4990; baseline 0.004 -30"><span class='ocrx_word' id='word_1_580' title='bbox 89 4907 224 4967; x_wconf 79' lang='lat' dir='ltr'><strong>terbum.</strong></span> <span class='ocrx_word' id='word_1_581' title='bbox 243 4929 256 4965; x_wconf 81' lang='lat' dir='ltr'><strong>s</strong></span> <span class='ocrx_word' id='word_1_582' title='bbox 272 4910 316 4968; x_wconf 89' lang='lat' dir='ltr'><strong>Ac</strong></span> <span class='ocrx_word' id='word_1_583' title='bbox 329 4906 470 4971; x_wconf 89' lang='lat' dir='ltr'><strong>subinde.</strong></span> <span class='ocrx_word' id='word_1_584' title='bbox 487 4930 503 4967; x_wconf 84' lang='lat' dir='ltr'><strong>c</strong></span> <span class='ocrx_word' id='word_1_585' title='bbox 517 4910 558 4971; x_wconf 92' lang='lat' dir='ltr'><strong>Ut</strong></span> <span class='ocrx_word' id='word_1_586' title='bbox 570 4929 694 4990; x_wconf 86' lang='lat' dir='ltr'><strong>navem,</strong></span> <span class='ocrx_word' id='word_1_587' title='bbox 709 4919 746 4975; x_wconf 90' lang='lat' dir='ltr'><strong>ut</strong></span> <span class='ocrx_word' id='word_1_588' title='bbox 757 4915 831 4976; x_wconf 86' lang='lat' dir='ltr'><strong>edi·</strong></span> <span class='ocrx_word' id='word_1_589' title='bbox 879 4919 945 4975; x_wconf 91' lang='lat' dir='ltr'><strong>tam</strong></span> <span class='ocrx_word' id='word_1_590' title='bbox 956 4913 996 4974; x_wconf 91' lang='lat' dir='ltr'><strong>ab</strong></span> <span class='ocrx_word' id='word_1_591' title='bbox 1008 4913 1132 4985; x_wconf 90' lang='lat' dir='ltr'><strong>nostris,</strong></span> <span class='ocrx_word' id='word_1_592' title='bbox 1149 4928 1244 4990; x_wconf 90' lang='lat' dir='ltr'><strong>quam</strong></span> <span class='ocrx_word' id='word_1_593' title='bbox 1261 4909 1300 4970; x_wconf 88' lang='lat' dir='ltr'><strong>ab</strong></span> <span class='ocrx_word' id='word_1_594' title='bbox 1316 4909 1446 4970; x_wconf 90' lang='lat' dir='ltr'><strong>ethnicis</strong></span> <span class='ocrx_word' id='word_1_595' title='bbox 1456 4906 1646 4988; x_wconf 84' lang='lat' dir='ltr'><strong>pbilosophis</strong></span> 
     </span>
     <span class='ocr_line' id='line_1_50' title="bbox 90 4987 1643 5084; baseline 0.002 -29"><span class='ocrx_word' id='word_1_596' title='bbox 90 4987 176 5066; x_wconf 75' lang='lat' dir='ltr'><strong>fitium</strong></span> <span class='ocrx_word' id='word_1_597' title='bbox 186 4997 265 5060; x_wconf 89' lang='lat' dir='ltr'><strong>idem</strong></span> <span class='ocrx_word' id='word_1_598' title='bbox 279 4999 411 5063; x_wconf 88' lang='lat' dir='ltr'><strong>destruit</strong></span> <span class='ocrx_word' id='word_1_599' title='bbox 423 4999 576 5080; x_wconf 78' lang='lat' dir='ltr'><strong>facillime,</strong></span> <span class='ocrx_word' id='word_1_600' title='bbox 585 5003 638 5083; x_wconf 91' lang='lat' dir='ltr'><strong>qui</strong></span> <span class='ocrx_word' id='word_1_601' title='bbox 646 5007 829 5084; x_wconf 82' lang='lat' dir='ltr'><strong>construxit3</strong></span> <span class='ocrx_word' id='word_1_602' title='bbox 879 5005 1037 5067; x_wconf 83' lang='lat' dir='ltr'><strong>uberrime</strong></span> <span class='ocrx_word' id='word_1_603' title='bbox 1047 5004 1378 5082; x_wconf 88' lang='lat' dir='ltr'><strong>disputantar;acncn</strong></span> <span class='ocrx_word' id='word_1_604' title='bbox 1388 4998 1643 5070; x_wconf 90' lang='lat' dir='ltr'><strong>orationesolum,</strong></span> 
     </span>
     <span class='ocr_line' id='line_1_51' title="bbox 90 5081 1646 5177; baseline 0.002 -30"><span class='ocrx_word' id='word_1_605' title='bbox 90 5081 281 5152; x_wconf 73' lang='lat' dir='ltr'><strong>inhominem</strong></span> <span class='ocrx_word' id='word_1_606' title='bbox 304 5091 414 5152; x_wconf 88' lang='lat' dir='ltr'><strong>eadem</strong></span> <span class='ocrx_word' id='word_1_607' title='bbox 438 5092 565 5172; x_wconf 89' lang='lat' dir='ltr'><strong>optime,</strong></span> <span class='ocrx_word' id='word_1_608' title='bbox 581 5112 652 5173; x_wconf 88' lang='lat' dir='ltr'><strong>que</strong></span> <span class='ocrx_word' id='word_1_609' title='bbox 676 5099 830 5177; x_wconf 87' lang='lat' dir='ltr'><strong>congluti-</strong></span> <span class='ocrx_word' id='word_1_610' title='bbox 879 5096 1031 5159; x_wconf 87' lang='lat' dir='ltr'><strong>sedfactis</strong></span> <span class='ocrx_word' id='word_1_611' title='bbox 1052 5094 1190 5174; x_wconf 83' lang='lat' dir='ltr'><strong>insuper,</strong></span> <span class='ocrx_word' id='word_1_612' title='bbox 1218 5101 1249 5154; x_wconf 92' lang='lat' dir='ltr'><strong>et</strong></span> <span class='ocrx_word' id='word_1_613' title='bbox 1281 5092 1431 5171; x_wconf 81' lang='lat' dir='ltr'><strong>exemplis</strong></span> <span class='ocrx_word' id='word_1_614' title='bbox 1465 5095 1646 5152; x_wconf 86' lang='lat' dir='ltr'><strong>asseruntur</strong></span> 
     </span>
     <span class='ocr_line' id='line_1_52' title="bbox 90 5177 1646 5263; baseline -0.008 -11"><span class='ocrx_word' id='word_1_615' title='bbox 90 5177 167 5252; x_wconf 64' lang='lat' dir='ltr'><strong>”Aliis</strong></span> <span class='ocrx_word' id='word_1_616' title='bbox 181 5188 288 5244; x_wconf 70' lang='lat' dir='ltr'><strong>natura</strong></span> <span class='ocrx_word' id='word_1_617' title='bbox 300 5182 481 5245; x_wconf 69' lang='lat' dir='ltr'><strong>dissolvit»</strong></span> <span class='ocrx_word' id='word_1_618' title='bbox 879 5187 1056 5251; x_wconf 74' lang='lat' dir='ltr'><strong>amborum.</strong></span> <span class='ocrx_word' id='word_1_619' title='bbox 1084 5187 1158 5260; x_wconf 85' lang='lat' dir='ltr'><strong>Que</strong></span> <span class='ocrx_word' id='word_1_620' title='bbox 1183 5183 1319 5263; x_wconf 82' lang='lat' dir='ltr'><strong>proiecto</strong></span> <span class='ocrx_word' id='word_1_621' title='bbox 1346 5182 1456 5243; x_wconf 74' lang='lat' dir='ltr'><strong>frivola</strong></span> <span class='ocrx_word' id='word_1_622' title='bbox 1480 5190 1592 5255; x_wconf 88' lang='lat' dir='ltr'><strong>essent,</strong></span> <span class='ocrx_word' id='word_1_623' title='bbox 1614 5184 1646 5239; x_wconf 93' lang='lat' dir='ltr'><strong>et</strong></span> 
     </span>
     <span class='ocr_line' id='line_1_53' title="bbox 102 5267 1645 5367; baseline -0.006 -27"><span class='ocrx_word' id='word_1_624' title='bbox 102 5267 192 5367; x_wconf 33' lang='lat' dir='ltr'><strong>,Xllt</strong></span> <span class='ocrx_word' id='word_1_625' title='bbox 212 5275 360 5348; x_wconf 85' lang='lat' dir='ltr'><strong>Quocirca</strong></span> <span class='ocrx_word' id='word_1_626' title='bbox 382 5281 510 5337; x_wconf 87' lang='lat' dir='ltr'><strong>nonest</strong></span> <span class='ocrx_word' id='word_1_627' title='bbox 527 5279 637 5340; x_wconf 89' lang='lat' dir='ltr'><strong>mortis</strong></span> <span class='ocrx_word' id='word_1_628' title='bbox 652 5282 828 5360; x_wconf 88' lang='lat' dir='ltr'><strong>necessitas,</strong></span> <span class='ocrx_word' id='word_1_629' title='bbox 879 5279 1022 5354; x_wconf 87' lang='lat' dir='ltr'><strong>ridicula,</strong></span> <span class='ocrx_word' id='word_1_630' title='bbox 1053 5279 1079 5339; x_wconf 91' lang='lat' dir='ltr'><strong>si</strong></span> <span class='ocrx_word' id='word_1_631' title='bbox 1105 5296 1142 5339; x_wconf 89' lang='lat' dir='ltr'><strong>ea</strong></span> <span class='ocrx_word' id='word_1_632' title='bbox 1161 5277 1208 5339; x_wconf 84' lang='lat' dir='ltr'><strong>ris</strong></span> <span class='ocrx_word' id='word_1_633' title='bbox 1235 5275 1415 5355; x_wconf 88' lang='lat' dir='ltr'><strong>prementis,</strong></span> <span class='ocrx_word' id='word_1_634' title='bbox 1442 5279 1474 5334; x_wconf 90' lang='lat' dir='ltr'><strong>et</strong></span> <span class='ocrx_word' id='word_1_635' title='bbox 1500 5271 1645 5332; x_wconf 81' lang='lat' dir='ltr'><strong>violente</strong></span> 
     </span>
     <span class='ocr_line' id='line_1_54' title="bbox 90 5361 1647 5445; baseline 0.005 -31"><span class='ocrx_word' id='word_1_636' title='bbox 90 5371 143 5419; x_wconf 82' lang='lat' dir='ltr'><strong>ure</strong></span> <span class='ocrx_word' id='word_1_637' title='bbox 157 5371 184 5425; x_wconf 71' lang='lat' dir='ltr'><strong>rt</strong></span> <span class='ocrx_word' id='word_1_638' title='bbox 198 5373 292 5445; x_wconf 58' lang='lat' dir='ltr'><strong>basta,</strong></span> <span class='ocrx_word' id='word_1_639' title='bbox 311 5365 484 5428; x_wconf 87' lang='lat' dir='ltr'><strong>violentum</strong></span> <span class='ocrx_word' id='word_1_640' title='bbox 507 5367 641 5433; x_wconf 85' lang='lat' dir='ltr'><strong>homini.</strong></span> <span class='ocrx_word' id='word_1_641' title='bbox 665 5373 730 5435; x_wconf 90' lang='lat' dir='ltr'><strong>Nisi</strong></span> <span class='ocrx_word' id='word_1_642' title='bbox 751 5373 831 5437; x_wconf 88' lang='lat' dir='ltr'><strong>forte</strong></span> <span class='ocrx_word' id='word_1_643' title='bbox 880 5370 1068 5437; x_wconf 86' lang='lat' dir='ltr'><strong>necessitatis</strong></span> <span class='ocrx_word' id='word_1_644' title='bbox 1079 5374 1168 5445; x_wconf 88' lang='lat' dir='ltr'><strong>esset,</strong></span> <span class='ocrx_word' id='word_1_645' title='bbox 1183 5372 1220 5429; x_wconf 87' lang='lat' dir='ltr'><strong>ut</strong></span> <span class='ocrx_word' id='word_1_646' title='bbox 1232 5366 1357 5429; x_wconf 88' lang='lat' dir='ltr'><strong>nonnisi</strong></span> <span class='ocrx_word' id='word_1_647' title='bbox 1370 5365 1409 5426; x_wconf 89' lang='lat' dir='ltr'><strong>ab</strong></span> <span class='ocrx_word' id='word_1_648' title='bbox 1427 5363 1530 5425; x_wconf 85' lang='lat' dir='ltr'><strong>invitis</strong></span> <span class='ocrx_word' id='word_1_649' title='bbox 1546 5361 1647 5441; x_wconf 87' lang='lat' dir='ltr'><strong>excipi</strong></span> 
     </span>
    </p>
   </div>
   <div class='ocr_carea' id='block_1_3' title="bbox 110 5543 722 5612">
    <p class='ocr_par' dir='ltr' id='par_1_3' title="bbox 110 5543 722 5612">
     <span class='ocr_line' id='line_1_55' title="bbox 110 5543 722 5612; baseline 0.028 -25"><span class='ocrx_word' id='word_1_650' title='bbox 110 5543 184 5604; x_wconf 69' lang='lat' dir='ltr'><strong>stru.</strong></span> <span class='ocrx_word' id='word_1_651' title='bbox 194 5553 264 5599; x_wconf 62' lang='lat' dir='ltr'><strong>uas.</strong></span> <span class='ocrx_word' id='word_1_652' title='bbox 279 5551 383 5599; x_wconf 75' lang='lat' dir='ltr'><strong>raa-s</strong></span> <span class='ocrx_word' id='word_1_653' title='bbox 394 5551 497 5610; x_wconf 68' lang='lat' dir='ltr'><strong>Porphyr.</strong></span> <span class='ocrx_word' id='word_1_654' title='bbox 510 5553 568 5611; x_wconf 77' lang='lat' dir='ltr'><strong>laag.</strong></span> <span class='ocrx_word' id='word_1_655' title='bbox 579 5566 598 5599; x_wconf 90' lang='lat' dir='ltr'><strong>o.</strong></span> <span class='ocrx_word' id='word_1_656' title='bbox 610 5555 637 5602; x_wconf 77' lang='lat' dir='ltr'><strong>ts</strong></span> <span class='ocrx_word' id='word_1_657' title='bbox 645 5557 722 5612; x_wconf 65' lang='lat' dir='ltr'><strong>differ.</strong></span> 
     </span>
    </p>
   </div>
   <div class='ocr_carea' id='block_1_4' title="bbox 0 0 1985 6164">
    <p class='ocr_par' dir='ltr' id='par_1_4' title="bbox 0 0 1985 6164">
     <span class='ocr_line' id='line_1_56' title="bbox 0 0 1985 6164; baseline 0 0"><span class='ocrx_word' id='word_1_658' title='bbox 0 0 1985 6164; x_wconf 95' lang='lat' dir='ltr'><strong> </strong></span> 
     </span>
    </p>
   </div>
  </div>
 </body>
</html>
