<?xml version="1.0" encoding="UTF-8"?>
<!DOCTYPE html PUBLIC "-//W3C//DTD XHTML 1.0 Transitional//EN"
    "http://www.w3.org/TR/xhtml1/DTD/xhtml1-transitional.dtd">
<html xmlns="http://www.w3.org/1999/xhtml" xml:lang="en" lang="en">
 <head>
  <title>
</title>
<meta http-equiv="Content-Type" content="text/html;charset=utf-8" />
  <meta name='ocr-system' content='tesseract 3.04.00' />
  <meta name='ocr-capabilities' content='ocr_page ocr_carea ocr_par ocr_line ocrx_word'/>
</head>
<body>
  <div class='ocr_page' id='page_1' title='image "./dogmatatheologi00goog_0592.png"; bbox 0 0 4004 6168; ppageno 0'>
   <div class='ocr_carea' id='block_1_1' title="bbox 611 320 1656 392">
    <p class='ocr_par' dir='ltr' id='par_1_1' title="bbox 611 320 1656 392">
     <span class='ocr_line' id='line_1_1' title="bbox 611 320 1656 392; baseline 0.006 -6"><span class='ocrx_word' id='word_1_1' title='bbox 611 324 661 386; x_wconf 84' lang='lat' dir='ltr'>DE</span> <span class='ocrx_word' id='word_1_2' title='bbox 681 320 842 386; x_wconf 85' lang='lat' dir='ltr'>OPIFlGlO</span> <span class='ocrx_word' id='word_1_3' title='bbox 863 320 937 385; x_wconf 87' lang='lat' dir='ltr'>SEX</span> <span class='ocrx_word' id='word_1_4' title='bbox 957 323 1118 389; x_wconf 78' lang='lat' dir='ltr'><strong>DIERUM.</strong></span> <span class='ocrx_word' id='word_1_5' title='bbox 1595 332 1656 392; x_wconf 71' lang='lat' dir='ltr'>tid</span> 
     </span>
    </p>
   </div>
   <div class='ocr_carea' id='block_1_2' title="bbox 23 484 1746 5161">
    <p class='ocr_par' dir='ltr' id='par_1_2' title="bbox 23 484 1715 4061">
     <span class='ocr_line' id='line_1_2' title="bbox 68 484 1657 569; baseline 0.003 -22"><span class='ocrx_word' id='word_1_6' title='bbox 68 484 160 547; x_wconf 89' lang='lat' dir='ltr'>illum</span> <span class='ocrx_word' id='word_1_7' title='bbox 173 504 234 549; x_wconf 86' lang='lat' dir='ltr'>nec</span> <span class='ocrx_word' id='word_1_8' title='bbox 245 485 337 561; x_wconf 75' lang='lat' dir='ltr'>velle,</span> <span class='ocrx_word' id='word_1_9' title='bbox 351 504 410 549; x_wconf 91' lang='lat' dir='ltr'>nec</span> <span class='ocrx_word' id='word_1_10' title='bbox 422 485 516 561; x_wconf 89' lang='lat' dir='ltr'>nolle,</span> <span class='ocrx_word' id='word_1_11' title='bbox 530 503 589 549; x_wconf 89' lang='lat' dir='ltr'>nec</span> <span class='ocrx_word' id='word_1_12' title='bbox 601 486 766 566; x_wconf 89' lang='lat' dir='ltr'>imperare,</span> <span class='ocrx_word' id='word_1_13' title='bbox 782 503 841 547; x_wconf 89' lang='lat' dir='ltr'>nec</span> <span class='ocrx_word' id='word_1_14' title='bbox 889 485 965 564; x_wconf 92' lang='lat' dir='ltr'>quid</span> <span class='ocrx_word' id='word_1_15' title='bbox 985 495 1041 563; x_wconf 85' lang='lat' dir='ltr'>cst,</span> <span class='ocrx_word' id='word_1_16' title='bbox 1057 487 1141 568; x_wconf 94' lang='lat' dir='ltr'>quod</span> <span class='ocrx_word' id='word_1_17' title='bbox 1163 486 1292 550; x_wconf 75' lang='lat' dir='ltr'>facultas</span> <span class='ocrx_word' id='word_1_18' title='bbox 1310 486 1374 562; x_wconf 87' lang='lat' dir='ltr'>illa,</span> <span class='ocrx_word' id='word_1_19' title='bbox 1390 505 1461 568; x_wconf 79' lang='lat' dir='ltr'>que</span> <span class='ocrx_word' id='word_1_20' title='bbox 1484 490 1657 569; x_wconf 82' lang='lat' dir='ltr'>movendis,</span> 
     </span>
     <span class='ocr_line' id='line_1_3' title="bbox 68 577 1660 660; baseline 0.004 -21"><span class='ocrx_word' id='word_1_21' title='bbox 68 578 237 658; x_wconf 88' lang='lat' dir='ltr'>prohibere</span> <span class='ocrx_word' id='word_1_22' title='bbox 271 579 351 658; x_wconf 89' lang='lat' dir='ltr'>potis</span> <span class='ocrx_word' id='word_1_23' title='bbox 383 583 430 640; x_wconf 86' lang='lat' dir='ltr'>est</span> <span class='ocrx_word' id='word_1_24' title='bbox 462 577 575 640; x_wconf 89' lang='lat' dir='ltr'>adhuc.</span> <span class='ocrx_word' id='word_1_25' title='bbox 613 579 721 657; x_wconf 86' lang='lat' dir='ltr'>Neque</span> <span class='ocrx_word' id='word_1_26' title='bbox 746 595 838 655; x_wconf 86' lang='lat' dir='ltr'>vero,</span> <span class='ocrx_word' id='word_1_27' title='bbox 888 579 1091 659; x_wconf 74' lang='lat' dir='ltr'>regendisque</span> <span class='ocrx_word' id='word_1_28' title='bbox 1119 580 1257 660; x_wconf 88' lang='lat' dir='ltr'>corporis</span> <span class='ocrx_word' id='word_1_29' title='bbox 1276 580 1435 657; x_wconf 90' lang='lat' dir='ltr'>membris,</span> <span class='ocrx_word' id='word_1_30' title='bbox 1459 581 1602 644; x_wconf 85' lang='lat' dir='ltr'>ministra</span> <span class='ocrx_word' id='word_1_31' title='bbox 1627 587 1660 645; x_wconf 90' lang='lat' dir='ltr'>ct</span> 
     </span>
     <span class='ocr_line' id='line_1_4' title="bbox 67 668 1660 752; baseline 0.004 -21"><span class='ocrx_word' id='word_1_32' title='bbox 67 670 198 748; x_wconf 88' lang='lat' dir='ltr'>quando</span> <span class='ocrx_word' id='word_1_33' title='bbox 205 670 334 733; x_wconf 76' lang='lat' dir='ltr'>inferior</span> <span class='ocrx_word' id='word_1_34' title='bbox 342 671 498 751; x_wconf 87' lang='lat' dir='ltr'>appetitus</span> <span class='ocrx_word' id='word_1_35' title='bbox 511 675 557 731; x_wconf 89' lang='lat' dir='ltr'>est</span> <span class='ocrx_word' id='word_1_36' title='bbox 565 688 603 731; x_wconf 91' lang='lat' dir='ltr'>eo</span> <span class='ocrx_word' id='word_1_37' title='bbox 614 670 729 745; x_wconf 89' lang='lat' dir='ltr'>loci,ut</span> <span class='ocrx_word' id='word_1_38' title='bbox 737 668 841 749; x_wconf 89' lang='lat' dir='ltr'>ipsum</span> <span class='ocrx_word' id='word_1_39' title='bbox 889 670 1020 744; x_wconf 90' lang='lat' dir='ltr'>satelles,</span> <span class='ocrx_word' id='word_1_40' title='bbox 1037 677 1074 733; x_wconf 89' lang='lat' dir='ltr'>ut</span> <span class='ocrx_word' id='word_1_41' title='bbox 1097 673 1189 752; x_wconf 86' lang='lat' dir='ltr'>vulgo</span> <span class='ocrx_word' id='word_1_42' title='bbox 1201 672 1317 750; x_wconf 87' lang='lat' dir='ltr'>ferunt,</span> <span class='ocrx_word' id='word_1_43' title='bbox 1331 673 1483 735; x_wconf 87' lang='lat' dir='ltr'>voluntati</span> <span class='ocrx_word' id='word_1_44' title='bbox 1496 673 1569 736; x_wconf 88' lang='lat' dir='ltr'>data</span> <span class='ocrx_word' id='word_1_45' title='bbox 1581 681 1660 737; x_wconf 84' lang='lat' dir='ltr'>esta</span> 
     </span>
     <span class='ocr_line' id='line_1_5' title="bbox 68 761 1661 846; baseline 0.004 -25"><span class='ocrx_word' id='word_1_46' title='bbox 68 762 260 824; x_wconf 50' lang='lat' dir='ltr'>&amp;cannulis</span> <span class='ocrx_word' id='word_1_47' title='bbox 268 763 446 842; x_wconf 89' lang='lat' dir='ltr'>propensio,</span> <span class='ocrx_word' id='word_1_48' title='bbox 461 767 493 823; x_wconf 89' lang='lat' dir='ltr'>et</span> <span class='ocrx_word' id='word_1_49' title='bbox 504 780 554 824; x_wconf 89' lang='lat' dir='ltr'>res</span> <span class='ocrx_word' id='word_1_50' title='bbox 567 761 688 841; x_wconf 85' lang='lat' dir='ltr'>objecta</span> <span class='ocrx_word' id='word_1_51' title='bbox 701 761 841 823; x_wconf 76' lang='lat' dir='ltr'>sensibus</span> <span class='ocrx_word' id='word_1_52' title='bbox 888 769 1012 839; x_wconf 86' lang='lat' dir='ltr'>natura,</span> <span class='ocrx_word' id='word_1_53' title='bbox 1028 764 1067 825; x_wconf 90' lang='lat' dir='ltr'>ad</span> <span class='ocrx_word' id='word_1_54' title='bbox 1081 764 1209 845; x_wconf 86' lang='lat' dir='ltr'>ejusque</span> <span class='ocrx_word' id='word_1_55' title='bbox 1222 771 1333 826; x_wconf 87' lang='lat' dir='ltr'>nutum</span> <span class='ocrx_word' id='word_1_56' title='bbox 1357 770 1459 846; x_wconf 87' lang='lat' dir='ltr'>partes</span> <span class='ocrx_word' id='word_1_57' title='bbox 1481 782 1591 827; x_wconf 90' lang='lat' dir='ltr'>omnes</span> <span class='ocrx_word' id='word_1_58' title='bbox 1612 771 1661 829; x_wconf 89' lang='lat' dir='ltr'>tot</span> 
     </span>
     <span class='ocr_line' id='line_1_6' title="bbox 68 852 1657 937; baseline 0.002 -22"><span class='ocrx_word' id='word_1_59' title='bbox 68 859 198 932; x_wconf 80' lang='lat' dir='ltr'>urgeat3</span> <span class='ocrx_word' id='word_1_60' title='bbox 226 854 295 916; x_wconf 85' lang='lat' dir='ltr'>fleri</span> <span class='ocrx_word' id='word_1_61' title='bbox 314 858 425 933; x_wconf 82' lang='lat' dir='ltr'>potest,</span> <span class='ocrx_word' id='word_1_62' title='bbox 455 861 491 916; x_wconf 89' lang='lat' dir='ltr'>ut</span> <span class='ocrx_word' id='word_1_63' title='bbox 515 872 628 934; x_wconf 88' lang='lat' dir='ltr'>anceps</span> <span class='ocrx_word' id='word_1_64' title='bbox 651 853 695 913; x_wconf 90' lang='lat' dir='ltr'>ibi</span> <span class='ocrx_word' id='word_1_65' title='bbox 720 852 841 914; x_wconf 86' lang='lat' dir='ltr'>tamdiu</span> <span class='ocrx_word' id='word_1_66' title='bbox 889 855 991 915; x_wconf 88' lang='lat' dir='ltr'>modis</span> <span class='ocrx_word' id='word_1_67' title='bbox 1003 854 1108 930; x_wconf 87' lang='lat' dir='ltr'>flectit,</span> <span class='ocrx_word' id='word_1_68' title='bbox 1124 861 1320 937; x_wconf 77' lang='lat' dir='ltr'>contorquet,</span> <span class='ocrx_word' id='word_1_69' title='bbox 1335 856 1477 937; x_wconf 87' lang='lat' dir='ltr'>porrigit,</span> <span class='ocrx_word' id='word_1_70' title='bbox 1492 857 1657 935; x_wconf 75' lang='lat' dir='ltr'>conuehit3</span> 
     </span>
     <span class='ocr_line' id='line_1_7' title="bbox 68 946 1660 1029; baseline 0.003 -23"><span class='ocrx_word' id='word_1_71' title='bbox 68 946 217 1025; x_wconf 86' lang='lat' dir='ltr'>pendeat,</span> <span class='ocrx_word' id='word_1_72' title='bbox 240 951 473 1025; x_wconf 87' lang='lat' dir='ltr'>cuncteturque,</span> <span class='ocrx_word' id='word_1_73' title='bbox 495 948 570 1008; x_wconf 88' lang='lat' dir='ltr'>dum</span> <span class='ocrx_word' id='word_1_74' title='bbox 582 946 735 1008; x_wconf 82' lang='lat' dir='ltr'>voluntati</span> <span class='ocrx_word' id='word_1_75' title='bbox 747 964 840 1025; x_wconf 82' lang='lat' dir='ltr'>expe-</span> <span class='ocrx_word' id='word_1_76' title='bbox 889 946 965 1024; x_wconf 91' lang='lat' dir='ltr'>quid</span> <span class='ocrx_word' id='word_1_77' title='bbox 979 952 1035 1024; x_wconf 89' lang='lat' dir='ltr'>est,</span> <span class='ocrx_word' id='word_1_78' title='bbox 1048 948 1189 1027; x_wconf 91' lang='lat' dir='ltr'>inquam,</span> <span class='ocrx_word' id='word_1_79' title='bbox 1205 948 1289 1029; x_wconf 79' lang='lat' dir='ltr'>qrrod</span> <span class='ocrx_word' id='word_1_80' title='bbox 1303 967 1340 1010; x_wconf 91' lang='lat' dir='ltr'>ea</span> <span class='ocrx_word' id='word_1_81' title='bbox 1352 947 1491 1024; x_wconf 68' lang='lat' dir='ltr'>tarmus,</span> <span class='ocrx_word' id='word_1_82' title='bbox 1505 948 1605 1028; x_wconf 90' lang='lat' dir='ltr'>ipsam</span> <span class='ocrx_word' id='word_1_83' title='bbox 1624 949 1660 1010; x_wconf 89' lang='lat' dir='ltr'>in</span> 
     </span>
     <span class='ocr_line' id='line_1_8' title="bbox 67 1036 1660 1119; baseline 0.004 -22"><span class='ocrx_word' id='word_1_84' title='bbox 67 1036 171 1098; x_wconf 90' lang='lat' dir='ltr'>ditum</span> <span class='ocrx_word' id='word_1_85' title='bbox 186 1037 238 1112; x_wconf 90' lang='lat' dir='ltr'>sit,</span> <span class='ocrx_word' id='word_1_86' title='bbox 253 1056 290 1099; x_wconf 90' lang='lat' dir='ltr'>ea</span> <span class='ocrx_word' id='word_1_87' title='bbox 306 1038 345 1100; x_wconf 90' lang='lat' dir='ltr'>de</span> <span class='ocrx_word' id='word_1_88' title='bbox 358 1056 393 1099; x_wconf 91' lang='lat' dir='ltr'>re</span> <span class='ocrx_word' id='word_1_89' title='bbox 411 1038 529 1117; x_wconf 89' lang='lat' dir='ltr'>aliquid</span> <span class='ocrx_word' id='word_1_90' title='bbox 544 1038 604 1119; x_wconf 88' lang='lat' dir='ltr'>ipsi</span> <span class='ocrx_word' id='word_1_91' title='bbox 623 1037 838 1118; x_wconf 77' lang='lat' dir='ltr'>prescribere,</span> <span class='ocrx_word' id='word_1_92' title='bbox 889 1043 978 1100; x_wconf 87' lang='lat' dir='ltr'>motu</span> <span class='ocrx_word' id='word_1_93' title='bbox 1000 1057 1065 1102; x_wconf 89' lang='lat' dir='ltr'>esse</span> <span class='ocrx_word' id='word_1_94' title='bbox 1089 1040 1234 1102; x_wconf 85' lang='lat' dir='ltr'>voluntas</span> <span class='ocrx_word' id='word_1_95' title='bbox 1255 1041 1425 1102; x_wconf 90' lang='lat' dir='ltr'>sitantum</span> <span class='ocrx_word' id='word_1_96' title='bbox 1449 1040 1538 1117; x_wconf 89' lang='lat' dir='ltr'>nolit,</span> <span class='ocrx_word' id='word_1_97' title='bbox 1558 1040 1660 1103; x_wconf 88' lang='lat' dir='ltr'>subito</span> 
     </span>
     <span class='ocr_line' id='line_1_9' title="bbox 68 1127 1661 1212; baseline 0.004 -24"><span class='ocrx_word' id='word_1_98' title='bbox 68 1127 255 1210; x_wconf 88' lang='lat' dir='ltr'>lapsumque</span> <span class='ocrx_word' id='word_1_99' title='bbox 270 1130 409 1205; x_wconf 83' lang='lat' dir='ltr'>decreto,</span> <span class='ocrx_word' id='word_1_100' title='bbox 425 1131 649 1210; x_wconf 85' lang='lat' dir='ltr'>interdictaque</span> <span class='ocrx_word' id='word_1_101' title='bbox 670 1148 743 1207; x_wconf 91' lang='lat' dir='ltr'>suo,</span> <span class='ocrx_word' id='word_1_102' title='bbox 757 1130 842 1191; x_wconf 78' lang='lat' dir='ltr'>velut</span> <span class='ocrx_word' id='word_1_103' title='bbox 890 1136 996 1205; x_wconf 86' lang='lat' dir='ltr'>cesset,</span> <span class='ocrx_word' id='word_1_104' title='bbox 1012 1150 1048 1194; x_wconf 88' lang='lat' dir='ltr'>ae</span> <span class='ocrx_word' id='word_1_105' title='bbox 1061 1131 1145 1194; x_wconf 87' lang='lat' dir='ltr'>dicto</span> <span class='ocrx_word' id='word_1_106' title='bbox 1158 1132 1290 1212; x_wconf 85' lang='lat' dir='ltr'>pareat?</span> <span class='ocrx_word' id='word_1_107' title='bbox 1304 1133 1387 1195; x_wconf 86' lang='lat' dir='ltr'>illud</span> <span class='ocrx_word' id='word_1_108' title='bbox 1400 1138 1446 1194; x_wconf 90' lang='lat' dir='ltr'>est</span> <span class='ocrx_word' id='word_1_109' title='bbox 1458 1152 1466 1193; x_wconf 90' lang='lat'>:</span> <span class='ocrx_word' id='word_1_110' title='bbox 1477 1139 1581 1194; x_wconf 91' lang='lat' dir='ltr'>motus</span> <span class='ocrx_word' id='word_1_111' title='bbox 1591 1152 1661 1194; x_wconf 90' lang='lat' dir='ltr'>aau-</span> 
     </span>
     <span class='ocr_line' id='line_1_10' title="bbox 68 1221 1715 1315; baseline 0.002 -33"><span class='ocrx_word' id='word_1_112' title='bbox 68 1221 200 1284; x_wconf 90' lang='lat' dir='ltr'>admota</span> <span class='ocrx_word' id='word_1_113' title='bbox 219 1240 337 1299; x_wconf 89' lang='lat' dir='ltr'>manu,</span> <span class='ocrx_word' id='word_1_114' title='bbox 364 1222 516 1285; x_wconf 88' lang='lat' dir='ltr'>inhibere.</span> <span class='ocrx_word' id='word_1_115' title='bbox 540 1223 620 1283; x_wconf 91' lang='lat' dir='ltr'>Nam</span> <span class='ocrx_word' id='word_1_116' title='bbox 642 1240 711 1302; x_wconf 80' lang='lat' dir='ltr'>quae</span> <span class='ocrx_word' id='word_1_117' title='bbox 737 1223 841 1300; x_wconf 89' lang='lat' dir='ltr'>ipsum</span> <span class='ocrx_word' id='word_1_118' title='bbox 890 1239 969 1299; x_wconf 91' lang='lat' dir='ltr'>sam,</span> <span class='ocrx_word' id='word_1_119' title='bbox 983 1224 1034 1284; x_wconf 79' lang='lat' dir='ltr'>rel</span> <span class='ocrx_word' id='word_1_120' title='bbox 1045 1241 1145 1287; x_wconf 83' lang='lat' dir='ltr'>causac</span> <span class='ocrx_word' id='word_1_121' title='bbox 1160 1224 1542 1304; x_wconf 82' lang='lat' dir='ltr'>partemtollitvolnntas,</span> <span class='ocrx_word' id='word_1_122' title='bbox 1558 1225 1660 1305; x_wconf 89' lang='lat' dir='ltr'>impe-</span> <span class='ocrx_word' id='word_1_123' title='bbox 1708 1296 1715 1315; x_wconf 39' lang='lat'>‚</span> 
     </span>
     <span class='ocr_line' id='line_1_11' title="bbox 23 1312 1659 1393; baseline 0.002 -19"><span class='ocrx_word' id='word_1_124' title='bbox 23 1332 26 1337; x_wconf 74' lang='grc'><strong>’</strong></span> <span class='ocrx_word' id='word_1_125' title='bbox 68 1312 192 1375; x_wconf 87' lang='lat' dir='ltr'>interea</span> <span class='ocrx_word' id='word_1_126' title='bbox 205 1314 353 1376; x_wconf 89' lang='lat' dir='ltr'>naturalis</span> <span class='ocrx_word' id='word_1_127' title='bbox 362 1315 842 1393; x_wconf 81' lang='lat' dir='ltr'>causaitasuspensumteneretl</span> <span class='ocrx_word' id='word_1_128' title='bbox 889 1314 1011 1375; x_wconf 89' lang='lat' dir='ltr'>riumsi</span> <span class='ocrx_word' id='word_1_129' title='bbox 1026 1320 1149 1377; x_wconf 89' lang='lat' dir='ltr'>tantum</span> <span class='ocrx_word' id='word_1_130' title='bbox 1162 1322 1285 1379; x_wconf 88' lang='lat' dir='ltr'>revocet</span> <span class='ocrx_word' id='word_1_131' title='bbox 1297 1323 1659 1393; x_wconf 76' lang='lat' dir='ltr'>suumzrevocetautem,</span> 
     </span>
     <span class='ocr_line' id='line_1_12' title="bbox 69 1406 1663 1487; baseline 0.004 -20"><span class='ocrx_word' id='word_1_132' title='bbox 69 1406 143 1480; x_wconf 80' lang='lat' dir='ltr'>Quae</span> <span class='ocrx_word' id='word_1_133' title='bbox 160 1408 212 1467; x_wconf 86' lang='lat' dir='ltr'>vis</span> <span class='ocrx_word' id='word_1_134' title='bbox 224 1407 313 1468; x_wconf 89' lang='lat' dir='ltr'>illum</span> <span class='ocrx_word' id='word_1_135' title='bbox 332 1408 437 1468; x_wconf 85' lang='lat' dir='ltr'>nativo</span> <span class='ocrx_word' id='word_1_136' title='bbox 452 1407 600 1486; x_wconf 88' lang='lat' dir='ltr'>pondere,</span> <span class='ocrx_word' id='word_1_137' title='bbox 616 1412 708 1486; x_wconf 81' lang='lat' dir='ltr'>atque</span> <span class='ocrx_word' id='word_1_138' title='bbox 722 1407 842 1487; x_wconf 86' lang='lat' dir='ltr'>impeta</span> <span class='ocrx_word' id='word_1_139' title='bbox 891 1424 961 1467; x_wconf 89' lang='lat' dir='ltr'>eam</span> <span class='ocrx_word' id='word_1_140' title='bbox 974 1408 1093 1470; x_wconf 84' lang='lat' dir='ltr'>moveri</span> <span class='ocrx_word' id='word_1_141' title='bbox 1106 1409 1267 1470; x_wconf 90' lang='lat' dir='ltr'>sitantum</span> <span class='ocrx_word' id='word_1_142' title='bbox 1290 1410 1379 1473; x_wconf 88' lang='lat' dir='ltr'>nolit.</span> <span class='ocrx_word' id='word_1_143' title='bbox 1404 1411 1663 1479; x_wconf 65' lang='lat' dir='ltr'>contraversa</span> 
     </span>
     <span class='ocr_line' id='line_1_13' title="bbox 68 1497 1662 1583; baseline 0.004 -24"><span class='ocrx_word' id='word_1_144' title='bbox 68 1497 842 1579; x_wconf 79' lang='lat' dir='ltr'>trahi‚rapiquenonsineretlNumqrddvolnntast</span> <span class='ocrx_word' id='word_1_145' title='bbox 890 1500 1001 1563; x_wconf 87' lang='lat' dir='ltr'>eadem</span> <span class='ocrx_word' id='word_1_146' title='bbox 1023 1502 1282 1572; x_wconf 75' lang='lat' dir='ltr'>stomachamur</span> <span class='ocrx_word' id='word_1_147' title='bbox 1306 1501 1438 1563; x_wconf 85' lang='lat' dir='ltr'>subinde</span> <span class='ocrx_word' id='word_1_148' title='bbox 1460 1501 1662 1583; x_wconf 72' lang='lat' dir='ltr'>alvumque</span> 
     </span>
     <span class='ocr_line' id='line_1_14' title="bbox 70 1590 1662 1671; baseline 0.004 -21"><span class='ocrx_word' id='word_1_149' title='bbox 70 1596 100 1650; x_wconf 91' lang='lat' dir='ltr'>at</span> <span class='ocrx_word' id='word_1_150' title='bbox 122 1590 213 1667; x_wconf 75' lang='lat' dir='ltr'>hasar,</span> <span class='ocrx_word' id='word_1_151' title='bbox 237 1597 405 1670; x_wconf 89' lang='lat' dir='ltr'>antequam</span> <span class='ocrx_word' id='word_1_152' title='bbox 420 1597 602 1670; x_wconf 89' lang='lat' dir='ltr'>promptum</span> <span class='ocrx_word' id='word_1_153' title='bbox 615 1590 677 1669; x_wconf 88' lang='lat' dir='ltr'>ipsi</span> <span class='ocrx_word' id='word_1_154' title='bbox 698 1591 737 1651; x_wconf 91' lang='lat' dir='ltr'>sit</span> <span class='ocrx_word' id='word_1_155' title='bbox 749 1591 839 1670; x_wconf 88' lang='lat' dir='ltr'>velle,</span> <span class='ocrx_word' id='word_1_156' title='bbox 890 1609 962 1671; x_wconf 88' lang='lat' dir='ltr'>pers</span> <span class='ocrx_word' id='word_1_157' title='bbox 994 1592 1131 1671; x_wconf 83' lang='lat' dir='ltr'>subjecta</span> <span class='ocrx_word' id='word_1_158' title='bbox 1163 1594 1323 1656; x_wconf 76' lang='lat' dir='ltr'>stomacho</span> <span class='ocrx_word' id='word_1_159' title='bbox 1357 1599 1413 1671; x_wconf 88' lang='lat' dir='ltr'>cst,</span> <span class='ocrx_word' id='word_1_160' title='bbox 1449 1593 1553 1654; x_wconf 90' lang='lat' dir='ltr'>cibum</span> <span class='ocrx_word' id='word_1_161' title='bbox 1587 1594 1662 1657; x_wconf 88' lang='lat' dir='ltr'>illuc</span> 
     </span>
     <span class='ocr_line' id='line_1_15' title="bbox 69 1682 1663 1765; baseline 0.003 -22"><span class='ocrx_word' id='word_1_162' title='bbox 69 1683 118 1743; x_wconf 83' lang='lat' dir='ltr'>rel</span> <span class='ocrx_word' id='word_1_163' title='bbox 139 1683 241 1759; x_wconf 89' lang='lat' dir='ltr'>nolle,</span> <span class='ocrx_word' id='word_1_164' title='bbox 266 1684 305 1744; x_wconf 90' lang='lat' dir='ltr'>ad</span> <span class='ocrx_word' id='word_1_165' title='bbox 325 1701 394 1746; x_wconf 92' lang='lat' dir='ltr'>rem</span> <span class='ocrx_word' id='word_1_166' title='bbox 413 1683 500 1744; x_wconf 89' lang='lat' dir='ltr'>illam</span> <span class='ocrx_word' id='word_1_167' title='bbox 526 1682 656 1762; x_wconf 83' lang='lat' dir='ltr'>perinde</span> <span class='ocrx_word' id='word_1_168' title='bbox 682 1700 714 1744; x_wconf 89' lang='lat' dir='ltr'>se</span> <span class='ocrx_word' id='word_1_169' title='bbox 735 1682 839 1758; x_wconf 88' lang='lat' dir='ltr'>habet,</span> <span class='ocrx_word' id='word_1_170' title='bbox 891 1683 1056 1761; x_wconf 89' lang='lat' dir='ltr'>depulsum</span> <span class='ocrx_word' id='word_1_171' title='bbox 1076 1685 1212 1765; x_wconf 87' lang='lat' dir='ltr'>recipere</span> <span class='ocrx_word' id='word_1_172' title='bbox 1234 1690 1327 1762; x_wconf 88' lang='lat' dir='ltr'>vetet,</span> <span class='ocrx_word' id='word_1_173' title='bbox 1355 1691 1411 1746; x_wconf 90' lang='lat' dir='ltr'>aut</span> <span class='ocrx_word' id='word_1_174' title='bbox 1434 1683 1606 1758; x_wconf 85' lang='lat' dir='ltr'>mitificare,</span> <span class='ocrx_word' id='word_1_175' title='bbox 1630 1692 1663 1748; x_wconf 90' lang='lat' dir='ltr'>et</span> 
     </span>
     <span class='ocr_line' id='line_1_16' title="bbox 70 1773 1663 1856; baseline 0.003 -21"><span class='ocrx_word' id='word_1_176' title='bbox 70 1775 156 1853; x_wconf 87' lang='lat' dir='ltr'>quasi</span> <span class='ocrx_word' id='word_1_177' title='bbox 173 1775 304 1836; x_wconf 88' lang='lat' dir='ltr'>nonsit.</span> <span class='ocrx_word' id='word_1_178' title='bbox 325 1777 416 1836; x_wconf 82' lang='lat' dir='ltr'>Certe</span> <span class='ocrx_word' id='word_1_179' title='bbox 430 1774 508 1834; x_wconf 89' lang='lat' dir='ltr'>nihil</span> <span class='ocrx_word' id='word_1_180' title='bbox 526 1774 609 1854; x_wconf 88' lang='lat' dir='ltr'>agit:</span> <span class='ocrx_word' id='word_1_181' title='bbox 625 1773 706 1835; x_wconf 93' lang='lat' dir='ltr'>nihil</span> <span class='ocrx_word' id='word_1_182' title='bbox 722 1775 842 1854; x_wconf 89' lang='lat' dir='ltr'>agendo</span> <span class='ocrx_word' id='word_1_183' title='bbox 891 1776 1327 1856; x_wconf 78' lang='lat' dir='ltr'>concoquere3sisanguinem</span> <span class='ocrx_word' id='word_1_184' title='bbox 1337 1776 1479 1852; x_wconf 80' lang='lat' dir='ltr'>uolitant</span> <span class='ocrx_word' id='word_1_185' title='bbox 1491 1777 1663 1839; x_wconf 83' lang='lat' dir='ltr'>inarteriaa</span> 
     </span>
     <span class='ocr_line' id='line_1_17' title="bbox 71 1866 1661 1950; baseline 0.003 -24"><span class='ocrx_word' id='word_1_186' title='bbox 71 1872 192 1941; x_wconf 65' lang='lat' dir='ltr'>summ,</span> <span class='ocrx_word' id='word_1_187' title='bbox 203 1867 304 1946; x_wconf 87' lang='lat' dir='ltr'>potius</span> <span class='ocrx_word' id='word_1_188' title='bbox 314 1866 573 1946; x_wconf 85' lang='lat' dir='ltr'>permittit,quam</span> <span class='ocrx_word' id='word_1_189' title='bbox 586 1866 843 1946; x_wconf 90' lang='lat' dir='ltr'>prohibet.Num·</span> <span class='ocrx_word' id='word_1_190' title='bbox 891 1867 1010 1929; x_wconf 86' lang='lat' dir='ltr'>acarde</span> <span class='ocrx_word' id='word_1_191' title='bbox 1026 1868 1177 1947; x_wconf 87' lang='lat' dir='ltr'>protrudi,</span> <span class='ocrx_word' id='word_1_192' title='bbox 1192 1875 1247 1930; x_wconf 89' lang='lat' dir='ltr'>aut</span> <span class='ocrx_word' id='word_1_193' title='bbox 1260 1869 1293 1930; x_wconf 89' lang='lat' dir='ltr'>in</span> <span class='ocrx_word' id='word_1_194' title='bbox 1313 1887 1364 1931; x_wconf 91' lang='lat' dir='ltr'>eas</span> <span class='ocrx_word' id='word_1_195' title='bbox 1376 1868 1560 1950; x_wconf 86' lang='lat' dir='ltr'>propulsum</span> <span class='ocrx_word' id='word_1_196' title='bbox 1574 1870 1661 1932; x_wconf 89' lang='lat' dir='ltr'>alen·</span> 
     </span>
     <span class='ocr_line' id='line_1_18' title="bbox 71 1957 1663 2043; baseline 0.002 -23"><span class='ocrx_word' id='word_1_197' title='bbox 71 1977 109 2020; x_wconf 89' lang='lat' dir='ltr'>ne</span> <span class='ocrx_word' id='word_1_198' title='bbox 121 1960 194 2039; x_wconf 87' lang='lat' dir='ltr'>ipse</span> <span class='ocrx_word' id='word_1_199' title='bbox 209 1957 383 2039; x_wconf 76' lang='lat' dir='ltr'>appetitus?</span> <span class='ocrx_word' id='word_1_200' title='bbox 403 1964 435 2019; x_wconf 87' lang='lat' dir='ltr'>at</span> <span class='ocrx_word' id='word_1_201' title='bbox 447 1958 511 2035; x_wconf 89' lang='lat' dir='ltr'>hio,</span> <span class='ocrx_word' id='word_1_202' title='bbox 536 1963 745 2038; x_wconf 75' lang='lat' dir='ltr'>preterquam</span> <span class='ocrx_word' id='word_1_203' title='bbox 758 1960 842 2039; x_wconf 90' lang='lat' dir='ltr'>quod</span> <span class='ocrx_word' id='word_1_204' title='bbox 891 1959 948 2036; x_wconf 89' lang='lat' dir='ltr'>dis,</span> <span class='ocrx_word' id='word_1_205' title='bbox 962 1960 1198 2040; x_wconf 88' lang='lat' dir='ltr'>reficiendisque</span> <span class='ocrx_word' id='word_1_206' title='bbox 1220 1961 1357 2040; x_wconf 85' lang='lat' dir='ltr'>corporis</span> <span class='ocrx_word' id='word_1_207' title='bbox 1374 1961 1513 2041; x_wconf 86' lang='lat' dir='ltr'>partibus</span> <span class='ocrx_word' id='word_1_208' title='bbox 1525 1980 1663 2043; x_wconf 90' lang='lat' dir='ltr'>quaqua·</span> 
     </span>
     <span class='ocr_line' id='line_1_19' title="bbox 71 2049 1661 2134; baseline 0.002 -21"><span class='ocrx_word' id='word_1_209' title='bbox 71 2052 225 2130; x_wconf 82' lang='lat' dir='ltr'>operisuo</span> <span class='ocrx_word' id='word_1_210' title='bbox 236 2070 274 2112; x_wconf 86' lang='lat' dir='ltr'>ex</span> <span class='ocrx_word' id='word_1_211' title='bbox 284 2070 317 2113; x_wconf 89' lang='lat' dir='ltr'>se</span> <span class='ocrx_word' id='word_1_212' title='bbox 327 2052 394 2130; x_wconf 90' lang='lat' dir='ltr'>ipso</span> <span class='ocrx_word' id='word_1_213' title='bbox 403 2050 578 2130; x_wconf 89' lang='lat' dir='ltr'>imparnon</span> <span class='ocrx_word' id='word_1_214' title='bbox 586 2056 643 2126; x_wconf 89' lang='lat' dir='ltr'>est,</span> <span class='ocrx_word' id='word_1_215' title='bbox 656 2049 842 2130; x_wconf 91' lang='lat' dir='ltr'>plenamque</span> <span class='ocrx_word' id='word_1_216' title='bbox 890 2070 996 2113; x_wconf 85' lang='lat' dir='ltr'>versus</span> <span class='ocrx_word' id='word_1_217' title='bbox 1010 2052 1133 2129; x_wconf 83' lang='lat' dir='ltr'>deterri,</span> <span class='ocrx_word' id='word_1_218' title='bbox 1148 2059 1180 2114; x_wconf 91' lang='lat' dir='ltr'>et</span> <span class='ocrx_word' id='word_1_219' title='bbox 1193 2052 1355 2128; x_wconf 84' lang='lat' dir='ltr'>distribui;</span> <span class='ocrx_word' id='word_1_220' title='bbox 1369 2071 1405 2114; x_wconf 91' lang='lat' dir='ltr'>ac</span> <span class='ocrx_word' id='word_1_221' title='bbox 1423 2053 1561 2130; x_wconf 65' lang='lat' dir='ltr'>undem,</span> <span class='ocrx_word' id='word_1_222' title='bbox 1577 2055 1661 2134; x_wconf 93' lang='lat' dir='ltr'>quod</span> 
     </span>
     <span class='ocr_line' id='line_1_20' title="bbox 71 2143 1660 2227; baseline 0.002 -22"><span class='ocrx_word' id='word_1_223' title='bbox 71 2143 177 2220; x_wconf 87' lang='lat' dir='ltr'>habet,</span> <span class='ocrx_word' id='word_1_224' title='bbox 193 2150 286 2223; x_wconf 88' lang='lat' dir='ltr'>atquc</span> <span class='ocrx_word' id='word_1_225' title='bbox 303 2144 457 2223; x_wconf 89' lang='lat' dir='ltr'>integram</span> <span class='ocrx_word' id='word_1_226' title='bbox 475 2148 602 2204; x_wconf 82' lang='lat' dir='ltr'>actuum</span> <span class='ocrx_word' id='word_1_227' title='bbox 620 2161 749 2204; x_wconf 89' lang='lat' dir='ltr'>suorum</span> <span class='ocrx_word' id='word_1_228' title='bbox 775 2143 843 2205; x_wconf 87' lang='lat' dir='ltr'>effi·</span> <span class='ocrx_word' id='word_1_229' title='bbox 890 2144 1050 2223; x_wconf 78' lang='lat' dir='ltr'>sanguinis</span> <span class='ocrx_word' id='word_1_230' title='bbox 1069 2162 1162 2225; x_wconf 88' lang='lat' dir='ltr'>super</span> <span class='ocrx_word' id='word_1_231' title='bbox 1184 2150 1241 2220; x_wconf 90' lang='lat' dir='ltr'>est,</span> <span class='ocrx_word' id='word_1_232' title='bbox 1257 2144 1363 2205; x_wconf 92' lang='lat' dir='ltr'>minus</span> <span class='ocrx_word' id='word_1_233' title='bbox 1385 2150 1517 2219; x_wconf 88' lang='lat' dir='ltr'>coctum,</span> <span class='ocrx_word' id='word_1_234' title='bbox 1541 2146 1660 2227; x_wconf 81' lang='lat' dir='ltr'>perlec-</span> 
     </span>
     <span class='ocr_line' id='line_1_21' title="bbox 72 2234 1658 2316; baseline 0.001 -18"><span class='ocrx_word' id='word_1_235' title='bbox 72 2236 243 2311; x_wconf 83' lang='lat' dir='ltr'>aicntiam,</span> <span class='ocrx_word' id='word_1_236' title='bbox 271 2241 308 2297; x_wconf 89' lang='lat' dir='ltr'>ut</span> <span class='ocrx_word' id='word_1_237' title='bbox 334 2242 493 2297; x_wconf 89' lang='lat' dir='ltr'>ostensum</span> <span class='ocrx_word' id='word_1_238' title='bbox 516 2243 561 2298; x_wconf 90' lang='lat' dir='ltr'>est</span> <span class='ocrx_word' id='word_1_239' title='bbox 583 2252 696 2315; x_wconf 90' lang='lat' dir='ltr'>supra;</span> <span class='ocrx_word' id='word_1_240' title='bbox 719 2234 784 2313; x_wconf 84' lang='lat' dir='ltr'>ejus</span> <span class='ocrx_word' id='word_1_241' title='bbox 797 2241 843 2297; x_wconf 90' lang='lat' dir='ltr'>est</span> <span class='ocrx_word' id='word_1_242' title='bbox 891 2240 1021 2316; x_wconf 90' lang='lat' dir='ltr'>tumque</span> <span class='ocrx_word' id='word_1_243' title='bbox 1031 2237 1145 2299; x_wconf 88' lang='lat' dir='ltr'>iterum</span> <span class='ocrx_word' id='word_1_244' title='bbox 1159 2236 1193 2298; x_wconf 90' lang='lat' dir='ltr'>in</span> <span class='ocrx_word' id='word_1_245' title='bbox 1212 2236 1368 2298; x_wconf 88' lang='lat' dir='ltr'>officinam</span> <span class='ocrx_word' id='word_1_246' title='bbox 1388 2237 1491 2298; x_wconf 90' lang='lat' dir='ltr'>cordis</span> <span class='ocrx_word' id='word_1_247' title='bbox 1509 2238 1658 2313; x_wconf 87' lang='lat' dir='ltr'>revocari,</span> 
     </span>
     <span class='ocr_line' id='line_1_22' title="bbox 71 2326 1661 2409; baseline 0.001 -19"><span class='ocrx_word' id='word_1_248' title='bbox 71 2333 158 2390; x_wconf 86' lang='lat' dir='ltr'>tanta</span> <span class='ocrx_word' id='word_1_249' title='bbox 165 2328 334 2404; x_wconf 88' lang='lat' dir='ltr'>mobilitas,</span> <span class='ocrx_word' id='word_1_250' title='bbox 342 2334 378 2390; x_wconf 90' lang='lat' dir='ltr'>ut</span> <span class='ocrx_word' id='word_1_251' title='bbox 386 2329 487 2389; x_wconf 89' lang='lat' dir='ltr'>motui</span> <span class='ocrx_word' id='word_1_252' title='bbox 495 2346 562 2389; x_wconf 90' lang='lat' dir='ltr'>non</span> <span class='ocrx_word' id='word_1_253' title='bbox 570 2326 669 2407; x_wconf 89' lang='lat' dir='ltr'>magis</span> <span class='ocrx_word' id='word_1_254' title='bbox 676 2335 839 2407; x_wconf 86' lang='lat' dir='ltr'>repugnet,</span> <span class='ocrx_word' id='word_1_255' title='bbox 889 2346 926 2389; x_wconf 92' lang='lat' dir='ltr'>ac</span> <span class='ocrx_word' id='word_1_256' title='bbox 938 2328 1047 2390; x_wconf 81' lang='lat' dir='ltr'>reterri</span> <span class='ocrx_word' id='word_1_257' title='bbox 1062 2347 1120 2409; x_wconf 87' lang='lat' dir='ltr'>per</span> <span class='ocrx_word' id='word_1_258' title='bbox 1132 2346 1242 2404; x_wconf 81' lang='lat' dir='ltr'>venas3</span> <span class='ocrx_word' id='word_1_259' title='bbox 1258 2328 1284 2388; x_wconf 93' lang='lat' dir='ltr'>si</span> <span class='ocrx_word' id='word_1_260' title='bbox 1297 2328 1375 2403; x_wconf 76' lang='lat' dir='ltr'>haec,</span> <span class='ocrx_word' id='word_1_261' title='bbox 1398 2328 1538 2407; x_wconf 88' lang='lat' dir='ltr'>inquam,</span> <span class='ocrx_word' id='word_1_262' title='bbox 1554 2330 1661 2392; x_wconf 87' lang='lat' dir='ltr'>omnia</span> 
     </span>
     <span class='ocr_line' id='line_1_23' title="bbox 70 2419 1661 2499; baseline 0.002 -20"><span class='ocrx_word' id='word_1_263' title='bbox 70 2439 167 2499; x_wconf 88' lang='lat' dir='ltr'>quam</span> <span class='ocrx_word' id='word_1_264' title='bbox 179 2420 360 2481; x_wconf 80' lang='lat' dir='ltr'>volubilitas</span> <span class='ocrx_word' id='word_1_265' title='bbox 375 2438 484 2481; x_wconf 89' lang='lat' dir='ltr'>eorum</span> <span class='ocrx_word' id='word_1_266' title='bbox 505 2438 687 2497; x_wconf 87' lang='lat' dir='ltr'>corporum,</span> <span class='ocrx_word' id='word_1_267' title='bbox 707 2437 842 2499; x_wconf 87' lang='lat' dir='ltr'>quorum</span> <span class='ocrx_word' id='word_1_268' title='bbox 889 2421 983 2495; x_wconf 91' lang='lat' dir='ltr'>nolit;</span> <span class='ocrx_word' id='word_1_269' title='bbox 997 2420 1196 2482; x_wconf 84' lang='lat' dir='ltr'>uolitantem</span> <span class='ocrx_word' id='word_1_270' title='bbox 1208 2425 1343 2496; x_wconf 83' lang='lat' dir='ltr'>tantum,</span> <span class='ocrx_word' id='word_1_271' title='bbox 1360 2425 1411 2495; x_wconf 92' lang='lat' dir='ltr'>et,</span> <span class='ocrx_word' id='word_1_272' title='bbox 1426 2419 1586 2499; x_wconf 76' lang='lat' dir='ltr'>quonim,</span> <span class='ocrx_word' id='word_1_273' title='bbox 1603 2439 1661 2483; x_wconf 90' lang='lat' dir='ltr'>uec</span> 
     </span>
     <span class='ocr_line' id='line_1_24' title="bbox 70 2510 1659 2592; baseline 0 -19"><span class='ocrx_word' id='word_1_274' title='bbox 70 2511 842 2592; x_wconf 77' lang='lat' dir='ltr'>similitudiniinsistimus.hddeipsietiamnaturae</span> <span class='ocrx_word' id='word_1_275' title='bbox 890 2513 1005 2588; x_wconf 87' lang='lat' dir='ltr'>subito,</span> <span class='ocrx_word' id='word_1_276' title='bbox 1020 2531 1078 2574; x_wconf 90' lang='lat' dir='ltr'>nee</span> <span class='ocrx_word' id='word_1_277' title='bbox 1090 2529 1146 2592; x_wconf 85' lang='lat' dir='ltr'>per</span> <span class='ocrx_word' id='word_1_278' title='bbox 1158 2530 1190 2573; x_wconf 93' lang='lat' dir='ltr'>se</span> <span class='ocrx_word' id='word_1_279' title='bbox 1208 2511 1308 2573; x_wconf 92' lang='lat' dir='ltr'>solam</span> <span class='ocrx_word' id='word_1_280' title='bbox 1328 2510 1450 2573; x_wconf 86' lang='lat' dir='ltr'>auferre</span> <span class='ocrx_word' id='word_1_281' title='bbox 1473 2513 1531 2573; x_wconf 88' lang='lat' dir='ltr'>ista</span> <span class='ocrx_word' id='word_1_282' title='bbox 1549 2518 1659 2592; x_wconf 88' lang='lat' dir='ltr'>potest,</span> 
     </span>
     <span class='ocr_line' id='line_1_25' title="bbox 69 2602 1659 2683; baseline 0.001 -17"><span class='ocrx_word' id='word_1_283' title='bbox 69 2609 231 2667; x_wconf 87' lang='lat' dir='ltr'>momenta</span> <span class='ocrx_word' id='word_1_284' title='bbox 243 2605 365 2665; x_wconf 86' lang='lat' dir='ltr'>occulta</span> <span class='ocrx_word' id='word_1_285' title='bbox 378 2604 533 2683; x_wconf 75' lang='lat' dir='ltr'>queam,</span> <span class='ocrx_word' id='word_1_286' title='bbox 547 2602 790 2682; x_wconf 79' lang='lat' dir='ltr'>quibuseasese</span> <span class='ocrx_word' id='word_1_287' title='bbox 803 2622 841 2665; x_wconf 91' lang='lat' dir='ltr'>eo</span> <span class='ocrx_word' id='word_1_288' title='bbox 890 2622 962 2666; x_wconf 88' lang='lat' dir='ltr'>cum</span> <span class='ocrx_word' id='word_1_289' title='bbox 975 2605 1145 2677; x_wconf 76' lang='lat' dir='ltr'>stomacho,</span> <span class='ocrx_word' id='word_1_290' title='bbox 1162 2609 1193 2665; x_wconf 91' lang='lat' dir='ltr'>et</span> <span class='ocrx_word' id='word_1_291' title='bbox 1216 2604 1296 2679; x_wconf 85' lang='lat' dir='ltr'>alvo,</span> <span class='ocrx_word' id='word_1_292' title='bbox 1311 2608 1381 2664; x_wconf 89' lang='lat' dir='ltr'>tum</span> <span class='ocrx_word' id='word_1_293' title='bbox 1403 2602 1489 2665; x_wconf 89' lang='lat' dir='ltr'>cordi</span> <span class='ocrx_word' id='word_1_294' title='bbox 1512 2604 1659 2682; x_wconf 81' lang='lat' dir='ltr'>calorem,</span> 
     </span>
     <span class='ocr_line' id='line_1_26' title="bbox 69 2695 1660 2778; baseline -0.001 -19"><span class='ocrx_word' id='word_1_295' title='bbox 69 2714 194 2778; x_wconf 86' lang='lat' dir='ltr'>semper</span> <span class='ocrx_word' id='word_1_296' title='bbox 206 2695 345 2769; x_wconf 78' lang='lat' dir='ltr'>ineliant,</span> <span class='ocrx_word' id='word_1_297' title='bbox 361 2701 455 2774; x_wconf 89' lang='lat' dir='ltr'>atque</span> <span class='ocrx_word' id='word_1_298' title='bbox 465 2695 647 2776; x_wconf 86' lang='lat' dir='ltr'>propendet,</span> <span class='ocrx_word' id='word_1_299' title='bbox 658 2713 719 2774; x_wconf 90' lang='lat' dir='ltr'>quo</span> <span class='ocrx_word' id='word_1_300' title='bbox 733 2712 841 2756; x_wconf 88' lang='lat' dir='ltr'>sensus</span> <span class='ocrx_word' id='word_1_301' title='bbox 888 2695 1098 2776; x_wconf 87' lang='lat' dir='ltr'>virtutemque</span> <span class='ocrx_word' id='word_1_302' title='bbox 1121 2713 1210 2757; x_wconf 90' lang='lat' dir='ltr'>suam</span> <span class='ocrx_word' id='word_1_303' title='bbox 1231 2695 1397 2775; x_wconf 84' lang='lat' dir='ltr'>relinquat,</span> <span class='ocrx_word' id='word_1_304' title='bbox 1413 2714 1449 2756; x_wconf 85' lang='lat' dir='ltr'>aa</span> <span class='ocrx_word' id='word_1_305' title='bbox 1462 2701 1584 2756; x_wconf 91' lang='lat' dir='ltr'>motum</span> <span class='ocrx_word' id='word_1_306' title='bbox 1596 2696 1660 2758; x_wconf 88' lang='lat' dir='ltr'>im-</span> 
     </span>
     <span class='ocr_line' id='line_1_27' title="bbox 69 2785 1662 2868; baseline 0.001 -20"><span class='ocrx_word' id='word_1_307' title='bbox 69 2790 131 2868; x_wconf 82' lang='lat' dir='ltr'>agit</span> <span class='ocrx_word' id='word_1_308' title='bbox 146 2795 179 2850; x_wconf 87' lang='lat' dir='ltr'>et</span> <span class='ocrx_word' id='word_1_309' title='bbox 191 2786 341 2868; x_wconf 87' lang='lat' dir='ltr'>impellit:</span> <span class='ocrx_word' id='word_1_310' title='bbox 357 2792 394 2847; x_wconf 88' lang='lat' dir='ltr'>ut</span> <span class='ocrx_word' id='word_1_311' title='bbox 406 2785 453 2847; x_wconf 90' lang='lat' dir='ltr'>illi</span> <span class='ocrx_word' id='word_1_312' title='bbox 467 2785 608 2866; x_wconf 88' lang='lat' dir='ltr'>obsequi,</span> <span class='ocrx_word' id='word_1_313' title='bbox 633 2792 698 2847; x_wconf 89' lang='lat' dir='ltr'>tam</span> <span class='ocrx_word' id='word_1_314' title='bbox 721 2786 760 2846; x_wconf 90' lang='lat' dir='ltr'>sit</span> <span class='ocrx_word' id='word_1_315' title='bbox 781 2785 840 2865; x_wconf 90' lang='lat' dir='ltr'>ipsi</span> <span class='ocrx_word' id='word_1_316' title='bbox 889 2786 998 2867; x_wconf 90' lang='lat' dir='ltr'>primis</span> <span class='ocrx_word' id='word_1_317' title='bbox 1011 2787 1101 2848; x_wconf 91' lang='lat' dir='ltr'>illum</span> <span class='ocrx_word' id='word_1_318' title='bbox 1123 2788 1291 2867; x_wconf 85' lang='lat' dir='ltr'>duplicem,</span> <span class='ocrx_word' id='word_1_319' title='bbox 1307 2806 1369 2866; x_wconf 88' lang='lat' dir='ltr'>quo</span> <span class='ocrx_word' id='word_1_320' title='bbox 1392 2787 1458 2847; x_wconf 83' lang='lat' dir='ltr'>hare</span> <span class='ocrx_word' id='word_1_321' title='bbox 1476 2787 1540 2849; x_wconf 85' lang='lat' dir='ltr'>fere</span> <span class='ocrx_word' id='word_1_322' title='bbox 1554 2789 1662 2850; x_wconf 90' lang='lat' dir='ltr'>omnia</span> 
     </span>
     <span class='ocr_line' id='line_1_28' title="bbox 68 2876 1662 2960; baseline -0.001 -18"><span class='ocrx_word' id='word_1_323' title='bbox 68 2880 217 2960; x_wconf 89' lang='lat' dir='ltr'>proclive,</span> <span class='ocrx_word' id='word_1_324' title='bbox 233 2897 328 2959; x_wconf 68' lang='grc' dir='ltr'>ιιιιιιιιι</span> <span class='ocrx_word' id='word_1_325' title='bbox 341 2878 437 2959; x_wconf 90' lang='lat' dir='ltr'>lapidi</span> <span class='ocrx_word' id='word_1_326' title='bbox 454 2896 589 2958; x_wconf 91' lang='lat' dir='ltr'>pronum</span> <span class='ocrx_word' id='word_1_327' title='bbox 599 2883 645 2940; x_wconf 89' lang='lat' dir='ltr'>est</span> <span class='ocrx_word' id='word_1_328' title='bbox 657 2876 732 2939; x_wconf 86' lang='lat' dir='ltr'>ferri</span> <span class='ocrx_word' id='word_1_329' title='bbox 748 2877 839 2938; x_wconf 89' lang='lat' dir='ltr'>deor·</span> <span class='ocrx_word' id='word_1_330' title='bbox 889 2884 1097 2959; x_wconf 82' lang='lat' dir='ltr'>peraguntur3</span> <span class='ocrx_word' id='word_1_331' title='bbox 1115 2879 1224 2959; x_wconf 88' lang='lat' dir='ltr'>procul</span> <span class='ocrx_word' id='word_1_332' title='bbox 1237 2878 1334 2940; x_wconf 90' lang='lat' dir='ltr'>dubio</span> <span class='ocrx_word' id='word_1_333' title='bbox 1353 2895 1454 2939; x_wconf 77' lang='lat' dir='ltr'>causa</span> <span class='ocrx_word' id='word_1_334' title='bbox 1467 2880 1597 2955; x_wconf 82' lang='lat' dir='ltr'>eedem,</span> <span class='ocrx_word' id='word_1_335' title='bbox 1611 2879 1662 2940; x_wconf 89' lang='lat' dir='ltr'>iis-</span> 
     </span>
     <span class='ocr_line' id='line_1_29' title="bbox 69 2968 1661 3051; baseline 0 -18"><span class='ocrx_word' id='word_1_336' title='bbox 69 2990 149 3033; x_wconf 88' lang='lat' dir='ltr'>sum.</span> <span class='ocrx_word' id='word_1_337' title='bbox 181 2972 331 3051; x_wconf 86' lang='lat' dir='ltr'>Superest</span> <span class='ocrx_word' id='word_1_338' title='bbox 353 2970 458 3050; x_wconf 91' lang='lat' dir='ltr'>igitur,</span> <span class='ocrx_word' id='word_1_339' title='bbox 484 2970 633 3050; x_wconf 90' lang='lat' dir='ltr'>quoniam</span> <span class='ocrx_word' id='word_1_340' title='bbox 654 2988 720 3030; x_wconf 91' lang='lat' dir='ltr'>non</span> <span class='ocrx_word' id='word_1_341' title='bbox 740 2974 787 3031; x_wconf 88' lang='lat' dir='ltr'>est</span> <span class='ocrx_word' id='word_1_342' title='bbox 805 2968 839 3030; x_wconf 91' lang='lat' dir='ltr'>in</span> <span class='ocrx_word' id='word_1_343' title='bbox 888 2972 960 3033; x_wconf 90' lang='lat' dir='ltr'>dem</span> <span class='ocrx_word' id='word_1_344' title='bbox 985 2971 1183 3049; x_wconf 87' lang='lat' dir='ltr'>adjumentis,</span> <span class='ocrx_word' id='word_1_345' title='bbox 1211 2970 1245 3032; x_wconf 92' lang='lat' dir='ltr'>in</span> <span class='ocrx_word' id='word_1_346' title='bbox 1268 2970 1381 3032; x_wconf 87' lang='lat' dir='ltr'>eadem</span> <span class='ocrx_word' id='word_1_347' title='bbox 1405 2969 1556 3047; x_wconf 88' lang='lat' dir='ltr'>materie,</span> <span class='ocrx_word' id='word_1_348' title='bbox 1577 2971 1661 3033; x_wconf 89' lang='lat' dir='ltr'>idem</span> 
     </span>
     <span class='ocr_line' id='line_1_30' title="bbox 68 3061 1660 3143; baseline 0.001 -19"><span class='ocrx_word' id='word_1_349' title='bbox 68 3070 194 3140; x_wconf 88' lang='lat' dir='ltr'>natura,</span> <span class='ocrx_word' id='word_1_350' title='bbox 208 3063 294 3143; x_wconf 94' lang='lat' dir='ltr'>quod</span> <span class='ocrx_word' id='word_1_351' title='bbox 306 3061 472 3143; x_wconf 85' lang='lat' dir='ltr'>appetendi</span> <span class='ocrx_word' id='word_1_352' title='bbox 492 3061 670 3123; x_wconf 70' lang='lat' dir='ltr'>iaculmtem</span> <span class='ocrx_word' id='word_1_353' title='bbox 680 3062 747 3141; x_wconf 84' lang='lat' dir='ltr'>jam</span> <span class='ocrx_word' id='word_1_354' title='bbox 766 3061 840 3122; x_wconf 73' lang='lat' dir='ltr'>sads</span> <span class='ocrx_word' id='word_1_355' title='bbox 889 3080 1016 3141; x_wconf 88' lang='lat' dir='ltr'>prorsus</span> <span class='ocrx_word' id='word_1_356' title='bbox 1029 3062 1173 3124; x_wconf 88' lang='lat' dir='ltr'>efficient.</span> <span class='ocrx_word' id='word_1_357' title='bbox 1191 3062 1225 3122; x_wconf 90' lang='lat' dir='ltr'>ld</span> <span class='ocrx_word' id='word_1_358' title='bbox 1238 3062 1342 3141; x_wconf 85' lang='lat' dir='ltr'>ipsum</span> <span class='ocrx_word' id='word_1_359' title='bbox 1363 3062 1397 3123; x_wconf 89' lang='lat' dir='ltr'>in</span> <span class='ocrx_word' id='word_1_360' title='bbox 1421 3062 1561 3142; x_wconf 89' lang='lat' dir='ltr'>appetitu</span> <span class='ocrx_word' id='word_1_361' title='bbox 1583 3081 1660 3127; x_wconf 87' lang='lat' dir='ltr'>con-</span> 
     </span>
     <span class='ocr_line' id='line_1_31' title="bbox 68 3153 1663 3236; baseline 0.001 -20"><span class='ocrx_word' id='word_1_362' title='bbox 68 3156 209 3235; x_wconf 88' lang='lat' dir='ltr'>undique</span> <span class='ocrx_word' id='word_1_363' title='bbox 236 3161 387 3236; x_wconf 89' lang='lat' dir='ltr'>paratam,</span> <span class='ocrx_word' id='word_1_364' title='bbox 417 3161 450 3216; x_wconf 89' lang='lat' dir='ltr'>et</span> <span class='ocrx_word' id='word_1_365' title='bbox 475 3155 657 3215; x_wconf 90' lang='lat' dir='ltr'>instructam</span> <span class='ocrx_word' id='word_1_366' title='bbox 683 3153 838 3230; x_wconf 87' lang='lat' dir='ltr'>distineat,</span> <span class='ocrx_word' id='word_1_367' title='bbox 886 3155 996 3234; x_wconf 85' lang='lat' dir='ltr'>tinget.</span> <span class='ocrx_word' id='word_1_368' title='bbox 1011 3155 1045 3216; x_wconf 90' lang='lat' dir='ltr'>in</span> <span class='ocrx_word' id='word_1_369' title='bbox 1059 3173 1122 3235; x_wconf 92' lang='lat' dir='ltr'>quo</span> <span class='ocrx_word' id='word_1_370' title='bbox 1135 3154 1161 3216; x_wconf 90' lang='lat' dir='ltr'>si</span> <span class='ocrx_word' id='word_1_371' title='bbox 1172 3153 1253 3215; x_wconf 91' lang='lat' dir='ltr'>nihil</span> <span class='ocrx_word' id='word_1_372' title='bbox 1266 3153 1395 3215; x_wconf 84' lang='lat' dir='ltr'>decedat</span> <span class='ocrx_word' id='word_1_373' title='bbox 1408 3172 1529 3229; x_wconf 88' lang='lat' dir='ltr'>eorum,</span> <span class='ocrx_word' id='word_1_374' title='bbox 1547 3154 1663 3233; x_wconf 88' lang='lat' dir='ltr'>quibus</span> 
     </span>
     <span class='ocr_line' id='line_1_32' title="bbox 67 3244 1663 3327; baseline 0 -18"><span class='ocrx_word' id='word_1_375' title='bbox 67 3250 237 3327; x_wconf 88' lang='lat' dir='ltr'>quominus</span> <span class='ocrx_word' id='word_1_376' title='bbox 263 3248 296 3308; x_wconf 92' lang='lat' dir='ltr'>in</span> <span class='ocrx_word' id='word_1_377' title='bbox 313 3265 407 3307; x_wconf 85' lang='lat' dir='ltr'>suum</span> <span class='ocrx_word' id='word_1_378' title='bbox 434 3252 538 3307; x_wconf 86' lang='lat' dir='ltr'>actum</span> <span class='ocrx_word' id='word_1_379' title='bbox 561 3250 728 3324; x_wconf 89' lang='lat' dir='ltr'>erumpat;</span> <span class='ocrx_word' id='word_1_380' title='bbox 753 3250 788 3304; x_wconf 92' lang='lat' dir='ltr'>ut</span> <span class='ocrx_word' id='word_1_381' title='bbox 807 3245 840 3306; x_wconf 89' lang='lat' dir='ltr'>id</span> <span class='ocrx_word' id='word_1_382' title='bbox 888 3247 1033 3308; x_wconf 88' lang='lat' dir='ltr'>omnibus</span> <span class='ocrx_word' id='word_1_383' title='bbox 1066 3247 1168 3326; x_wconf 91' lang='lat' dir='ltr'>primo</span> <span class='ocrx_word' id='word_1_384' title='bbox 1204 3245 1313 3306; x_wconf 86' lang='lat' dir='ltr'>effecta</span> <span class='ocrx_word' id='word_1_385' title='bbox 1347 3252 1394 3306; x_wconf 91' lang='lat' dir='ltr'>est</span> <span class='ocrx_word' id='word_1_386' title='bbox 1422 3246 1582 3323; x_wconf 88' lang='lat' dir='ltr'>cupiditas,</span> <span class='ocrx_word' id='word_1_387' title='bbox 1612 3244 1663 3309; x_wconf 81' lang='lat' dir='ltr'>vel</span> 
     </span>
     <span class='ocr_line' id='line_1_33' title="bbox 67 3335 1664 3419; baseline -0.001 -18"><span class='ocrx_word' id='word_1_388' title='bbox 67 3341 179 3419; x_wconf 74' lang='lat' dir='ltr'>gratia</span> <span class='ocrx_word' id='word_1_389' title='bbox 192 3341 273 3404; x_wconf 90' lang='lat' dir='ltr'>dono</span> <span class='ocrx_word' id='word_1_390' title='bbox 286 3338 477 3400; x_wconf 83' lang='lat' dir='ltr'>ascribatur:</span> <span class='ocrx_word' id='word_1_391' title='bbox 494 3337 753 3416; x_wconf 86' lang='lat' dir='ltr'>concedaturque,</span> <span class='ocrx_word' id='word_1_392' title='bbox 776 3343 840 3398; x_wconf 89' lang='lat' dir='ltr'>tam</span> <span class='ocrx_word' id='word_1_393' title='bbox 888 3345 1000 3413; x_wconf 91' lang='lat' dir='ltr'>metus,</span> <span class='ocrx_word' id='word_1_394' title='bbox 1016 3338 1163 3399; x_wconf 88' lang='lat' dir='ltr'>sieadem</span> <span class='ocrx_word' id='word_1_395' title='bbox 1177 3337 1217 3399; x_wconf 91' lang='lat' dir='ltr'>sit</span> <span class='ocrx_word' id='word_1_396' title='bbox 1236 3337 1271 3397; x_wconf 89' lang='lat' dir='ltr'>in</span> <span class='ocrx_word' id='word_1_397' title='bbox 1284 3337 1424 3417; x_wconf 87' lang='lat' dir='ltr'>appetitu</span> <span class='ocrx_word' id='word_1_398' title='bbox 1450 3335 1616 3413; x_wconf 89' lang='lat' dir='ltr'>mobilitas,</span> <span class='ocrx_word' id='word_1_399' title='bbox 1631 3343 1664 3399; x_wconf 92' lang='lat' dir='ltr'>et</span> 
     </span>
     <span class='ocr_line' id='line_1_34' title="bbox 67 3429 1663 3512; baseline -0.002 -19"><span class='ocrx_word' id='word_1_400' title='bbox 67 3438 181 3493; x_wconf 84' lang='lat' dir='ltr'>eontra</span> <span class='ocrx_word' id='word_1_401' title='bbox 205 3432 500 3512; x_wconf 86' lang='lat' dir='ltr'>appetitum,qua1u</span> <span class='ocrx_word' id='word_1_402' title='bbox 529 3447 623 3508; x_wconf 88' lang='lat' dir='ltr'>supra</span> <span class='ocrx_word' id='word_1_403' title='bbox 648 3429 841 3491; x_wconf 88' lang='lat' dir='ltr'>voluntatem</span> <span class='ocrx_word' id='word_1_404' title='bbox 888 3429 1065 3510; x_wconf 85' lang='lat' dir='ltr'>propensio,</span> <span class='ocrx_word' id='word_1_405' title='bbox 1091 3431 1117 3489; x_wconf 93' lang='lat' dir='ltr'>si</span> <span class='ocrx_word' id='word_1_406' title='bbox 1144 3448 1163 3489; x_wconf 90' lang='lat' dir='ltr'>a</span> <span class='ocrx_word' id='word_1_407' title='bbox 1187 3447 1336 3490; x_wconf 88' lang='lat' dir='ltr'>sensuum</span> <span class='ocrx_word' id='word_1_408' title='bbox 1362 3429 1577 3509; x_wconf 88' lang='lat' dir='ltr'>perceptione,</span> <span class='ocrx_word' id='word_1_409' title='bbox 1606 3447 1663 3491; x_wconf 91' lang='lat' dir='ltr'>seu</span> 
     </span>
     <span class='ocr_line' id='line_1_35' title="bbox 66 3520 1660 3602; baseline -0.001 -17"><span class='ocrx_word' id='word_1_410' title='bbox 66 3524 153 3599; x_wconf 81' lang='lat' dir='ltr'>lore,</span> <span class='ocrx_word' id='word_1_411' title='bbox 174 3521 202 3583; x_wconf 89' lang='lat' dir='ltr'>si</span> <span class='ocrx_word' id='word_1_412' title='bbox 221 3540 380 3602; x_wconf 90' lang='lat' dir='ltr'>quoquam</span> <span class='ocrx_word' id='word_1_413' title='bbox 400 3522 478 3583; x_wconf 84' lang='lat' dir='ltr'>verti</span> <span class='ocrx_word' id='word_1_414' title='bbox 492 3521 628 3599; x_wconf 90' lang='lat' dir='ltr'>ferrique</span> <span class='ocrx_word' id='word_1_415' title='bbox 643 3538 841 3600; x_wconf 88' lang='lat' dir='ltr'>nequaquam</span> <span class='ocrx_word' id='word_1_416' title='bbox 888 3522 991 3583; x_wconf 85' lang='lat' dir='ltr'>verius</span> <span class='ocrx_word' id='word_1_417' title='bbox 1011 3540 1031 3582; x_wconf 92' lang='lat' dir='ltr'>a</span> <span class='ocrx_word' id='word_1_418' title='bbox 1052 3539 1087 3581; x_wconf 90' lang='lat' dir='ltr'>re</span> <span class='ocrx_word' id='word_1_419' title='bbox 1114 3521 1192 3601; x_wconf 89' lang='lat' dir='ltr'>ipsa,</span> <span class='ocrx_word' id='word_1_420' title='bbox 1217 3538 1288 3600; x_wconf 77' lang='lat' dir='ltr'>quse</span> <span class='ocrx_word' id='word_1_421' title='bbox 1311 3520 1480 3601; x_wconf 87' lang='lat' dir='ltr'>percipitur</span> <span class='ocrx_word' id='word_1_422' title='bbox 1507 3520 1660 3596; x_wconf 89' lang='lat' dir='ltr'>sensibus,</span> 
     </span>
     <span class='ocr_line' id='line_1_36' title="bbox 67 3612 1660 3693; baseline -0.001 -18"><span class='ocrx_word' id='word_1_423' title='bbox 67 3615 113 3676; x_wconf 90' lang='lat' dir='ltr'>illi</span> <span class='ocrx_word' id='word_1_424' title='bbox 126 3614 262 3676; x_wconf 89' lang='lat' dir='ltr'>solatum</span> <span class='ocrx_word' id='word_1_425' title='bbox 278 3620 391 3693; x_wconf 89' lang='lat' dir='ltr'>,atque</span> <span class='ocrx_word' id='word_1_426' title='bbox 405 3612 584 3692; x_wconf 83' lang='lat' dir='ltr'>expeditum</span> <span class='ocrx_word' id='word_1_427' title='bbox 597 3613 647 3689; x_wconf 89' lang='lat' dir='ltr'>sit,</span> <span class='ocrx_word' id='word_1_428' title='bbox 662 3618 735 3673; x_wconf 89' lang='lat' dir='ltr'>ante</span> <span class='ocrx_word' id='word_1_429' title='bbox 747 3612 841 3691; x_wconf 84' lang='lat' dir='ltr'>hujus</span> <span class='ocrx_word' id='word_1_430' title='bbox 889 3612 985 3675; x_wconf 84' lang='lat' dir='ltr'>motio</span> <span class='ocrx_word' id='word_1_431' title='bbox 999 3613 1039 3674; x_wconf 93' lang='lat' dir='ltr'>sit</span> <span class='ocrx_word' id='word_1_432' title='bbox 1052 3612 1161 3674; x_wconf 89' lang='lat' dir='ltr'>eadem</span> <span class='ocrx_word' id='word_1_433' title='bbox 1175 3634 1184 3687; x_wconf 82' lang='lat'><em>3</em></span> <span class='ocrx_word' id='word_1_434' title='bbox 1208 3612 1437 3692; x_wconf 90' lang='lat' dir='ltr'>quantumlibet</span> <span class='ocrx_word' id='word_1_435' title='bbox 1450 3618 1559 3674; x_wconf 82' lang='lat' dir='ltr'>contm</span> <span class='ocrx_word' id='word_1_436' title='bbox 1574 3613 1660 3691; x_wconf 77' lang='lat' dir='ltr'>velit,</span> 
     </span>
     <span class='ocr_line' id='line_1_37' title="bbox 67 3703 1663 3785; baseline -0.001 -18"><span class='ocrx_word' id='word_1_437' title='bbox 67 3707 250 3785; x_wconf 91' lang='lat' dir='ltr'>imperium.</span> <span class='ocrx_word' id='word_1_438' title='bbox 276 3707 325 3766; x_wconf 81' lang='lat' dir='ltr'>An</span> <span class='ocrx_word' id='word_1_439' title='bbox 350 3723 436 3781; x_wconf 78' lang='lat' dir='ltr'>sero,</span> <span class='ocrx_word' id='word_1_440' title='bbox 461 3722 526 3765; x_wconf 86' lang='lat' dir='ltr'>non</span> <span class='ocrx_word' id='word_1_441' title='bbox 553 3709 625 3764; x_wconf 85' lang='lat' dir='ltr'>aute</span> <span class='ocrx_word' id='word_1_442' title='bbox 651 3704 764 3770; x_wconf 88' lang='lat' dir='ltr'>solum,</span> <span class='ocrx_word' id='word_1_443' title='bbox 786 3703 841 3764; x_wconf 92' lang='lat' dir='ltr'>sed</span> <span class='ocrx_word' id='word_1_444' title='bbox 888 3705 1423 3785; x_wconf 80' lang='lat' dir='ltr'>atqucimperetroluntas,eaedem</span> <span class='ocrx_word' id='word_1_445' title='bbox 1438 3705 1663 3784; x_wconf 78' lang='lat' dir='ltr'>prorsusalieo</span> 
     </span>
     <span class='ocr_line' id='line_1_38' title="bbox 69 3794 1661 3875; baseline -0.003 -15"><span class='ocrx_word' id='word_1_446' title='bbox 69 3804 176 3859; x_wconf 89' lang='lat' dir='ltr'>contra</span> <span class='ocrx_word' id='word_1_447' title='bbox 190 3799 286 3860; x_wconf 88' lang='lat' dir='ltr'>etiam</span> <span class='ocrx_word' id='word_1_448' title='bbox 309 3797 407 3874; x_wconf 91' lang='lat' dir='ltr'>ipsius</span> <span class='ocrx_word' id='word_1_449' title='bbox 434 3797 659 3875; x_wconf 76' lang='lat' dir='ltr'>praescriptum,</span> <span class='ocrx_word' id='word_1_450' title='bbox 674 3796 701 3855; x_wconf 93' lang='lat' dir='ltr'>is</span> <span class='ocrx_word' id='word_1_451' title='bbox 725 3794 841 3875; x_wconf 88' lang='lat' dir='ltr'>aliquid</span> <span class='ocrx_word' id='word_1_452' title='bbox 888 3797 988 3857; x_wconf 89' lang='lat' dir='ltr'>tiones</span> <span class='ocrx_word' id='word_1_453' title='bbox 1010 3796 1215 3857; x_wconf 89' lang='lat' dir='ltr'>nihilominus</span> <span class='ocrx_word' id='word_1_454' title='bbox 1238 3794 1411 3857; x_wconf 87' lang='lat' dir='ltr'>manebunt</span> <span class='ocrx_word' id='word_1_455' title='bbox 1427 3816 1435 3855; x_wconf 75' lang='grc' dir='ltr'>ι</span> <span class='ocrx_word' id='word_1_456' title='bbox 1451 3814 1487 3857; x_wconf 90' lang='lat' dir='ltr'>ao</span> <span class='ocrx_word' id='word_1_457' title='bbox 1499 3814 1539 3856; x_wconf 91' lang='lat' dir='ltr'>ne</span> <span class='ocrx_word' id='word_1_458' title='bbox 1552 3795 1661 3856; x_wconf 89' lang='lat' dir='ltr'>remit·</span> 
     </span>
     <span class='ocr_line' id='line_1_39' title="bbox 70 3885 1660 3972; baseline -0.003 -21"><span class='ocrx_word' id='word_1_459' title='bbox 70 3891 173 3972; x_wconf 86' lang='lat' dir='ltr'>sequi,</span> <span class='ocrx_word' id='word_1_460' title='bbox 203 3890 255 3951; x_wconf 89' lang='lat' dir='ltr'>vel</span> <span class='ocrx_word' id='word_1_461' title='bbox 280 3889 388 3969; x_wconf 86' lang='lat' dir='ltr'>fugere</span> <span class='ocrx_word' id='word_1_462' title='bbox 411 3887 595 3949; x_wconf 87' lang='lat' dir='ltr'>naturaliter</span> <span class='ocrx_word' id='word_1_463' title='bbox 618 3886 729 3967; x_wconf 89' lang='lat' dir='ltr'>possit,</span> <span class='ocrx_word' id='word_1_464' title='bbox 757 3888 841 3967; x_wconf 91' lang='lat' dir='ltr'>quod</span> <span class='ocrx_word' id='word_1_465' title='bbox 889 3892 954 3949; x_wconf 88' lang='lat' dir='ltr'>tent</span> <span class='ocrx_word' id='word_1_466' title='bbox 969 3888 1113 3967; x_wconf 90' lang='lat' dir='ltr'>quidem,</span> <span class='ocrx_word' id='word_1_467' title='bbox 1128 3893 1183 3948; x_wconf 88' lang='lat' dir='ltr'>aut</span> <span class='ocrx_word' id='word_1_468' title='bbox 1204 3886 1415 3966; x_wconf 75' lang='lat' dir='ltr'>languescent,</span> <span class='ocrx_word' id='word_1_469' title='bbox 1430 3886 1548 3946; x_wconf 89' lang='lat' dir='ltr'>nedum</span> <span class='ocrx_word' id='word_1_470' title='bbox 1568 3885 1660 3965; x_wconf 87' lang='lat' dir='ltr'>plane</span> 
     </span>
     <span class='ocr_line' id='line_1_40' title="bbox 69 3977 1662 4061; baseline -0.003 -18"><span class='ocrx_word' id='word_1_471' title='bbox 69 3989 137 4044; x_wconf 84' lang='lat' dir='ltr'>erat</span> <span class='ocrx_word' id='word_1_472' title='bbox 148 3982 284 4045; x_wconf 66' lang='lat' dir='ltr'>meando</span> <span class='ocrx_word' id='word_1_473' title='bbox 299 3982 367 4042; x_wconf 91' lang='lat' dir='ltr'>loco</span> <span class='ocrx_word' id='word_1_474' title='bbox 377 3981 583 4061; x_wconf 86' lang='lat' dir='ltr'>propositum,</span> <span class='ocrx_word' id='word_1_475' title='bbox 595 3980 765 4040; x_wconf 89' lang='lat' dir='ltr'>videamus.</span> <span class='ocrx_word' id='word_1_476' title='bbox 889 3979 1063 4055; x_wconf 87' lang='lat' dir='ltr'>concidant,</span> <span class='ocrx_word' id='word_1_477' title='bbox 1078 3985 1172 4057; x_wconf 90' lang='lat' dir='ltr'>atque</span> <span class='ocrx_word' id='word_1_478' title='bbox 1196 3977 1350 4038; x_wconf 88' lang='lat' dir='ltr'>deficiant.</span> <span class='ocrx_word' id='word_1_479' title='bbox 1365 3977 1438 4038; x_wconf 78' lang='lat' dir='ltr'>Hac</span> <span class='ocrx_word' id='word_1_480' title='bbox 1456 3981 1608 4056; x_wconf 90' lang='lat' dir='ltr'>quantum</span> <span class='ocrx_word' id='word_1_481' title='bbox 1620 3978 1662 4039; x_wconf 87' lang='lat' dir='ltr'>ad</span> 
     </span>
    </p>

    <p class='ocr_par' dir='ltr' id='par_1_3' title="bbox 69 4068 1746 5161">
     <span class='ocr_line' id='line_1_41' title="bbox 108 4068 1661 4155; baseline -0.004 -19"><span class='ocrx_word' id='word_1_482' title='bbox 108 4074 288 4155; x_wconf 80' lang='lat' dir='ltr'>Appetitum</span> <span class='ocrx_word' id='word_1_483' title='bbox 307 4074 493 4135; x_wconf 84' lang='lat' dir='ltr'>sentientem</span> <span class='ocrx_word' id='word_1_484' title='bbox 507 4073 654 4133; x_wconf 88' lang='lat' dir='ltr'>adversus</span> <span class='ocrx_word' id='word_1_485' title='bbox 669 4071 842 4151; x_wconf 89' lang='lat' dir='ltr'>appetitum</span> <span class='ocrx_word' id='word_1_486' title='bbox 889 4080 1045 4143; x_wconf 88' lang='lat' dir='ltr'>naturam,</span> <span class='ocrx_word' id='word_1_487' title='bbox 1059 4075 1091 4131; x_wconf 88' lang='lat' dir='ltr'>et</span> <span class='ocrx_word' id='word_1_488' title='bbox 1102 4069 1308 4150; x_wconf 87' lang='lat' dir='ltr'>aptitudinem</span> <span class='ocrx_word' id='word_1_489' title='bbox 1320 4068 1474 4149; x_wconf 87' lang='lat' dir='ltr'>appetitus</span> <span class='ocrx_word' id='word_1_490' title='bbox 1489 4086 1499 4127; x_wconf 89' lang='lat'>.·</span> <span class='ocrx_word' id='word_1_491' title='bbox 1514 4068 1566 4128; x_wconf 90' lang='lat' dir='ltr'>cui</span> <span class='ocrx_word' id='word_1_492' title='bbox 1579 4074 1661 4130; x_wconf 90' lang='lat' dir='ltr'>certe</span> 
     </span>
     <span class='ocr_line' id='line_1_42' title="bbox 69 4159 1661 4245; baseline -0.004 -17"><span class='ocrx_word' id='word_1_493' title='bbox 69 4167 253 4228; x_wconf 84' lang='lat' dir='ltr'>rationalem</span> <span class='ocrx_word' id='word_1_494' title='bbox 266 4183 429 4245; x_wconf 90' lang='lat' dir='ltr'>nunquam</span> <span class='ocrx_word' id='word_1_495' title='bbox 442 4164 574 4237; x_wconf 83' lang='lat' dir='ltr'>moveri,</span> <span class='ocrx_word' id='word_1_496' title='bbox 590 4169 621 4225; x_wconf 90' lang='lat' dir='ltr'>et</span> <span class='ocrx_word' id='word_1_497' title='bbox 634 4169 740 4224; x_wconf 88' lang='lat' dir='ltr'>contra</span> <span class='ocrx_word' id='word_1_498' title='bbox 748 4168 840 4223; x_wconf 89' lang='lat' dir='ltr'>natu·</span> <span class='ocrx_word' id='word_1_499' title='bbox 889 4163 936 4223; x_wconf 86' lang='lat' dir='ltr'>vis</span> <span class='ocrx_word' id='word_1_500' title='bbox 949 4161 1116 4229; x_wconf 79' lang='lat' dir='ltr'>inferatur,</span> <span class='ocrx_word' id='word_1_501' title='bbox 1132 4162 1159 4221; x_wconf 88' lang='lat' dir='ltr'>si</span> <span class='ocrx_word' id='word_1_502' title='bbox 1172 4161 1329 4237; x_wconf 89' lang='lat' dir='ltr'>omnibus,</span> <span class='ocrx_word' id='word_1_503' title='bbox 1345 4179 1416 4240; x_wconf 90' lang='lat' dir='ltr'>quae</span> <span class='ocrx_word' id='word_1_504' title='bbox 1429 4159 1488 4240; x_wconf 90' lang='lat' dir='ltr'>ipsi</span> <span class='ocrx_word' id='word_1_505' title='bbox 1501 4159 1589 4239; x_wconf 87' lang='lat' dir='ltr'>prius</span> <span class='ocrx_word' id='word_1_506' title='bbox 1602 4160 1661 4222; x_wconf 88' lang='lat' dir='ltr'>ad-</span> 
     </span>
     <span class='ocr_line' id='line_1_43' title="bbox 69 4252 1662 4336; baseline -0.002 -17"><span class='ocrx_word' id='word_1_507' title='bbox 69 4259 168 4320; x_wconf 90' lang='lat' dir='ltr'>ralem</span> <span class='ocrx_word' id='word_1_508' title='bbox 180 4258 263 4320; x_wconf 91' lang='lat' dir='ltr'>illius</span> <span class='ocrx_word' id='word_1_509' title='bbox 276 4257 503 4332; x_wconf 88' lang='lat' dir='ltr'>habitudinem,</span> <span class='ocrx_word' id='word_1_510' title='bbox 516 4261 548 4317; x_wconf 92' lang='lat' dir='ltr'>et</span> <span class='ocrx_word' id='word_1_511' title='bbox 560 4273 654 4336; x_wconf 89' lang='lat' dir='ltr'>supra</span> <span class='ocrx_word' id='word_1_512' title='bbox 667 4254 843 4316; x_wconf 87' lang='lat' dir='ltr'>naturalem</span> <span class='ocrx_word' id='word_1_513' title='bbox 890 4260 990 4331; x_wconf 90' lang='lat' dir='ltr'>erant,</span> <span class='ocrx_word' id='word_1_514' title='bbox 1005 4253 1089 4334; x_wconf 86' lang='lat' dir='ltr'>apud</span> <span class='ocrx_word' id='word_1_515' title='bbox 1097 4253 1201 4333; x_wconf 89' lang='lat' dir='ltr'>ipsum</span> <span class='ocrx_word' id='word_1_516' title='bbox 1208 4252 1416 4327; x_wconf 89' lang='lat' dir='ltr'>manentibus,</span> <span class='ocrx_word' id='word_1_517' title='bbox 1427 4270 1466 4313; x_wconf 81' lang='lat' dir='ltr'>ex</span> <span class='ocrx_word' id='word_1_518' title='bbox 1475 4252 1586 4313; x_wconf 90' lang='lat' dir='ltr'>iisdem</span> <span class='ocrx_word' id='word_1_519' title='bbox 1596 4272 1662 4316; x_wconf 89' lang='lat' dir='ltr'>non</span> 
     </span>
     <span class='ocr_line' id='line_1_44' title="bbox 69 4345 1661 4431; baseline -0.002 -20"><span class='ocrx_word' id='word_1_520' title='bbox 69 4350 166 4430; x_wconf 79' lang='lat' dir='ltr'>hujus</span> <span class='ocrx_word' id='word_1_521' title='bbox 175 4357 359 4431; x_wconf 87' lang='lat' dir='ltr'>potestatem</span> <span class='ocrx_word' id='word_1_522' title='bbox 371 4349 438 4410; x_wconf 88' lang='lat' dir='ltr'>fore</span> <span class='ocrx_word' id='word_1_523' title='bbox 457 4348 691 4410; x_wconf 87' lang='lat' dir='ltr'>affirmavimus.</span> <span class='ocrx_word' id='word_1_524' title='bbox 716 4347 844 4409; x_wconf 86' lang='lat' dir='ltr'>Utrum·</span> <span class='ocrx_word' id='word_1_525' title='bbox 890 4346 975 4408; x_wconf 90' lang='lat' dir='ltr'>idem</span> <span class='ocrx_word' id='word_1_526' title='bbox 1001 4350 1159 4425; x_wconf 87' lang='lat' dir='ltr'>sequatur.</span> <span class='ocrx_word' id='word_1_527' title='bbox 1183 4345 1222 4406; x_wconf 91' lang='lat' dir='ltr'>Ut</span> <span class='ocrx_word' id='word_1_528' title='bbox 1248 4351 1357 4406; x_wconf 91' lang='lat' dir='ltr'>contra</span> <span class='ocrx_word' id='word_1_529' title='bbox 1384 4350 1541 4421; x_wconf 89' lang='lat' dir='ltr'>naturam,</span> <span class='ocrx_word' id='word_1_530' title='bbox 1567 4351 1661 4425; x_wconf 89' lang='lat' dir='ltr'>atque</span> 
     </span>
     <span class='ocr_line' id='line_1_45' title="bbox 69 4435 1663 4522; baseline -0.004 -18"><span class='ocrx_word' id='word_1_531' title='bbox 69 4460 134 4522; x_wconf 89' lang='lat' dir='ltr'>que</span> <span class='ocrx_word' id='word_1_532' title='bbox 146 4442 276 4505; x_wconf 85' lang='lat' dir='ltr'>seorsim</span> <span class='ocrx_word' id='word_1_533' title='bbox 286 4441 496 4522; x_wconf 89' lang='lat' dir='ltr'>probandum.</span> <span class='ocrx_word' id='word_1_534' title='bbox 514 4441 657 4502; x_wconf 89' lang='lat' dir='ltr'>Primum</span> <span class='ocrx_word' id='word_1_535' title='bbox 670 4439 713 4499; x_wconf 85' lang='lat' dir='ltr'>ita</span> <span class='ocrx_word' id='word_1_536' title='bbox 729 4458 737 4499; x_wconf 91' lang='lat'>:</span> <span class='ocrx_word' id='word_1_537' title='bbox 752 4440 844 4499; x_wconf 89' lang='lat' dir='ltr'>Tam·</span> <span class='ocrx_word' id='word_1_538' title='bbox 890 4439 1098 4518; x_wconf 87' lang='lat' dir='ltr'>aptitudinem</span> <span class='ocrx_word' id='word_1_539' title='bbox 1108 4435 1518 4510; x_wconf 76' lang='lat' dir='ltr'>aunumloret,velnarium</span> <span class='ocrx_word' id='word_1_540' title='bbox 1533 4436 1663 4517; x_wconf 86' lang='lat' dir='ltr'>:siipsis</span> 
     </span>
     <span class='ocr_line' id='line_1_46' title="bbox 70 4528 1664 4613; baseline -0.003 -17"><span class='ocrx_word' id='word_1_541' title='bbox 70 4535 128 4596; x_wconf 94' lang='lat' dir='ltr'>diu</span> <span class='ocrx_word' id='word_1_542' title='bbox 139 4553 228 4596; x_wconf 90' lang='lat' dir='ltr'>causa</span> <span class='ocrx_word' id='word_1_543' title='bbox 248 4533 421 4595; x_wconf 87' lang='lat' dir='ltr'>necessaria</span> <span class='ocrx_word' id='word_1_544' title='bbox 438 4532 573 4613; x_wconf 83' lang='lat' dir='ltr'>persistit</span> <span class='ocrx_word' id='word_1_545' title='bbox 590 4531 624 4592; x_wconf 90' lang='lat' dir='ltr'>in</span> <span class='ocrx_word' id='word_1_546' title='bbox 644 4537 726 4608; x_wconf 89' lang='lat' dir='ltr'>acta,</span> <span class='ocrx_word' id='word_1_547' title='bbox 741 4530 844 4610; x_wconf 92' lang='lat' dir='ltr'>quoad</span> <span class='ocrx_word' id='word_1_548' title='bbox 890 4529 1031 4609; x_wconf 88' lang='lat' dir='ltr'>integris,</span> <span class='ocrx_word' id='word_1_549' title='bbox 1045 4547 1103 4590; x_wconf 90' lang='lat' dir='ltr'>nee</span> <span class='ocrx_word' id='word_1_550' title='bbox 1115 4529 1153 4589; x_wconf 90' lang='lat' dir='ltr'>iis</span> <span class='ocrx_word' id='word_1_551' title='bbox 1169 4528 1262 4589; x_wconf 89' lang='lat' dir='ltr'>rebus</span> <span class='ocrx_word' id='word_1_552' title='bbox 1281 4528 1403 4603; x_wconf 85' lang='lat' dir='ltr'>amotis,</span> <span class='ocrx_word' id='word_1_553' title='bbox 1424 4529 1508 4590; x_wconf 90' lang='lat' dir='ltr'>unde</span> <span class='ocrx_word' id='word_1_554' title='bbox 1531 4533 1564 4591; x_wconf 92' lang='lat' dir='ltr'>et</span> <span class='ocrx_word' id='word_1_555' title='bbox 1580 4528 1664 4591; x_wconf 89' lang='lat' dir='ltr'>idem</span> 
     </span>
     <span class='ocr_line' id='line_1_47' title="bbox 69 4621 1664 4708; baseline -0.002 -22"><span class='ocrx_word' id='word_1_556' title='bbox 69 4625 397 4708; x_wconf 88' lang='lat' dir='ltr'>integrapermanent,</span> <span class='ocrx_word' id='word_1_557' title='bbox 405 4625 566 4705; x_wconf 84' lang='lat' dir='ltr'>ipsiqueea</span> <span class='ocrx_word' id='word_1_558' title='bbox 575 4622 681 4684; x_wconf 89' lang='lat' dir='ltr'>omnia</span> <span class='ocrx_word' id='word_1_559' title='bbox 690 4627 842 4699; x_wconf 88' lang='lat' dir='ltr'>constant,</span> <span class='ocrx_word' id='word_1_560' title='bbox 891 4628 1009 4683; x_wconf 90' lang='lat' dir='ltr'>tremor</span> <span class='ocrx_word' id='word_1_561' title='bbox 1034 4622 1068 4682; x_wconf 91' lang='lat' dir='ltr'>in</span> <span class='ocrx_word' id='word_1_562' title='bbox 1094 4639 1187 4694; x_wconf 91' lang='lat' dir='ltr'>aere,</span> <span class='ocrx_word' id='word_1_563' title='bbox 1212 4621 1382 4699; x_wconf 88' lang='lat' dir='ltr'>eademque</span> <span class='ocrx_word' id='word_1_564' title='bbox 1407 4621 1546 4695; x_wconf 86' lang='lat' dir='ltr'>effluvia,</span> <span class='ocrx_word' id='word_1_565' title='bbox 1570 4626 1664 4702; x_wconf 86' lang='lat' dir='ltr'>atque</span> 
     </span>
     <span class='ocr_line' id='line_1_48' title="bbox 69 4712 1663 4799; baseline -0.004 -20"><span class='ocrx_word' id='word_1_566' title='bbox 69 4736 109 4779; x_wconf 85' lang='lat' dir='ltr'>ac</span> <span class='ocrx_word' id='word_1_567' title='bbox 121 4722 302 4799; x_wconf 90' lang='lat' dir='ltr'>suppetunt,</span> <span class='ocrx_word' id='word_1_568' title='bbox 318 4716 431 4797; x_wconf 89' lang='lat' dir='ltr'>quibus</span> <span class='ocrx_word' id='word_1_569' title='bbox 445 4717 478 4777; x_wconf 91' lang='lat' dir='ltr'>in</span> <span class='ocrx_word' id='word_1_570' title='bbox 493 4723 599 4777; x_wconf 87' lang='lat' dir='ltr'>actum</span> <span class='ocrx_word' id='word_1_571' title='bbox 616 4715 764 4795; x_wconf 86' lang='lat' dir='ltr'>perducta</span> <span class='ocrx_word' id='word_1_572' title='bbox 786 4718 842 4775; x_wconf 89' lang='lat' dir='ltr'>est.</span> <span class='ocrx_word' id='word_1_573' title='bbox 893 4714 1007 4775; x_wconf 86' lang='lat' dir='ltr'>halitus</span> <span class='ocrx_word' id='word_1_574' title='bbox 1020 4720 1140 4787; x_wconf 84' lang='lat' dir='ltr'>essent3</span> <span class='ocrx_word' id='word_1_575' title='bbox 1154 4731 1219 4774; x_wconf 90' lang='lat' dir='ltr'>non</span> <span class='ocrx_word' id='word_1_576' title='bbox 1236 4712 1320 4773; x_wconf 90' lang='lat' dir='ltr'>idem</span> <span class='ocrx_word' id='word_1_577' title='bbox 1342 4717 1449 4774; x_wconf 86' lang='lat' dir='ltr'>tamen</span> <span class='ocrx_word' id='word_1_578' title='bbox 1471 4712 1534 4774; x_wconf 77' lang='lat' dir='ltr'>sive</span> <span class='ocrx_word' id='word_1_579' title='bbox 1555 4730 1663 4790; x_wconf 92' lang='lat' dir='ltr'>sonus,</span> 
     </span>
     <span class='ocr_line' id='line_1_49' title="bbox 70 4803 1665 4886; baseline -0.001 -19"><span class='ocrx_word' id='word_1_580' title='bbox 70 4808 221 4872; x_wconf 81' lang='lat' dir='ltr'>Voluntas</span> <span class='ocrx_word' id='word_1_581' title='bbox 239 4816 361 4878; x_wconf 88' lang='lat' dir='ltr'>autem,</span> <span class='ocrx_word' id='word_1_582' title='bbox 390 4826 456 4869; x_wconf 89' lang='lat' dir='ltr'>non</span> <span class='ocrx_word' id='word_1_583' title='bbox 483 4807 588 4883; x_wconf 86' lang='lat' dir='ltr'>simul,</span> <span class='ocrx_word' id='word_1_584' title='bbox 614 4812 650 4868; x_wconf 89' lang='lat' dir='ltr'>ut</span> <span class='ocrx_word' id='word_1_585' title='bbox 675 4806 846 4885; x_wconf 88' lang='lat' dir='ltr'>appetitum</span> <span class='ocrx_word' id='word_1_586' title='bbox 894 4806 957 4867; x_wconf 82' lang='lat' dir='ltr'>sive</span> <span class='ocrx_word' id='word_1_587' title='bbox 971 4805 1059 4876; x_wconf 90' lang='lat' dir='ltr'>odor,</span> <span class='ocrx_word' id='word_1_588' title='bbox 1065 4811 1101 4865; x_wconf 90' lang='lat' dir='ltr'>ut</span> <span class='ocrx_word' id='word_1_589' title='bbox 1114 4811 1185 4866; x_wconf 89' lang='lat' dir='ltr'>ante</span> <span class='ocrx_word' id='word_1_590' title='bbox 1198 4805 1418 4886; x_wconf 90' lang='lat' dir='ltr'>perciperetur.</span> <span class='ocrx_word' id='word_1_591' title='bbox 1434 4805 1474 4865; x_wconf 86' lang='lat' dir='ltr'>At</span> <span class='ocrx_word' id='word_1_592' title='bbox 1489 4803 1580 4880; x_wconf 86' lang='lat' dir='ltr'>forte,</span> <span class='ocrx_word' id='word_1_593' title='bbox 1594 4809 1665 4884; x_wconf 88' lang='lat' dir='ltr'>post</span> 
     </span>
     <span class='ocr_line' id='line_1_50' title="bbox 71 4896 1662 4979; baseline -0.004 -18"><span class='ocrx_word' id='word_1_594' title='bbox 71 4903 192 4963; x_wconf 86' lang='lat' dir='ltr'>moveri</span> <span class='ocrx_word' id='word_1_595' title='bbox 202 4900 403 4977; x_wconf 86' lang='lat' dir='ltr'>nolit,statim</span> <span class='ocrx_word' id='word_1_596' title='bbox 414 4901 472 4979; x_wconf 91' lang='lat' dir='ltr'>ipsi</span> <span class='ocrx_word' id='word_1_597' title='bbox 487 4898 685 4975; x_wconf 89' lang='lat' dir='ltr'>subducit,ao</span> <span class='ocrx_word' id='word_1_598' title='bbox 693 4897 848 4958; x_wconf 86' lang='lat' dir='ltr'>subtrahit</span> <span class='ocrx_word' id='word_1_599' title='bbox 894 4896 1061 4959; x_wconf 87' lang='lat' dir='ltr'>voluntatis</span> <span class='ocrx_word' id='word_1_600' title='bbox 1073 4896 1337 4972; x_wconf 82' lang='lat' dir='ltr'>interdictum,vis</span> <span class='ocrx_word' id='word_1_601' title='bbox 1343 4896 1452 4958; x_wconf 90' lang='lat' dir='ltr'>eadem</span> <span class='ocrx_word' id='word_1_602' title='bbox 1465 4896 1499 4955; x_wconf 90' lang='lat' dir='ltr'>in</span> <span class='ocrx_word' id='word_1_603' title='bbox 1512 4896 1662 4976; x_wconf 90' lang='lat' dir='ltr'>appetitu,</span> 
     </span>
     <span class='ocr_line' id='line_1_51' title="bbox 70 4986 1665 5073; baseline -0.003 -20"><span class='ocrx_word' id='word_1_604' title='bbox 70 4992 191 5073; x_wconf 87' lang='lat' dir='ltr'>aliquid</span> <span class='ocrx_word' id='word_1_605' title='bbox 202 5011 325 5062; x_wconf 89' lang='lat' dir='ltr'>eorum,</span> <span class='ocrx_word' id='word_1_606' title='bbox 348 4992 461 5072; x_wconf 85' lang='lat' dir='ltr'>quibus</span> <span class='ocrx_word' id='word_1_607' title='bbox 485 4990 631 5052; x_wconf 91' lang='lat' dir='ltr'>omnibus</span> <span class='ocrx_word' id='word_1_608' title='bbox 653 4989 844 5063; x_wconf 79' lang='lat' dir='ltr'>factumest,</span> <span class='ocrx_word' id='word_1_609' title='bbox 896 4995 989 5069; x_wconf 90' lang='lat' dir='ltr'>atque</span> <span class='ocrx_word' id='word_1_610' title='bbox 1014 4988 1255 5050; x_wconf 87' lang='lat' dir='ltr'>efficientianon</span> <span class='ocrx_word' id='word_1_611' title='bbox 1277 4993 1384 5050; x_wconf 84' lang='lat' dir='ltr'>manet</span> <span class='ocrx_word' id='word_1_612' title='bbox 1399 5006 1410 5048; x_wconf 92' lang='lat'>.·</span> <span class='ocrx_word' id='word_1_613' title='bbox 1425 4987 1477 5055; x_wconf 84' lang='lat' dir='ltr'>sic,</span> <span class='ocrx_word' id='word_1_614' title='bbox 1500 4993 1535 5047; x_wconf 86' lang='lat' dir='ltr'>ut</span> <span class='ocrx_word' id='word_1_615' title='bbox 1555 4986 1665 5049; x_wconf 65' lang='lat' dir='ltr'>mdem</span> 
     </span>
     <span class='ocr_line' id='line_1_52' title="bbox 70 5077 1746 5161; baseline -0.002 -16"><span class='ocrx_word' id='word_1_616' title='bbox 70 5091 301 5148; x_wconf 82' lang='lat' dir='ltr'>utmoveretur</span> <span class='ocrx_word' id='word_1_617' title='bbox 317 5104 325 5144; x_wconf 76' lang='grc' dir='ltr'>ι</span> <span class='ocrx_word' id='word_1_618' title='bbox 341 5102 407 5144; x_wconf 89' lang='lat' dir='ltr'>non</span> <span class='ocrx_word' id='word_1_619' title='bbox 430 5082 578 5145; x_wconf 78' lang='lat' dir='ltr'>oonhnuo</span> <span class='ocrx_word' id='word_1_620' title='bbox 602 5081 750 5161; x_wconf 89' lang='lat' dir='ltr'>igitur,si</span> <span class='ocrx_word' id='word_1_621' title='bbox 770 5080 849 5142; x_wconf 90' lang='lat' dir='ltr'>nolit</span> <span class='ocrx_word' id='word_1_622' title='bbox 894 5081 1179 5159; x_wconf 88' lang='lat' dir='ltr'>bonis,eodemque</span> <span class='ocrx_word' id='word_1_623' title='bbox 1193 5080 1227 5141; x_wconf 92' lang='lat' dir='ltr'>in</span> <span class='ocrx_word' id='word_1_624' title='bbox 1246 5077 1500 5155; x_wconf 89' lang='lat' dir='ltr'>lumineoblatis,</span> <span class='ocrx_word' id='word_1_625' title='bbox 1515 5085 1571 5140; x_wconf 90' lang='lat' dir='ltr'>eut</span> <span class='ocrx_word' id='word_1_626' title='bbox 1591 5079 1667 5141; x_wconf 86' lang='lat' dir='ltr'>inei·</span> <span class='ocrx_word' id='word_1_627' title='bbox 1736 5109 1746 5127; x_wconf 59' lang='grc' dir='ltr'>ι</span> 
     </span>
    </p>
   </div>
   <div class='ocr_carea' id='block_1_3' title="bbox 70 5169 1667 5440">
    <p class='ocr_par' dir='ltr' id='par_1_4' title="bbox 70 5169 1667 5440">
     <span class='ocr_line' id='line_1_53' title="bbox 70 5169 1667 5259; baseline -0.005 -21"><span class='ocrx_word' id='word_1_628' title='bbox 70 5177 216 5240; x_wconf 80' lang='lat' dir='ltr'>voluntas</span> <span class='ocrx_word' id='word_1_629' title='bbox 233 5176 408 5259; x_wconf 86' lang='lat' dir='ltr'>appetitum</span> <span class='ocrx_word' id='word_1_630' title='bbox 430 5174 559 5244; x_wconf 86' lang='lat' dir='ltr'>moveri,</span> <span class='ocrx_word' id='word_1_631' title='bbox 574 5175 602 5235; x_wconf 91' lang='lat' dir='ltr'>is</span> <span class='ocrx_word' id='word_1_632' title='bbox 623 5178 785 5254; x_wconf 85' lang='lat' dir='ltr'>propterea</span> <span class='ocrx_word' id='word_1_633' title='bbox 808 5171 847 5232; x_wconf 90' lang='lat' dir='ltr'>ab</span> <span class='ocrx_word' id='word_1_634' title='bbox 893 5170 955 5233; x_wconf 88' lang='lat' dir='ltr'>tari</span> <span class='ocrx_word' id='word_1_635' title='bbox 967 5170 1145 5250; x_wconf 85' lang='lat' dir='ltr'>eupiditate,</span> <span class='ocrx_word' id='word_1_636' title='bbox 1153 5177 1208 5231; x_wconf 90' lang='lat' dir='ltr'>aut</span> <span class='ocrx_word' id='word_1_637' title='bbox 1221 5170 1323 5231; x_wconf 83' lang='lat' dir='ltr'>efferri</span> <span class='ocrx_word' id='word_1_638' title='bbox 1333 5170 1447 5249; x_wconf 88' lang='lat' dir='ltr'>gaudio</span> <span class='ocrx_word' id='word_1_639' title='bbox 1454 5169 1534 5250; x_wconf 85' lang='lat' dir='ltr'>uigil</span> <span class='ocrx_word' id='word_1_640' title='bbox 1543 5171 1667 5247; x_wconf 87' lang='lat' dir='ltr'>segnius</span> 
     </span>
     <span class='ocr_line' id='line_1_54' title="bbox 71 5263 1666 5350; baseline -0.004 -20"><span class='ocrx_word' id='word_1_641' title='bbox 71 5274 320 5350; x_wconf 86' lang='lat' dir='ltr'>aetu,motuque</span> <span class='ocrx_word' id='word_1_642' title='bbox 342 5266 559 5341; x_wconf 78' lang='lat' dir='ltr'>succensebit,</span> <span class='ocrx_word' id='word_1_643' title='bbox 576 5271 607 5327; x_wconf 90' lang='lat' dir='ltr'>et</span> <span class='ocrx_word' id='word_1_644' title='bbox 628 5264 754 5326; x_wconf 87' lang='lat' dir='ltr'>absistet</span> <span class='ocrx_word' id='word_1_645' title='bbox 770 5283 777 5325; x_wconf 89' lang='lat'>:</span> <span class='ocrx_word' id='word_1_646' title='bbox 792 5264 846 5325; x_wconf 89' lang='lat' dir='ltr'>sed</span> <span class='ocrx_word' id='word_1_647' title='bbox 897 5269 1001 5344; x_wconf 89' lang='lat' dir='ltr'>queat.</span> <span class='ocrx_word' id='word_1_648' title='bbox 1029 5263 1108 5348; x_wconf 66' lang='lat' dir='ltr'>N⁰li</span> <span class='ocrx_word' id='word_1_649' title='bbox 1134 5263 1278 5343; x_wconf 89' lang='lat' dir='ltr'>equidem</span> <span class='ocrx_word' id='word_1_650' title='bbox 1304 5279 1411 5324; x_wconf 88' lang='lat' dir='ltr'>rerum</span> <span class='ocrx_word' id='word_1_651' title='bbox 1445 5280 1569 5340; x_wconf 74' lang='lat' dir='ltr'>musas,</span> <span class='ocrx_word' id='word_1_652' title='bbox 1595 5280 1666 5342; x_wconf 79' lang='lat' dir='ltr'>quae</span> 
     </span>
     <span class='ocr_line' id='line_1_55' title="bbox 71 5353 1667 5440; baseline -0.004 -19"><span class='ocrx_word' id='word_1_653' title='bbox 71 5360 395 5440; x_wconf 74' lang='lat' dir='ltr'>conuectiamipsius</span> <span class='ocrx_word' id='word_1_654' title='bbox 403 5356 847 5439; x_wconf 80' lang='lat' dir='ltr'>imperiummovebitur.Nam</span> <span class='ocrx_word' id='word_1_655' title='bbox 900 5356 1040 5436; x_wconf 80' lang='lat' dir='ltr'>integra,</span> <span class='ocrx_word' id='word_1_656' title='bbox 1054 5353 1667 5436; x_wconf 80' lang='lat' dir='ltr'>etparatissimrenupererant,nbi[teus</span> 
     </span>
    </p>
   </div>
   <div class='ocr_carea' id='block_1_4' title="bbox 235 5470 1547 5539">
    <p class='ocr_par' dir='ltr' id='par_1_5' title="bbox 235 5470 1547 5539">
     <span class='ocr_line' id='line_1_56' title="bbox 235 5470 1547 5539; baseline -0.005 -2"><span class='ocrx_word' id='word_1_657' title='bbox 235 5478 315 5539; x_wconf 84' lang='grc' dir='ltr'>Τοιι.</span> <span class='ocrx_word' id='word_1_658' title='bbox 336 5475 389 5537; x_wconf 85' lang='lat' dir='ltr'>IV.</span> <span class='ocrx_word' id='word_1_659' title='bbox 1507 5470 1547 5530; x_wconf 72' lang='lat'>35</span> 
     </span>
    </p>
   </div>
   <div class='ocr_carea' id='block_1_5' title="bbox 0 0 2010 6164">
    <p class='ocr_par' dir='ltr' id='par_1_6' title="bbox 0 0 2010 6164">
     <span class='ocr_line' id='line_1_57' title="bbox 0 0 2010 6164; baseline 0 0"><span class='ocrx_word' id='word_1_660' title='bbox 0 0 2010 6164; x_wconf 95' lang='lat' dir='ltr'> </span> 
     </span>
    </p>
   </div>
  </div>
 </body>
</html>
