4004 6168
320 349 380 411 586
859 349 1059 415 serenent
1079 348 1133 413 su
1153 348 1305 413 LIBRUM
1325 350 1356 413 11

319 516 514 597 agnosmnda
536 525 582 581 ast
611 519 723 599 gratia,
748 519 802 581 sed
827 535 892 581 non
916 516 1088 596 ignoranda
1137 521 1299 579 utteeesm
1308 516 1392 597 quod
1409 517 1522 579 ments
1537 516 1891 587 omtnsdensbdsrnt.

319 612 433 671 natura
446 628 454 670 t
470 631 486 669 a
503 629 585 691 quea,
601 612 801 690 quantumvis
823 612 983 685 innodans,
1000 627 1088 669 serva
1139 609 1243 689 (etiam
1256 610 1290 671 in
1299 614 1382 671 statu
1393 609 1639 690 innocentissimi
1646 609 1691 671 lla
1699 608 1794 670 bomo
1805 610 1895 687 megla

319 706 483 765 esttamen
499 723 506 764 ι
521 722 623 784 neque
648 704 707 783 ipsi
728 704 908 765 mnoeentia
926 703 978 780 jus
999 699 1089 762 affert
1138 707 1262 780 propter
1277 701 1341 779 ipsa
1353 700 1475 762 debitor
1496 706 1659 781 est,qnsm
1679 701 1893 775 Deushomini,

319 794 430 867 idlnm,
446 813 509 874 quo
523 795 673 857 debeatur
696 795 756 875 ipsi
776 795 881 855 divim
901 792 1039 870 adoptio.
1053 810 1089 852 ae
1138 793 1213 872 quid
1226 799 1300 854 sunt
1310 794 1422 855 merita
1434 793 1587 855 omnised
1598 798 1715 854 tantam
1728 791 1895 870 gloriamlr

319 884 450 949 subinde
474 887 576 967 ampla
590 887 654 964 illa,
674 892 706 948 et
726 885 891 965 magnifiee
912 884 1087 956 haereditas,
1140 884 1386 964 Sapientisssime
1399 885 1675 964 lgitanridsntini
1682 885 1813 945 Patres·
1826 883 1899 947 bens

319 996 390 1057 qum
416 977 552 1040 tiliorum
578 985 626 1040 est
644 978 769 1058 propris
796 975 1022 1040 tantummodo.
1051 977 1089 1035 In
1140 976 1341 1056 operantibus
1357 995 1457 1056 nsque
1479 976 1514 1037 in
1535 977 1643 1053 finem,
1667 981 1699 1037 et
1711 977 1745 1036 in
1765 977 1827 1036 lieo
1840 993 1900 1057 spe

320 1070 462 1133 eamdem
476 1071 661 1133 sententiam
669 1071 702 1131 id
710 1072 813 1149 ipsum
823 1068 948 1148 exponit
955 1066 1089 1147 cyrillus
1139 1067 1282 1129 rantibus
1295 1069 1496 1149 proponenda
1513 1086 1579 1129 esse
1602 1065 1798 1149 (stauterunt)
1811 1068 1899 1129 vitam

320 1161 403 1240 apud
417 1161 526 1223 divum
540 1163 694 1223 'rhomam
712 1161 746 1222 in
766 1166 825 1223 sat.
850 1162 1088 1221 «Docetautem
1140 1165 1302 1233 eternam,
1322 1165 1354 1221 et
1370 1166 1521 1239 tanquam
1541 1160 1675 1238 gratiam
1692 1159 1765 1220 illita
1786 1159 1900 1238 Deiper

320 1254 482 1328 Dominus,
492 1253 604 1334 inquit,
621 1254 705 1334 quod
720 1254 773 1332 jus
785 1250 944 1332 potestatis
954 1249 1088 1311 domini-
1141 1251 1296 1313 Christum
1316 1251 1424 1313 desum
1451 1251 1690 1314 misericorditer
1710 1251 1897 1329 promissam,

318 1363 373 1422 eae,
402 1346 489 1425 quasi
513 1345 650 1407 debitam
670 1344 892 1422 subjectionem
918 1341 1048 1420 requirit
1069 1360 1088 1402 a
1140 1349 1333 1422 ettenquem
1353 1343 1526 1404 meraedem
1543 1360 1581 1404 ex
1594 1342 1692 1422 ipsius
1705 1343 1759 1403 Dei
1778 1343 1898 1421 prornis-

318 1437 443 1500 famulis
457 1457 464 1499 ι
477 1455 550 1499 sum
563 1437 677 1510 subdit,
692 1433 847 1515 numquid
855 1434 987 1512 gratiam
995 1432 1089 1494 habet
1142 1436 1228 1498 sione
1237 1435 1327 1497 bonis
1336 1435 1477 1515 ipserum
1486 1435 1771 1514 operibusfldeliter
1780 1434 1899 1495 redden-

318 1547 407 1590 servo
418 1528 473 1602 illi,
491 1535 548 1591 ela.
566 1527 745 1604 Considera,
761 1527 856 1606 quod,
871 1525 926 1605 qui
939 1524 1023 1604 apud
1033 1542 1090 1586 nos
1142 1527 1223 1590 dam.
1254 1548 1270 1585 n
1302 1526 1428 1589 Sedasa
1454 1527 1539 1588 enim
1570 1526 1703 1605 gratuita
1729 1544 1765 1587 eo
1791 1524 1900 1587 biaut
1987 1556 1996 1589 ·.

319 1621 531 1695 dominentur,
547 1637 612 1683 non
626 1619 765 1681 referunt
778 1617 981 1696 gratias,eum
992 1616 1089 1695 aliqui
1141 1619 1260 1681 domiui
1269 1618 1485 1698 promissione,
1493 1635 1559 1681 non
1568 1636 1605 1679 ea
1614 1625 1660 1680 est
1671 1618 1897 1692 servisondilio,

319 1708 1087 1791 subditorumstatutasibiprosequuuturobsequie:
1140 1711 1299 1773 utmerito
1309 1709 1899 1790 bonornmoperumpraerninmsiiqnod

320 1805 374 1868 sed
392 1824 431 1866 ex
453 1804 668 1866 benevolentia
686 1802 800 1882 saepius
822 1817 953 1861 suornm
976 1818 1089 1879 provo·
1140 1802 1299 1864 adomino
1313 1801 1373 1863 sibi
1387 1809 1472 1863 oerto
1492 1802 1686 1881 promittere,
1703 1806 1735 1862 et
1747 1802 1822 1880 jure
1833 1819 1899 1881 quo·

320 1902 423 1958 santes
437 1896 593 1971 effaetum,
609 1897 760 1974 majorem
780 1893 824 1954 eis
841 1892 1013 1972 appetitum
1026 1910 1089 1953 ser-
1140 1892 1214 1954 dam
1226 1902 1365 1972 repetere
1386 1899 1481 1972 atque
1501 1894 1624 1972 exigere
1646 1894 1752 1973 possit.
1769 1895 1811 1953 Et
1822 1911 1897 1967 sane,

319 1990 424 2050 mendi
441 1993 603 2068 aggerent.
624 1990 686 2063 Sia,
701 1993 733 2049 et
751 1989 831 2046 Deua
845 1984 922 2065 petit
934 1983 1091 2062 qtridema
1140 1991 1176 2045 ut
1187 1985 1418 2065 promissioiere
1425 2003 1547 2062 semper
1560 1986 1594 2045 in
1605 1984 1707 2046 Saeris
1717 1984 1839 2045 litteris
1846 1986 1899 2045 rita

319 2079 410 2140 nobis
435 2080 622 2141 famulatum
643 2079 715 2157 jure
746 2076 932 2139 servitutis:
967 2094 1087 2145 verum,
1141 2082 1257 2138 reterns
1271 2077 1463 2156 proponitur.
1480 2075 1675 2157 Sieadii'pit.
1689 2092 1709 2150 t,
1728 2078 1779 2137 tt.
1794 2074 1902 2155 Sipnsti

319 2170 393 2249 quia
405 2172 551 2247 alemena,
567 2170 708 2232 ethonus
721 2174 776 2237 est,
798 2169 932 2229 honores
945 2166 1090 2227 laboren·
1141 2169 1209 2231 eatis
1217 2167 1338 2248 Spiritu
1349 2168 1554 2250 pmma'asronis
1569 2176 1677 2243 saneta
1692 2167 1796 2247 quiesi
1805 2167 1901 2247 pipare

319 2262 403 2324 tibus
430 2263 601 2341 pollioetur,
634 2269 666 2324 et
693 2261 902 2339 supereminet
926 2259 1091 2319 sudoribus
1140 2259 1453 2322 doereditatr'snostroe.
1468 2257 1518 2320 Ad
1535 2258 1596 2321 Tit.
1612 2278 1637 2334 1,
1652 2260 1683 2319 2.
1700 2256 1737 2318 In
1751 2276 1827 2338 spem
1840 2258 1901 2318 rite

1989 1818 1997 1989 l

1986 2066 1996 2155 ι

320 2354 529 2434 subjectorum
543 2352 767 2416 benevolentius
783 2351 977 2431 magnitudo.
990 2352 1092 2412 »Tum
1141 2359 1269 2429 estanar,
1285 2369 1373 2433 qnam
1387 2351 1901 2432 promisit,qninonmentitsr,anle
1990 2350 1996 2371 '¹

319 2445 520 2523 deindeapnd
534 2444 716 2506 Corderium
726 2442 1091 2521 Mareusessbiepquem
1141 2452 1272 2524 temporo
1290 2442 1464 2505 secularia.
1480 2443 1558 2503 Voei
1575 2441 1832 2522 promitterem
1849 2458 1901 2501 res
1990 2436 1996 2495 ,Τ

1989 2498 1996 2537 l

320 2538 411 2598 illum
425 2555 489 2599 esse
503 2554 625 2610 censeo,
641 2536 731 2615 eujus
744 2532 887 2596 meminit
900 2533 1091 2613 Nicephorua
1144 2535 1259 2612 pendet
1273 2534 1447 2611 inmanem,
1474 2533 1508 2595 id
1526 2532 1900 2612 estgratuitssuelibera·
1990 2540 1996 2603 ,¹

320 2629 374 2688 lib.
398 2631 426 2690 ΙΙ
445 2647 511 2708 sap·
532 2627 731 2689 xxxvetlib.
754 2628 799 2688 ΙΙΙ
818 2645 843 2688 e.
866 2644 940 2687 xxv.
967 2627 1092 2704 «Magis
1140 2626 1308 2701 litate,sna
1330 2628 1451 2702 sponte,
1476 2626 1584 2702 gretia,
1608 2630 1639 2686 et
1658 2624 1743 2685 ultro
1761 2625 1898 2704 promisit.
1990 2684 1995 2693 ,

320 2726 437 2796 summ,
464 2720 577 2799 inquit,
604 2719 756 2782 Dominus
782 2718 943 2778 ostendere
970 2718 1089 2792 volens,
1141 2717 1191 2779 Ad
1203 2716 1323 2779 Hedrae.
1339 2733 1371 2790 x,
1391 2716 1443 2777 23.
1467 2715 1625 2777 Teneamas
1642 2716 1715 2796 Spei
1721 2722 1900 2777 nostroeean-
1985 2698 1995 2741 ·'

319 2830 413 2873 omne
440 2815 631 2892 praeseptum
658 2827 724 2871 ease
753 2808 893 2868 debitum
920 2809 1087 2887 quoddam,
1140 2808 1292 2888 senionem
1306 2805 1557 2884 indeclinabilem,
1578 2806 1678 2888 fidelis
1700 2809 1784 2868 sarim
1800 2807 1902 2888 Μή
1990 2854 1996 2885 ,

318 2904 551 2983 adoptationem
577 2919 651 2963 vero
679 2906 818 2962 nostram
844 2899 968 2977 proprio
996 2899 1091 2977 ipsius
1142 2899 1322 2981 repromisit.
1356 2898 1457 2961 lacot.
1488 2917 1512 2977 1,
1544 2900 1594 2961 ts.
1622 2900 1734 2961 Beatus
1763 2899 1829 2974 nir,
1854 2899 1900 2980 qai
1990 2898 1996 2921 ¹

320 2995 472 3074 sanguine
493 2994 615 3067 fastam,
642 2991 820 3053 hominibus
844 3008 909 3052 esse
931 2990 1089 3069 donatiam,
1140 2993 1243 3072 suffert
1267 2991 1478 3052 tentationem:
1506 2991 1658 3073 quoniam,
1683 3008 1752 3051 eum
1776 2989 1900 3072 piamina

319 3086 373 3159 ait,
400 3104 466 3146 enm
493 3084 623 3164 feceritis
646 3083 762 3158 omnia,
791 3089 849 3148 eto.
880 3082 1091 3148 Quamobrem
1140 3083 1518 3165 rneritmeipietroronem
1538 3083 1619 3154 aitte,
1639 3100 1729 3164 qnam
1743 3082 1900 3163 repromisit

297 3168 301 3185 '
319 3194 453 3256 regnum
467 3176 615 3237 soelorum
630 3194 697 3235 non
710 3181 756 3236 est
768 3193 885 3237 meroes
896 3192 1027 3253 operum
1034 3196 1049 3232 n
1057 3175 1090 3236 id
1142 3176 1219 3237 Deris
1238 3173 1434 3255 diligentibus
1448 3192 1488 3251 se,
1503 3179 1534 3236 et
1545 3193 1582 3247 11,
1599 3176 1630 3236 5.
1655 3173 1797 3236 Haeredes
1815 3175 1898 3254 regni,

319 3268 477 3331 Cetholieo
492 3286 585 3329 sensu
598 3267 822 3346 accipiendum,
838 3267 1090 3344 asedgratiaDei
1140 3267 1219 3347 qaod
1245 3266 1416 3347 repromisit
1442 3264 1520 3328 Deras
1545 3265 1739 3346 diligentibus
1761 3284 1800 3328 se.
1823 3266 1899 3340 Quod
1999 3324 2001 3329 ,

317 3361 461 3423 fidelibus
475 3362 571 3423 servis
580 3364 762 3438 praeparata.
778 3360 884 3438 Neque
898 3377 1004 3419 servns
1014 3360 1091 3436 petit
1140 3364 1246 3420 autem
1259 3360 1308 3420 hae
1323 3358 1434 3419 divinoe
1456 3357 1686 3419 testificationes
1701 3360 1746 3419 ita
1760 3359 1897 3433 eontrabi,
2000 3354 2001 3357 ’

316 3453 659 3530 libertatem,tanqnam
670 3452 855 3527 mercedem,
871 3450 925 3511 sed
941 3456 1090 3529 tanquam
1139 3457 1171 3512 et
1183 3451 1294 3512 aretari
1314 3468 1379 3511 non
1398 3450 1527 3527 possint,
1542 3454 1579 3510 nt
1595 3452 1662 3510 haee
1677 3451 1822 3528 gratuitu,
1834 3450 1899 3510 liba·
2000 3446 2001 3449 ’

318 3542 441 3604 debitor
467 3542 547 3604 bene
574 3548 731 3621 operatur,
759 3542 813 3603 illa
831 3561 906 3604 vero
933 3558 972 3603 ex
990 3542 1089 3621 gratia
1139 3543 1214 3604 ralis
1227 3548 1320 3622 atque
1334 3541 1518 3602 anteoedens
1531 3541 1696 3621 promissio
1710 3542 1812 3603 solum
1822 3541 1898 3602 intel·
1999 3538 2001 3543 ⁴

319 3634 508 3711 conceditur,
527 3654 541 3687 ι
560 3634 809 3712 Egregieantem
826 3634 1086 3714 l'heophylaetus.
1139 3634 1253 3714 ligatur
1279 3651 1336 3714 pro
1363 3638 1444 3694 statu
1472 3638 1595 3694 naturis
1621 3632 1717 3712 lapsas
1741 3654 1750 3709 ;
1777 3634 1898 3711 primum
2000 3630 2001 3635 ’

322 3726 447 3786 «Servo
472 3725 635 3786 necessitas
657 3724 819 3793 incumbit,
844 3731 880 3785 ut
895 3725 986 3786 faeiat
997 3745 1087 3786 man·
1139 3726 1249 3804 probet
1271 3726 1357 3786 ratio
1374 3725 1441 3803 ipse
1457 3743 1464 3785 :
1480 3725 1576 3785 homo
1594 3724 1692 3801 enim,
1712 3724 1898 3804 quantumvis

317 3819 390 3879 data
404 3817 535 3891 domini,
551 3816 831 3895 nequautbonum
849 3833 926 3894 opus
941 3817 999 3877 sibi
1012 3818 1089 3879 illnd
1138 3819 1300 3892 innocens,
1328 3816 1382 3876 Dei
1409 3833 1516 3876 servus
1536 3821 1583 3877 est
1604 3816 1725 3895 ipsique
1745 3816 1897 3878 amtissime
1999 3881 2000 3888 ,

318 3909 470 3970 ascribere
493 3908 603 3970 debet:
629 3908 753 3987 quippe,
774 3906 801 3967 si
824 3926 886 3968 non
911 3909 1090 3987 operabitur
1139 3908 1320 3984 obstrietus3
1335 3907 1447 3969 deinde
1470 3910 1602 3969 Petrum
1623 3908 1834 3988 interpretatio
1850 3907 1898 3987 qui
1999 3977 2000 3994 ἒ

318 4001 431 4080 dignus
443 4002 501 4063 erit
510 3999 616 4063 multis
631 3999 728 4078 plagis
745 4020 752 4060 ι
767 4017 838 4060 enm
856 4005 961 4061 entem
979 4017 1088 4078 opera·
1139 4020 1258 4076 omues,
1277 4018 1351 4064 cum
1364 4005 1513 4061 aeternam
1524 4018 1560 4061 aa
1573 4017 1627 4078 per
1637 4000 1761 4061 heanm
1774 3998 1898 4060 manin

318 4093 481 4166 tusluerit,
498 4097 660 4154 contentus
674 4092 724 4167 sit,
745 4092 830 4171 quod
848 4092 953 4171 plagas
971 4092 1088 4170 effuge·
1139 4095 1197 4154 Dei
1224 4091 1471 4153 munificentiam
1492 4108 1528 4151 aa
1546 4090 1795 4153 liberalissimam
1811 4091 1898 4171 ipsius
1999 4157 2000 4184 ἶ

319 4185 369 4247 rit.
384 4184 519 4246 Proinde
536 4202 600 4244 non
613 4189 736 4263 oportet
747 4183 785 4243 de
799 4182 858 4243 hoa
879 4184 1089 4263 pretium,vel
1138 4185 1375 4265 promissionem
1390 4183 1538 4256 natarunt,
1555 4182 1784 4257 universaliter,
1804 4200 1838 4242 ee
1849 4196 1898 4260 pre

319 4276 471 4337 bonorem
497 4274 670 4335 necessario
701 4292 853 4353 quaerere.
885 4274 1090 4338 Liberalitatis
1138 4276 1226 4337 omni
1249 4280 1331 4337 statu
1356 4274 1541 4353 loquuntur.
1569 4273 1702 4335 Basilius
1729 4276 1762 4335 in
1790 4271 1896 4334 Proin.
1999 4329 2000 4334 ,

320 4366 404 4426 enim
430 4366 546 4427 domini
572 4364 666 4425 fuerit
692 4365 765 4425 dere
790 4365 863 4444 ipsi,
892 4366 956 4426 imo
982 4365 1089 4445 largiri
1138 4370 1267 4443 ax1v,'l.
1295 4388 1310 4425 a
1335 4365 1506 4429 Convertere
1520 4366 1624 4427 animo
1643 4384 1708 4427 mea
1731 4367 1764 4427 in
1779 4364 1898 4443 requiem

319 4456 489 4537 quidpiam.
516 4457 625 4535 Igitur,
651 4461 683 4516 et
706 4455 761 4535 qui
782 4457 877 4518 servit
897 4459 971 4534 lieo,
995 4459 1090 4519 etiam
1139 4468 1232 4535 taam,
1267 4459 1341 4540 qaia
1379 4457 1521 4520 Dominus
1554 4456 1695 4537 benefecit
1716 4457 1775 4519 titi
1786 4477 1797 4519 .·
1823 4456 1897 4535 jam,

319 4548 517 4610 simandsta
539 4548 688 4627 perficiat,
722 4567 788 4609 non
821 4548 913 4609 debet
944 4550 1088 4614 extolli...
1138 4551 1252 4631 inquit,
1279 4549 1405 4630 qnando
1438 4548 1567 4629 plenum
1593 4549 1666 4609 vitm
1696 4550 1763 4610 istis
1785 4546 1899 4609 abunde

320 4638 473 4701 &natiuis
497 4640 581 4699 enim
603 4647 677 4700 sunt
694 4658 749 4719 per
771 4640 1013 4703 miseridordiam
1035 4642 1090 4703 Dei
1139 4642 1269 4722 explesti
1281 4641 1583 4720 aureum,reliquum
1605 4646 1706 4710 estut
1721 4644 1755 4701 in
1764 4640 1894 4720 requiem

320 4731 365 4792 illi
393 4748 545 4807 eonsema,
574 4749 637 4791 non
666 4733 750 4811 qnod
778 4732 888 4794 debeat
911 4734 940 4794 ei
970 4733 1089 4814 aliquid
1140 4740 1229 4796 tuam
1246 4733 1444 4809 convertaris,
1471 4732 1619 4811 quoniam
1643 4733 1793 4793 Dominus
1813 4731 1899 4791 bens·

323 4823 473 4884 Dominus
488 4842 495 4883 ι
512 4822 576 4883 imo
590 4841 697 4885 servus
719 4823 811 4885 debet
832 4824 959 4885 domino
972 4844 1040 4901 suo,
1055 4831 1091 4888 ut
1136 4826 1212 4888 ierit
1230 4825 1297 4887 tibi.
1323 4826 1430 4885 Manet
1451 4829 1557 4885 autem
1582 4824 1706 4902 requies
1720 4823 1899 4903 sempiterne

319 4915 411 4976 faeiat
436 4915 542 4975 omnia
564 4914 631 4993 ejus
650 4915 806 4976 mandata.
823 4937 838 4973 n
857 4917 995 4996 Denique
1019 4919 1091 4979 Ber·
1138 4919 1218 4994 illos,
1234 4917 1334 4996 quiin
1347 4917 1406 4977 hae
1414 4916 1478 4977 aits
1488 4915 1626 4994 legitime
1639 4915 1833 4988 aertereriut,
1843 4929 1900 4973 non

320 5008 436 5068 nardus
449 5004 1091 5070 sermon.1deAnnnnt.aNonsunteondi-
1138 5018 1287 5090 tanquam
1301 5008 1441 5069 debitum
1454 5007 1600 5087 operibus
1616 5007 1787 5081 redditum,
1802 5004 1851 5066 sed
1864 5001 1900 5063 ob
1999 5002 2000 5011 ’

320 5116 391 5176 guae
416 5099 571 5177 passiones
596 5097 690 5183 hujus
716 5101 863 5176 temporis
885 5101 925 5162 ed
953 5101 1090 5162 futuram
1139 5100 1418 5163 munificentissimi
1432 5100 1487 5160 Dei
1500 5099 1688 5178 gratiam,in
1702 5112 1900 5178 quamspers-

321 5189 462 5266 gloriam.
478 5189 573 5250 nessi
586 5207 667 5249 unus
680 5206 788 5251 omnes
803 5192 961 5254 sustineat.
984 5194 1090 5273 Neque
1138 5202 1263 5270 avarunt,
1277 5191 1460 5255 exhibita.»
1483 5189 1693 5252 Universaliua
1708 5199 1816 5252 autem
1833 5191 1899 5249 lm·
1999 5180 2000 5265 j

322 5280 489 5342 enlmtalia
502 5281 746 5342 sunthominum
757 5283 1091 5364 merite‚utpropteres
1139 5287 1271 5357 brosins,
1306 5302 1361 5346 seu
1386 5284 1489 5344 verius
1516 5281 1653 5342 Hilarius
1674 5283 1836 5357 diaeonus,
1852 5277 1900 5357 qni

322 5373 386 5432 vite
399 5377 515 5434 aeterna
534 5371 682 5434 debeatur
699 5392 738 5435 ex
747 5374 829 5452 jnre,
845 5381 900 5437 aut
917 5378 997 5438 lleus
1010 5378 1091 5455 inju-
1140 5377 1350 5439 commentia
1364 5394 1392 5436 o.
1401 5394 1426 5435 11
1443 5373 1484 5435 nd
1494 5373 1582 5436 Rom.
1595 5376 1699 5435 Deum
1712 5392 1779 5435 esse
1788 5369 1899 5434 homini

323 5464 403 5525 riam
415 5465 552 5545 aliquam
561 5463 684 5544 faceret,
699 5466 836 5529 nisieem
849 5466 1089 5547 donaret.Nam,
1140 5470 1321 5545 debitorem,
1337 5467 1491 5548 originem
1504 5467 1615 5529 dnoere
1629 5468 1673 5527 ait
1694 5484 1731 5528 ex
1746 5464 1841 5546 ipsius
1851 5459 1899 5522 Dei
