<?xml version="1.0" encoding="UTF-8"?>
<!DOCTYPE html PUBLIC "-//W3C//DTD XHTML 1.0 Transitional//EN"
    "http://www.w3.org/TR/xhtml1/DTD/xhtml1-transitional.dtd">
<html xmlns="http://www.w3.org/1999/xhtml" xml:lang="en" lang="en">
 <head>
  <title>
</title>
<meta http-equiv="Content-Type" content="text/html;charset=utf-8" />
  <meta name='ocr-system' content='tesseract 3.04.00' />
  <meta name='ocr-capabilities' content='ocr_page ocr_carea ocr_par ocr_line ocrx_word'/>
</head>
<body>
  <div class='ocr_page' id='page_1' title='image "./dogmatatheologi00goog/dogmatatheologi00goog_0097.png"; bbox 0 0 3984 6176; ppageno 0'>
   <div class='ocr_carea' id='block_1_1' title="bbox 308 370 1436 439">
    <p class='ocr_par' dir='ltr' id='par_1_1' title="bbox 308 370 1436 439">
     <span class='ocr_line' id='line_1_1' title="bbox 308 370 1436 439; baseline -0.005 -1"><span class='ocrx_word' id='word_1_1' title='bbox 308 377 348 439; x_wconf 75' lang='lat'><strong>82</strong></span> <span class='ocrx_word' id='word_1_2' title='bbox 819 373 1143 435; x_wconf 85' lang='lat' dir='ltr'>THEOLOGICORUM</span> <span class='ocrx_word' id='word_1_3' title='bbox 1163 370 1381 434; x_wconf 78' lang='lat' dir='ltr'><strong>DOGMA&#39;I’UM</strong></span> <span class='ocrx_word' id='word_1_4' title='bbox 1432 381 1436 387; x_wconf 84' lang='lat'>&#39;</span> 
     </span>
    </p>
   </div>
   <div class='ocr_carea' id='block_1_2' title="bbox 308 536 1981 901">
    <p class='ocr_par' dir='ltr' id='par_1_2' title="bbox 308 536 1981 901">
     <span class='ocr_line' id='line_1_2' title="bbox 309 536 1893 624; baseline -0.002 -20"><span class='ocrx_word' id='word_1_5' title='bbox 309 562 379 624; x_wconf 85' lang='lat' dir='ltr'><strong>quae</strong></span> <span class='ocrx_word' id='word_1_6' title='bbox 395 543 525 604; x_wconf 83' lang='lat' dir='ltr'>liberam</span> <span class='ocrx_word' id='word_1_7' title='bbox 546 560 680 622; x_wconf 88' lang='lat' dir='ltr'><strong>quoque,</strong></span> <span class='ocrx_word' id='word_1_8' title='bbox 696 546 733 601; x_wconf 91' lang='lat' dir='ltr'><strong>ut</strong></span> <span class='ocrx_word' id='word_1_9' title='bbox 754 541 874 602; x_wconf 91' lang='lat' dir='ltr'><strong>dietum</strong></span> <span class='ocrx_word' id='word_1_10' title='bbox 896 546 952 616; x_wconf 90' lang='lat' dir='ltr'><strong>est,</strong></span> <span class='ocrx_word' id='word_1_11' title='bbox 968 538 1076 601; x_wconf 86' lang='lat' dir='ltr'><strong>habuit</strong></span> <span class='ocrx_word' id='word_1_12' title='bbox 1125 555 1307 618; x_wconf 87' lang='lat' dir='ltr'><strong>possumus;</strong></span> <span class='ocrx_word' id='word_1_13' title='bbox 1321 536 1409 615; x_wconf 88' lang='lat' dir='ltr'><strong>eujus</strong></span> <span class='ocrx_word' id='word_1_14' title='bbox 1420 536 1549 598; x_wconf 90' lang='lat' dir='ltr'><strong>modum</strong></span> <span class='ocrx_word' id='word_1_15' title='bbox 1562 536 1821 612; x_wconf 83' lang='lat' dir='ltr'><strong>circumscribere,</strong></span> <span class='ocrx_word' id='word_1_16' title='bbox 1830 558 1893 601; x_wconf 89' lang='lat' dir='ltr'><strong>non</strong></span> 
     </span>
     <span class='ocr_line' id='line_1_3' title="bbox 308 629 1894 715; baseline -0.001 -20"><span class='ocrx_word' id='word_1_17' title='bbox 308 636 512 712; x_wconf 79' lang='lat' dir='ltr'><strong>voluntatem,</strong></span> <span class='ocrx_word' id='word_1_18' title='bbox 528 636 568 696; x_wconf 87' lang='lat' dir='ltr'><strong>ad</strong></span> <span class='ocrx_word' id='word_1_19' title='bbox 582 635 714 715; x_wconf 82' lang='lat' dir='ltr'>seipsam</span> <span class='ocrx_word' id='word_1_20' title='bbox 736 652 811 695; x_wconf 82' lang='lat' dir='ltr'><strong>mox</strong></span> <span class='ocrx_word' id='word_1_21' title='bbox 831 651 988 710; x_wconf 78' lang='lat' dir='ltr'><strong>conuersa,</strong></span> <span class='ocrx_word' id='word_1_22' title='bbox 1007 651 1076 694; x_wconf 90' lang='lat' dir='ltr'><strong>eam</strong></span> <span class='ocrx_word' id='word_1_23' title='bbox 1126 636 1216 691; x_wconf 81' lang='lat' dir='ltr'><strong>certae</strong></span> <span class='ocrx_word' id='word_1_24' title='bbox 1232 630 1361 691; x_wconf 87' lang='lat' dir='ltr'><strong>rationis</strong></span> <span class='ocrx_word' id='word_1_25' title='bbox 1375 635 1431 704; x_wconf 91' lang='lat' dir='ltr'><strong>est,</strong></span> <span class='ocrx_word' id='word_1_26' title='bbox 1446 629 1500 690; x_wconf 84' lang='lat' dir='ltr'><strong>sed</strong></span> <span class='ocrx_word' id='word_1_27' title='bbox 1514 629 1709 707; x_wconf 84' lang='lat' dir='ltr'><strong>oonjeeturae,</strong></span> <span class='ocrx_word' id='word_1_28' title='bbox 1723 647 1758 690; x_wconf 89' lang='lat' dir='ltr'><strong>ae</strong></span> <span class='ocrx_word' id='word_1_29' title='bbox 1768 629 1894 694; x_wconf 84' lang='lat' dir='ltr'><strong>fortasse</strong></span> 
     </span>
     <span class='ocr_line' id='line_1_4' title="bbox 308 721 1873 808; baseline -0.007 -19"><span class='ocrx_word' id='word_1_30' title='bbox 308 726 451 808; x_wconf 79' lang='lat' dir='ltr'>perdidit,</span> <span class='ocrx_word' id='word_1_31' title='bbox 467 731 501 789; x_wconf 92' lang='lat' dir='ltr'><strong>in</strong></span> <span class='ocrx_word' id='word_1_32' title='bbox 514 747 576 807; x_wconf 89' lang='lat' dir='ltr'><strong>qua</strong></span> <span class='ocrx_word' id='word_1_33' title='bbox 597 727 676 788; x_wconf 88' lang='lat' dir='ltr'><strong>facta</strong></span> <span class='ocrx_word' id='word_1_34' title='bbox 698 727 809 802; x_wconf 88' lang='lat' dir='ltr'><strong>fuerat,</strong></span> <span class='ocrx_word' id='word_1_35' title='bbox 825 726 1030 806; x_wconf 66' lang='lat' dir='ltr'><strong>dignitatem</strong></span> <span class='ocrx_word' id='word_1_36' title='bbox 1047 730 1077 787; x_wconf 87' lang='lat' dir='ltr'><strong>et</strong></span> <span class='ocrx_word' id='word_1_37' title='bbox 1127 721 1317 783; x_wconf 84' lang='lat' dir='ltr'><strong>temeritatis.</strong></span> <span class='ocrx_word' id='word_1_38' title='bbox 1866 765 1873 778; x_wconf 90' lang='lat'><strong>.</strong></span> 
     </span>
     <span class='ocr_line' id='line_1_5' title="bbox 309 813 1981 901; baseline -0.004 -19"><span class='ocrx_word' id='word_1_39' title='bbox 309 821 383 900; x_wconf 90' lang='lat' dir='ltr'><strong>quia</strong></span> <span class='ocrx_word' id='word_1_40' title='bbox 395 820 466 898; x_wconf 91' lang='lat' dir='ltr'><strong>sibi,</strong></span> <span class='ocrx_word' id='word_1_41' title='bbox 482 839 547 881; x_wconf 92' lang='lat' dir='ltr'><strong>non</strong></span> <span class='ocrx_word' id='word_1_42' title='bbox 559 822 633 897; x_wconf 90' lang='lat' dir='ltr'><strong>Deo,</strong></span> <span class='ocrx_word' id='word_1_43' title='bbox 646 838 791 901; x_wconf 88' lang='lat' dir='ltr'><strong>perverse</strong></span> <span class='ocrx_word' id='word_1_44' title='bbox 800 820 899 880; x_wconf 73' lang='lat' dir='ltr'><strong>volarit</strong></span> <span class='ocrx_word' id='word_1_45' title='bbox 908 819 1076 894; x_wconf 78' lang='lat' dir='ltr'><strong>adhaerere,</strong></span> <span class='ocrx_word' id='word_1_46' title='bbox 1168 814 1265 875; x_wconf 89' lang='lat' dir='ltr'>XVII.</span> <span class='ocrx_word' id='word_1_47' title='bbox 1289 815 1334 874; x_wconf 93' lang='lat' dir='ltr'><strong>Ae</strong></span> <span class='ocrx_word' id='word_1_48' title='bbox 1345 813 1570 874; x_wconf 87' lang='lat' dir='ltr'><strong>nonnullisunt</strong></span> <span class='ocrx_word' id='word_1_49' title='bbox 1583 813 1621 874; x_wconf 91' lang='lat' dir='ltr'><strong>de</strong></span> <span class='ocrx_word' id='word_1_50' title='bbox 1634 814 1738 875; x_wconf 85' lang='lat' dir='ltr'><strong>schola</strong></span> <span class='ocrx_word' id='word_1_51' title='bbox 1747 814 1893 895; x_wconf 82' lang='lat' dir='ltr'><strong>theologi,</strong></span> <span class='ocrx_word' id='word_1_52' title='bbox 1977 878 1981 885; x_wconf 73' lang='grc'>,</span> 
     </span>
    </p>
   </div>
   <div class='ocr_carea' id='block_1_3' title="bbox 298 905 1991 5059">
    <p class='ocr_par' dir='ltr' id='par_1_3' title="bbox 298 905 1991 5059">
     <span class='ocr_line' id='line_1_6' title="bbox 308 905 1976 993; baseline -0.002 -20"><span class='ocrx_word' id='word_1_53' title='bbox 308 931 365 974; x_wconf 91' lang='lat' dir='ltr'><strong>nec</strong></span> <span class='ocrx_word' id='word_1_54' title='bbox 374 914 407 974; x_wconf 92' lang='lat' dir='ltr'><strong>in</strong></span> <span class='ocrx_word' id='word_1_55' title='bbox 419 933 467 990; x_wconf 87' lang='lat' dir='ltr'><strong>ee,</strong></span> <span class='ocrx_word' id='word_1_56' title='bbox 479 912 562 993; x_wconf 89' lang='lat' dir='ltr'><strong>quod</strong></span> <span class='ocrx_word' id='word_1_57' title='bbox 575 919 650 990; x_wconf 87' lang='lat' dir='ltr'><strong>erat,</strong></span> <span class='ocrx_word' id='word_1_58' title='bbox 662 912 765 992; x_wconf 89' lang='lat' dir='ltr'><strong>potuit</strong></span> <span class='ocrx_word' id='word_1_59' title='bbox 774 930 968 992; x_wconf 87' lang='lat' dir='ltr'><strong>permanere.</strong></span> <span class='ocrx_word' id='word_1_60' title='bbox 979 913 1078 990; x_wconf 84' lang='lat' dir='ltr'>Lapsa</span> <span class='ocrx_word' id='word_1_61' title='bbox 1127 907 1180 987; x_wconf 88' lang='lat' dir='ltr'><strong>qul</strong></span> <span class='ocrx_word' id='word_1_62' title='bbox 1194 906 1328 986; x_wconf 83' lang='lat' dir='ltr'>Angelos</span> <span class='ocrx_word' id='word_1_63' title='bbox 1337 923 1402 966; x_wconf 91' lang='lat' dir='ltr'><strong>non</strong></span> <span class='ocrx_word' id='word_1_64' title='bbox 1408 922 1473 966; x_wconf 92' lang='lat' dir='ltr'><strong>uno</strong></span> <span class='ocrx_word' id='word_1_65' title='bbox 1484 905 1600 986; x_wconf 89' lang='lat' dir='ltr'><strong>peceati</strong></span> <span class='ocrx_word' id='word_1_66' title='bbox 1609 924 1721 985; x_wconf 81' lang='lat' dir='ltr'><strong>genere</strong></span> <span class='ocrx_word' id='word_1_67' title='bbox 1734 906 1895 987; x_wconf 87' lang='lat' dir='ltr'><strong>deliquisse</strong></span> <span class='ocrx_word' id='word_1_68' title='bbox 1972 984 1976 993; x_wconf 28' lang='lat'><em>¹</em></span> 
     </span>
     <span class='ocr_line' id='line_1_7' title="bbox 307 998 1894 1087; baseline -0.002 -22"><span class='ocrx_word' id='word_1_69' title='bbox 307 1005 413 1084; x_wconf 88' lang='lat' dir='ltr'><strong>igitur,</strong></span> <span class='ocrx_word' id='word_1_70' title='bbox 429 1016 460 1068; x_wconf 89' lang='lat' dir='ltr'><strong>et</strong></span> <span class='ocrx_word' id='word_1_71' title='bbox 472 1005 704 1087; x_wconf 87' lang='lat' dir='ltr'><strong>inproiundum</strong></span> <span class='ocrx_word' id='word_1_72' title='bbox 713 1006 915 1067; x_wconf 84' lang='lat' dir='ltr'><strong>tenebrarum</strong></span> <span class='ocrx_word' id='word_1_73' title='bbox 924 1004 1074 1079; x_wconf 89' lang='lat' dir='ltr'><strong>demersa,</strong></span> <span class='ocrx_word' id='word_1_74' title='bbox 1127 999 1247 1067; x_wconf 84' lang='lat' dir='ltr'><strong>volunt,</strong></span> <span class='ocrx_word' id='word_1_75' title='bbox 1264 999 1317 1059; x_wconf 90' lang='lat' dir='ltr'><strong>sed</strong></span> <span class='ocrx_word' id='word_1_76' title='bbox 1339 998 1497 1078; x_wconf 82' lang='lat' dir='ltr'><strong>pluribus3</strong></span> <span class='ocrx_word' id='word_1_77' title='bbox 1513 1016 1614 1078; x_wconf 90' lang='lat' dir='ltr'><strong>neque</strong></span> <span class='ocrx_word' id='word_1_78' title='bbox 1629 998 1723 1059; x_wconf 88' lang='lat' dir='ltr'><strong>simul</strong></span> <span class='ocrx_word' id='word_1_79' title='bbox 1740 1000 1894 1078; x_wconf 86' lang='lat' dir='ltr'><strong>omnibus,</strong></span> 
     </span>
     <span class='ocr_line' id='line_1_8' title="bbox 309 1090 1897 1179; baseline -0.003 -20"><span class='ocrx_word' id='word_1_80' title='bbox 309 1104 425 1160; x_wconf 87' lang='lat' dir='ltr'><strong>aeterno</strong></span> <span class='ocrx_word' id='word_1_81' title='bbox 448 1098 598 1179; x_wconf 89' lang='lat' dir='ltr'><strong>supplicio</strong></span> <span class='ocrx_word' id='word_1_82' title='bbox 622 1098 787 1175; x_wconf 87' lang='lat' dir='ltr'><strong>cruciatur,</strong></span> <span class='ocrx_word' id='word_1_83' title='bbox 808 1102 838 1158; x_wconf 90' lang='lat' dir='ltr'><strong>et</strong></span> <span class='ocrx_word' id='word_1_84' title='bbox 860 1097 1026 1158; x_wconf 89' lang='lat' dir='ltr'><strong>crucianda</strong></span> <span class='ocrx_word' id='word_1_85' title='bbox 1044 1095 1077 1156; x_wconf 90' lang='lat' dir='ltr'><strong>in</strong></span> <span class='ocrx_word' id='word_1_86' title='bbox 1128 1098 1183 1153; x_wconf 91' lang='lat' dir='ltr'><strong>aut</strong></span> <span class='ocrx_word' id='word_1_87' title='bbox 1196 1091 1305 1153; x_wconf 90' lang='lat' dir='ltr'><strong>eodem</strong></span> <span class='ocrx_word' id='word_1_88' title='bbox 1319 1095 1434 1171; x_wconf 87' lang='lat' dir='ltr'><strong>puncto</strong></span> <span class='ocrx_word' id='word_1_89' title='bbox 1453 1090 1611 1171; x_wconf 87' lang='lat' dir='ltr'><strong>temporis,</strong></span> <span class='ocrx_word' id='word_1_90' title='bbox 1623 1091 1677 1153; x_wconf 90' lang='lat' dir='ltr'><strong>sed</strong></span> <span class='ocrx_word' id='word_1_91' title='bbox 1690 1093 1853 1171; x_wconf 84' lang='lat' dir='ltr'><strong>gradatim,</strong></span> <span class='ocrx_word' id='word_1_92' title='bbox 1865 1097 1897 1154; x_wconf 88' lang='lat' dir='ltr'><strong>et</strong></span> 
     </span>
     <span class='ocr_line' id='line_1_9' title="bbox 307 1183 1897 1269; baseline -0.003 -18"><span class='ocrx_word' id='word_1_93' title='bbox 307 1191 390 1252; x_wconf 92' lang='lat' dir='ltr'><strong>diem</strong></span> <span class='ocrx_word' id='word_1_94' title='bbox 398 1191 507 1269; x_wconf 87' lang='lat' dir='ltr'><strong>judieii</strong></span> <span class='ocrx_word' id='word_1_95' title='bbox 522 1197 709 1267; x_wconf 82' lang='lat' dir='ltr'><strong>reservatur,</strong></span> <span class='ocrx_word' id='word_1_96' title='bbox 725 1199 781 1251; x_wconf 91' lang='lat' dir='ltr'><strong>ete.</strong></span> <span class='ocrx_word' id='word_1_97' title='bbox 799 1210 814 1247; x_wconf 80' lang='lat' dir='ltr'><strong>r</strong></span> <span class='ocrx_word' id='word_1_98' title='bbox 1128 1184 1236 1245; x_wconf 88' lang='lat' dir='ltr'><strong>ordine</strong></span> <span class='ocrx_word' id='word_1_99' title='bbox 1250 1183 1397 1264; x_wconf 79' lang='lat' dir='ltr'><strong>quodam,</strong></span> <span class='ocrx_word' id='word_1_100' title='bbox 1411 1184 1496 1244; x_wconf 86' lang='lat' dir='ltr'><strong>velut</strong></span> <span class='ocrx_word' id='word_1_101' title='bbox 1509 1183 1647 1263; x_wconf 91' lang='lat' dir='ltr'><strong>primum</strong></span> <span class='ocrx_word' id='word_1_102' title='bbox 1658 1184 1812 1264; x_wconf 88' lang='lat' dir='ltr'><strong>superbia,</strong></span> <span class='ocrx_word' id='word_1_103' title='bbox 1828 1192 1897 1247; x_wconf 91' lang='lat' dir='ltr'><strong>tum</strong></span> 
     </span>
     <span class='ocr_line' id='line_1_10' title="bbox 346 1275 1896 1358; baseline -0.001 -18"><span class='ocrx_word' id='word_1_104' title='bbox 346 1280 427 1340; x_wconf 87' lang='lat' dir='ltr'><strong>XVI.</strong></span> <span class='ocrx_word' id='word_1_105' title='bbox 451 1283 492 1340; x_wconf 88' lang='lat' dir='ltr'><strong>At</strong></span> <span class='ocrx_word' id='word_1_106' title='bbox 506 1281 595 1358; x_wconf 83' lang='lat' dir='ltr'><strong>Ilugo</strong></span> <span class='ocrx_word' id='word_1_107' title='bbox 608 1280 787 1341; x_wconf 77' lang='lat' dir='ltr'>Victorinus</span> <span class='ocrx_word' id='word_1_108' title='bbox 797 1301 812 1338; x_wconf 81' lang='lat' dir='ltr'><strong>n</strong></span> <span class='ocrx_word' id='word_1_109' title='bbox 822 1278 942 1339; x_wconf 91' lang='lat' dir='ltr'><strong>nullam</strong></span> <span class='ocrx_word' id='word_1_110' title='bbox 956 1296 1077 1339; x_wconf 89' lang='lat' dir='ltr'><strong>moram</strong></span> <span class='ocrx_word' id='word_1_111' title='bbox 1128 1276 1210 1352; x_wconf 88' lang='lat' dir='ltr'><strong>odio,</strong></span> <span class='ocrx_word' id='word_1_112' title='bbox 1220 1275 1348 1352; x_wconf 86' lang='lat' dir='ltr'><strong>invidia,</strong></span> <span class='ocrx_word' id='word_1_113' title='bbox 1359 1282 1390 1336; x_wconf 90' lang='lat' dir='ltr'><strong>et</strong></span> <span class='ocrx_word' id='word_1_114' title='bbox 1399 1275 1526 1353; x_wconf 80' lang='lat' dir='ltr'><strong>caeteris,</strong></span> <span class='ocrx_word' id='word_1_115' title='bbox 1542 1275 1775 1356; x_wconf 86' lang='lat' dir='ltr'><strong>quointervallo</strong></span> <span class='ocrx_word' id='word_1_116' title='bbox 1786 1277 1820 1338; x_wconf 92' lang='lat' dir='ltr'><strong>in</strong></span> <span class='ocrx_word' id='word_1_117' title='bbox 1833 1278 1896 1355; x_wconf 87' lang='lat' dir='ltr'><strong>via,</strong></span> 
     </span>
     <span class='ocr_line' id='line_1_11' title="bbox 307 1367 1901 1451; baseline -0.001 -20"><span class='ocrx_word' id='word_1_118' title='bbox 307 1371 398 1433; x_wconf 80' lang='lat' dir='ltr'><strong>irrisae</strong></span> <span class='ocrx_word' id='word_1_119' title='bbox 410 1371 484 1433; x_wconf 89' lang='lat' dir='ltr'><strong>dicit</strong></span> <span class='ocrx_word' id='word_1_120' title='bbox 499 1371 522 1448; x_wconf 90' lang='lat'><strong>¹,</strong></span> <span class='ocrx_word' id='word_1_121' title='bbox 539 1378 569 1432; x_wconf 88' lang='lat' dir='ltr'><strong>et</strong></span> <span class='ocrx_word' id='word_1_122' title='bbox 580 1378 686 1432; x_wconf 88' lang='lat' dir='ltr'><strong>tamen</strong></span> <span class='ocrx_word' id='word_1_123' title='bbox 703 1371 780 1432; x_wconf 90' lang='lat' dir='ltr'><strong>illud</strong></span> <span class='ocrx_word' id='word_1_124' title='bbox 796 1371 893 1451; x_wconf 87' lang='lat' dir='ltr'><strong>prius,</strong></span> <span class='ocrx_word' id='word_1_125' title='bbox 908 1370 989 1431; x_wconf 90' lang='lat' dir='ltr'><strong>istud</strong></span> <span class='ocrx_word' id='word_1_126' title='bbox 1003 1389 1077 1451; x_wconf 89' lang='lat' dir='ltr'><strong>pos·</strong></span> <span class='ocrx_word' id='word_1_127' title='bbox 1128 1373 1164 1427; x_wconf 92' lang='lat' dir='ltr'><strong>ut</strong></span> <span class='ocrx_word' id='word_1_128' title='bbox 1175 1367 1749 1446; x_wconf 81' lang='lat' dir='ltr'><strong>loquuntur,adbucexstiteruntQuae</strong></span> <span class='ocrx_word' id='word_1_129' title='bbox 1764 1369 1849 1431; x_wconf 83' lang='lat' dir='ltr'><strong>Sooti</strong></span> <span class='ocrx_word' id='word_1_130' title='bbox 1855 1376 1901 1432; x_wconf 87' lang='lat' dir='ltr'><strong>eat</strong></span> 
     </span>
     <span class='ocr_line' id='line_1_12' title="bbox 306 1458 1898 1542; baseline -0.001 -17"><span class='ocrx_word' id='word_1_131' title='bbox 306 1465 414 1542; x_wconf 85' lang='lat' dir='ltr'><strong>terius,</strong></span> <span class='ocrx_word' id='word_1_132' title='bbox 431 1465 484 1525; x_wconf 89' lang='lat' dir='ltr'><strong>sed</strong></span> <span class='ocrx_word' id='word_1_133' title='bbox 498 1466 564 1525; x_wconf 91' lang='lat' dir='ltr'><strong>sine</strong></span> <span class='ocrx_word' id='word_1_134' title='bbox 578 1464 781 1525; x_wconf 77' lang='lat' dir='ltr'><strong>intervallo.»</strong></span> <span class='ocrx_word' id='word_1_135' title='bbox 1129 1460 1235 1539; x_wconf 88' lang='lat' dir='ltr'><strong>opinio</strong></span> <span class='ocrx_word' id='word_1_136' title='bbox 1247 1458 1272 1532; x_wconf 78' lang='lat'><strong>⁸,</strong></span> <span class='ocrx_word' id='word_1_137' title='bbox 1289 1464 1320 1520; x_wconf 91' lang='grc' dir='ltr'><strong>θῖ</strong></span> <span class='ocrx_word' id='word_1_138' title='bbox 1339 1461 1519 1521; x_wconf 81' lang='lat' dir='ltr'><strong>recentioris</strong></span> <span class='ocrx_word' id='word_1_139' title='bbox 1537 1461 1708 1540; x_wconf 82' lang='lat' dir='ltr'><strong>eujusdam.</strong></span> <span class='ocrx_word' id='word_1_140' title='bbox 1725 1462 1898 1536; x_wconf 76' lang='lat' dir='ltr'><strong>Quinetiam</strong></span> 
     </span>
     <span class='ocr_line' id='line_1_13' title="bbox 347 1551 1900 1636; baseline -0.001 -18"><span class='ocrx_word' id='word_1_141' title='bbox 347 1558 475 1632; x_wconf 80' lang='lat' dir='ltr'><strong>QuodS.</strong></span> <span class='ocrx_word' id='word_1_142' title='bbox 491 1558 628 1619; x_wconf 88' lang='lat' dir='ltr'><strong>Thomas</strong></span> <span class='ocrx_word' id='word_1_143' title='bbox 636 1558 680 1617; x_wconf 86' lang='lat' dir='ltr'><strong>ita</strong></span> <span class='ocrx_word' id='word_1_144' title='bbox 689 1555 852 1632; x_wconf 82' lang='lat' dir='ltr'><strong>declarat²,</strong></span> <span class='ocrx_word' id='word_1_145' title='bbox 861 1558 897 1616; x_wconf 93' lang='lat' dir='ltr'><strong>ut</strong></span> <span class='ocrx_word' id='word_1_146' title='bbox 914 1577 929 1613; x_wconf 81' lang='lat' dir='ltr'><strong>a</strong></span> <span class='ocrx_word' id='word_1_147' title='bbox 938 1560 1007 1636; x_wconf 89' lang='lat' dir='ltr'><strong>post</strong></span> <span class='ocrx_word' id='word_1_148' title='bbox 1018 1556 1079 1636; x_wconf 91' lang='lat' dir='ltr'><strong>pri·</strong></span> <span class='ocrx_word' id='word_1_149' title='bbox 1128 1551 1284 1613; x_wconf 91' lang='lat' dir='ltr'><strong>malorum</strong></span> <span class='ocrx_word' id='word_1_150' title='bbox 1298 1551 1529 1631; x_wconf 83' lang='lat' dir='ltr'><strong>peceatobonos</strong></span> <span class='ocrx_word' id='word_1_151' title='bbox 1542 1559 1676 1615; x_wconf 90' lang='lat' dir='ltr'><strong>tentatos</strong></span> <span class='ocrx_word' id='word_1_152' title='bbox 1685 1573 1749 1616; x_wconf 90' lang='lat' dir='ltr'><strong>esse</strong></span> <span class='ocrx_word' id='word_1_153' title='bbox 1761 1556 1900 1617; x_wconf 73' lang='lat' dir='ltr'><strong>mutiunt</strong></span> 
     </span>
     <span class='ocr_line' id='line_1_14' title="bbox 306 1642 1900 1728; baseline 0 -18"><span class='ocrx_word' id='word_1_154' title='bbox 306 1668 396 1711; x_wconf 88' lang='lat' dir='ltr'><strong>mum</strong></span> <span class='ocrx_word' id='word_1_155' title='bbox 422 1651 540 1711; x_wconf 88' lang='lat' dir='ltr'><strong>instans</strong></span> <span class='ocrx_word' id='word_1_156' title='bbox 566 1668 630 1711; x_wconf 83' lang='lat' dir='ltr'><strong>suae</strong></span> <span class='ocrx_word' id='word_1_157' title='bbox 661 1650 823 1711; x_wconf 81' lang='lat' dir='ltr'><strong>creationis</strong></span> <span class='ocrx_word' id='word_1_158' title='bbox 853 1646 1041 1728; x_wconf 81' lang='lat' dir='ltr'><strong>peccaverit3</strong></span> <span class='ocrx_word' id='word_1_159' title='bbox 1058 1670 1074 1706; x_wconf 80' lang='lat' dir='ltr'><strong>n</strong></span> <span class='ocrx_word' id='word_1_160' title='bbox 1127 1643 1235 1721; x_wconf 89' lang='lat' dir='ltr'><strong>iidem,</strong></span> <span class='ocrx_word' id='word_1_161' title='bbox 1249 1650 1280 1705; x_wconf 89' lang='lat' dir='ltr'><strong>et</strong></span> <span class='ocrx_word' id='word_1_162' title='bbox 1292 1645 1376 1705; x_wconf 90' lang='lat' dir='ltr'><strong>hune</strong></span> <span class='ocrx_word' id='word_1_163' title='bbox 1385 1645 1485 1706; x_wconf 89' lang='lat' dir='ltr'><strong>laudis</strong></span> <span class='ocrx_word' id='word_1_164' title='bbox 1494 1642 1657 1707; x_wconf 88' lang='lat' dir='ltr'><strong>cumulum</strong></span> <span class='ocrx_word' id='word_1_165' title='bbox 1666 1647 1791 1708; x_wconf 88' lang='lat' dir='ltr'><strong>illorum</strong></span> <span class='ocrx_word' id='word_1_166' title='bbox 1800 1666 1900 1711; x_wconf 85' lang='lat' dir='ltr'><strong>aecas-</strong></span> 
     </span>
     <span class='ocr_line' id='line_1_15' title="bbox 306 1736 1896 1821; baseline 0.002 -20"><span class='ocrx_word' id='word_1_167' title='bbox 306 1742 456 1821; x_wconf 87' lang='lat' dir='ltr'><strong>quoniam</strong></span> <span class='ocrx_word' id='word_1_168' title='bbox 485 1740 599 1804; x_wconf 89' lang='lat' dir='ltr'><strong>scilieet</strong></span> <span class='ocrx_word' id='word_1_169' title='bbox 624 1741 810 1821; x_wconf 86' lang='lat' dir='ltr'><strong>cumgratia</strong></span> <span class='ocrx_word' id='word_1_170' title='bbox 828 1746 966 1801; x_wconf 87' lang='lat' dir='ltr'><strong>creatum</strong></span> <span class='ocrx_word' id='word_1_171' title='bbox 988 1739 1078 1800; x_wconf 88' lang='lat' dir='ltr'><strong>illum</strong></span> <span class='ocrx_word' id='word_1_172' title='bbox 1128 1736 1202 1797; x_wconf 88' lang='lat' dir='ltr'><strong>sisse</strong></span> <span class='ocrx_word' id='word_1_173' title='bbox 1223 1737 1352 1813; x_wconf 86' lang='lat' dir='ltr'><strong>meritis,</strong></span> <span class='ocrx_word' id='word_1_174' title='bbox 1366 1738 1450 1817; x_wconf 91' lang='lat' dir='ltr'><strong>quod</strong></span> <span class='ocrx_word' id='word_1_175' title='bbox 1472 1738 1501 1799; x_wconf 89' lang='lat' dir='ltr'><strong>ei</strong></span> <span class='ocrx_word' id='word_1_176' title='bbox 1527 1739 1691 1801; x_wconf 82' lang='lat' dir='ltr'><strong>tentationi</strong></span> <span class='ocrx_word' id='word_1_177' title='bbox 1717 1740 1896 1804; x_wconf 84' lang='lat' dir='ltr'><strong>restiterint.</strong></span> 
     </span>
     <span class='ocr_line' id='line_1_16' title="bbox 306 1828 1899 1913; baseline 0 -18"><span class='ocrx_word' id='word_1_178' title='bbox 306 1835 461 1895; x_wconf 86' lang='lat' dir='ltr'><strong>existimat</strong></span> <span class='ocrx_word' id='word_1_179' title='bbox 475 1833 497 1894; x_wconf 85' lang='lat'><strong>⁸.</strong></span> <span class='ocrx_word' id='word_1_180' title='bbox 523 1834 613 1911; x_wconf 90' lang='lat' dir='ltr'><strong>Nam,</strong></span> <span class='ocrx_word' id='word_1_181' title='bbox 633 1855 649 1891; x_wconf 84' lang='lat' dir='ltr'><strong>e</strong></span> <span class='ocrx_word' id='word_1_182' title='bbox 672 1851 745 1894; x_wconf 90' lang='lat' dir='ltr'><strong>cum</strong></span> <span class='ocrx_word' id='word_1_183' title='bbox 764 1832 875 1912; x_wconf 88' lang='lat' dir='ltr'><strong>Angeb</strong></span> <span class='ocrx_word' id='word_1_184' title='bbox 895 1851 950 1912; x_wconf 92' lang='lat' dir='ltr'><strong>per</strong></span> <span class='ocrx_word' id='word_1_185' title='bbox 978 1850 1078 1893; x_wconf 92' lang='lat' dir='ltr'><strong>unum</strong></span> <span class='ocrx_word' id='word_1_186' title='bbox 1129 1830 1231 1908; x_wconf 84' lang='lat' dir='ltr'><strong>Atque</strong></span> <span class='ocrx_word' id='word_1_187' title='bbox 1254 1829 1313 1890; x_wconf 90' lang='lat' dir='ltr'><strong>hoe</strong></span> <span class='ocrx_word' id='word_1_188' title='bbox 1334 1828 1464 1891; x_wconf 84' lang='lat' dir='ltr'><strong>loannis</strong></span> <span class='ocrx_word' id='word_1_189' title='bbox 1482 1831 1664 1893; x_wconf 87' lang='lat' dir='ltr'><strong>auctoritate</strong></span> <span class='ocrx_word' id='word_1_190' title='bbox 1683 1834 1899 1913; x_wconf 87' lang='lat' dir='ltr'><strong>comprobant,</strong></span> 
     </span>
     <span class='ocr_line' id='line_1_17' title="bbox 306 1921 1901 2006; baseline 0.001 -20"><span class='ocrx_word' id='word_1_191' title='bbox 306 1932 411 1988; x_wconf 90' lang='lat' dir='ltr'><strong>aetum</strong></span> <span class='ocrx_word' id='word_1_192' title='bbox 436 1925 631 1988; x_wconf 89' lang='lat' dir='ltr'><strong>meritorium</strong></span> <span class='ocrx_word' id='word_1_193' title='bbox 654 1924 694 1987; x_wconf 90' lang='lat' dir='ltr'><strong>ad</strong></span> <span class='ocrx_word' id='word_1_194' title='bbox 719 1926 945 1987; x_wconf 87' lang='lat' dir='ltr'><strong>beatitudinem</strong></span> <span class='ocrx_word' id='word_1_195' title='bbox 968 1943 1077 2006; x_wconf 87' lang='lat' dir='ltr'><strong>perve-</strong></span> <span class='ocrx_word' id='word_1_196' title='bbox 1129 1922 1183 2001; x_wconf 89' lang='lat' dir='ltr'><strong>qui</strong></span> <span class='ocrx_word' id='word_1_197' title='bbox 1201 1921 1398 2003; x_wconf 76' lang='lat' dir='ltr'><strong>Apoealypsis</strong></span> <span class='ocrx_word' id='word_1_198' title='bbox 1423 1940 1466 1984; x_wconf 75' lang='lat' dir='ltr'><strong>an</strong></span> <span class='ocrx_word' id='word_1_199' title='bbox 1503 1924 1696 1994; x_wconf 85' lang='lat' dir='ltr'><strong>Michaelem,</strong></span> <span class='ocrx_word' id='word_1_200' title='bbox 1715 1932 1746 1987; x_wconf 92' lang='lat' dir='ltr'><strong>et</strong></span> <span class='ocrx_word' id='word_1_201' title='bbox 1764 1928 1901 2006; x_wconf 82' lang='lat' dir='ltr'><strong>Angelos</strong></span> 
     </span>
     <span class='ocr_line' id='line_1_18' title="bbox 307 2013 1902 2098; baseline 0.002 -19"><span class='ocrx_word' id='word_1_202' title='bbox 307 2019 406 2096; x_wconf 85' lang='lat' dir='ltr'><strong>nient,</strong></span> <span class='ocrx_word' id='word_1_203' title='bbox 420 2020 445 2080; x_wconf 89' lang='lat' dir='ltr'><strong>si</strong></span> <span class='ocrx_word' id='word_1_204' title='bbox 459 2020 600 2080; x_wconf 87' lang='lat' dir='ltr'><strong>diabolus</strong></span> <span class='ocrx_word' id='word_1_205' title='bbox 613 2020 646 2080; x_wconf 90' lang='lat' dir='ltr'><strong>in</strong></span> <span class='ocrx_word' id='word_1_206' title='bbox 662 2018 764 2098; x_wconf 89' lang='lat' dir='ltr'><strong>prime</strong></span> <span class='ocrx_word' id='word_1_207' title='bbox 790 2017 917 2079; x_wconf 90' lang='lat' dir='ltr'><strong>instanti</strong></span> <span class='ocrx_word' id='word_1_208' title='bbox 930 2020 963 2079; x_wconf 89' lang='lat' dir='ltr'><strong>in</strong></span> <span class='ocrx_word' id='word_1_209' title='bbox 979 2018 1080 2098; x_wconf 88' lang='lat' dir='ltr'><strong>gratia</strong></span> <span class='ocrx_word' id='word_1_210' title='bbox 1128 2013 1196 2093; x_wconf 88' lang='lat' dir='ltr'><strong>ejus</strong></span> <span class='ocrx_word' id='word_1_211' title='bbox 1209 2014 1352 2094; x_wconf 81' lang='lat' dir='ltr'><strong>pralium</strong></span> <span class='ocrx_word' id='word_1_212' title='bbox 1365 2016 1470 2078; x_wconf 82' lang='lat' dir='ltr'><strong>iecisse</strong></span> <span class='ocrx_word' id='word_1_213' title='bbox 1481 2034 1556 2078; x_wconf 89' lang='lat' dir='ltr'><strong>eum</strong></span> <span class='ocrx_word' id='word_1_214' title='bbox 1569 2017 1735 2081; x_wconf 88' lang='lat' dir='ltr'><strong>rebellibus</strong></span> <span class='ocrx_word' id='word_1_215' title='bbox 1743 2026 1861 2096; x_wconf 85' lang='lat' dir='ltr'><strong>narrat,</strong></span> <span class='ocrx_word' id='word_1_216' title='bbox 1871 2025 1902 2083; x_wconf 87' lang='lat' dir='ltr'><strong>at</strong></span> 
     </span>
     <span class='ocr_line' id='line_1_19' title="bbox 307 2106 1901 2191; baseline 0.004 -23"><span class='ocrx_word' id='word_1_217' title='bbox 307 2115 427 2169; x_wconf 90' lang='lat' dir='ltr'><strong>creatus</strong></span> <span class='ocrx_word' id='word_1_218' title='bbox 442 2109 570 2185; x_wconf 87' lang='lat' dir='ltr'><strong>meruit,</strong></span> <span class='ocrx_word' id='word_1_219' title='bbox 592 2108 696 2168; x_wconf 88' lang='lat' dir='ltr'><strong>statim</strong></span> <span class='ocrx_word' id='word_1_220' title='bbox 709 2113 780 2187; x_wconf 88' lang='lat' dir='ltr'><strong>post</strong></span> <span class='ocrx_word' id='word_1_221' title='bbox 804 2108 939 2187; x_wconf 90' lang='lat' dir='ltr'><strong>primum</strong></span> <span class='ocrx_word' id='word_1_222' title='bbox 960 2106 1078 2169; x_wconf 83' lang='lat' dir='ltr'><strong>instans</strong></span> <span class='ocrx_word' id='word_1_223' title='bbox 1128 2107 1291 2168; x_wconf 85' lang='lat' dir='ltr'><strong>victoriam</strong></span> <span class='ocrx_word' id='word_1_224' title='bbox 1324 2114 1508 2188; x_wconf 84' lang='lat' dir='ltr'><strong>reportasse.</strong></span> <span class='ocrx_word' id='word_1_225' title='bbox 1536 2110 1580 2170; x_wconf 85' lang='lat' dir='ltr'><strong>Ex</strong></span> <span class='ocrx_word' id='word_1_226' title='bbox 1606 2110 1728 2191; x_wconf 87' lang='lat' dir='ltr'><strong>quibus,</strong></span> <span class='ocrx_word' id='word_1_227' title='bbox 1757 2117 1793 2174; x_wconf 91' lang='lat' dir='ltr'><strong>ut</strong></span> <span class='ocrx_word' id='word_1_228' title='bbox 1820 2112 1901 2175; x_wconf 89' lang='lat' dir='ltr'><strong>illud</strong></span> 
     </span>
     <span class='ocr_line' id='line_1_20' title="bbox 307 2199 1902 2281; baseline 0.005 -22"><span class='ocrx_word' id='word_1_229' title='bbox 307 2199 531 2263; x_wconf 86' lang='lat' dir='ltr'><strong>beatitudinem</strong></span> <span class='ocrx_word' id='word_1_230' title='bbox 551 2200 726 2281; x_wconf 83' lang='lat' dir='ltr'><strong>accepisset,</strong></span> <span class='ocrx_word' id='word_1_231' title='bbox 750 2199 809 2260; x_wconf 90' lang='lat' dir='ltr'><strong>nisi</strong></span> <span class='ocrx_word' id='word_1_232' title='bbox 822 2200 927 2260; x_wconf 85' lang='lat' dir='ltr'><strong>statim</strong></span> <span class='ocrx_word' id='word_1_233' title='bbox 948 2200 1078 2279; x_wconf 89' lang='lat' dir='ltr'><strong>impedi·</strong></span> <span class='ocrx_word' id='word_1_234' title='bbox 1130 2200 1280 2279; x_wconf 86' lang='lat' dir='ltr'><strong>sequitur,</strong></span> <span class='ocrx_word' id='word_1_235' title='bbox 1308 2202 1393 2280; x_wconf 86' lang='lat' dir='ltr'><strong>quod</strong></span> <span class='ocrx_word' id='word_1_236' title='bbox 1420 2220 1478 2281; x_wconf 90' lang='lat' dir='ltr'><strong>ego</strong></span> <span class='ocrx_word' id='word_1_237' title='bbox 1496 2219 1607 2263; x_wconf 84' lang='lat' dir='ltr'><strong>verum</strong></span> <span class='ocrx_word' id='word_1_238' title='bbox 1636 2203 1781 2281; x_wconf 88' lang='lat' dir='ltr'><strong>arbitror,</strong></span> <span class='ocrx_word' id='word_1_239' title='bbox 1802 2222 1902 2267; x_wconf 77' lang='lat' dir='ltr'><strong>mora</strong></span> 
     </span>
     <span class='ocr_line' id='line_1_21' title="bbox 306 2291 1900 2377; baseline 0.004 -24"><span class='ocrx_word' id='word_1_240' title='bbox 306 2300 449 2355; x_wconf 90' lang='lat' dir='ltr'><strong>mentum</strong></span> <span class='ocrx_word' id='word_1_241' title='bbox 467 2293 657 2373; x_wconf 86' lang='lat' dir='ltr'><strong>praestitisset</strong></span> <span class='ocrx_word' id='word_1_242' title='bbox 670 2292 836 2372; x_wconf 90' lang='lat' dir='ltr'><strong>peccando.</strong></span> <span class='ocrx_word' id='word_1_243' title='bbox 853 2312 868 2350; x_wconf 83' lang='lat' dir='ltr'><strong>o</strong></span> <span class='ocrx_word' id='word_1_244' title='bbox 886 2291 980 2352; x_wconf 80' lang='lat' dir='ltr'><strong>Addit</strong></span> <span class='ocrx_word' id='word_1_245' title='bbox 990 2310 1076 2369; x_wconf 81' lang='lat' dir='ltr'><strong>vero,</strong></span> <span class='ocrx_word' id='word_1_246' title='bbox 1127 2291 1246 2371; x_wconf 88' lang='lat' dir='ltr'><strong>aliquid</strong></span> <span class='ocrx_word' id='word_1_247' title='bbox 1259 2292 1477 2369; x_wconf 89' lang='lat' dir='ltr'><strong>intercessisse,</strong></span> <span class='ocrx_word' id='word_1_248' title='bbox 1487 2312 1548 2374; x_wconf 89' lang='lat' dir='ltr'><strong>quo</strong></span> <span class='ocrx_word' id='word_1_249' title='bbox 1563 2294 1630 2374; x_wconf 88' lang='lat' dir='ltr'><strong>geri</strong></span> <span class='ocrx_word' id='word_1_250' title='bbox 1642 2296 1700 2357; x_wconf 85' lang='lat' dir='ltr'><strong>ista</strong></span> <span class='ocrx_word' id='word_1_251' title='bbox 1709 2303 1900 2377; x_wconf 87' lang='lat' dir='ltr'><strong>potuerunt;</strong></span> 
     </span>
     <span class='ocr_line' id='line_1_22' title="bbox 310 2384 1902 2471; baseline 0.006 -28"><span class='ocrx_word' id='word_1_252' title='bbox 310 2407 325 2444; x_wconf 82' lang='lat' dir='ltr'><strong>e</strong></span> <span class='ocrx_word' id='word_1_253' title='bbox 339 2386 371 2448; x_wconf 87' lang='lat' dir='ltr'><strong>Si</strong></span> <span class='ocrx_word' id='word_1_254' title='bbox 385 2384 530 2467; x_wconf 88' lang='lat' dir='ltr'><strong>ponatur,</strong></span> <span class='ocrx_word' id='word_1_255' title='bbox 547 2386 631 2466; x_wconf 88' lang='lat' dir='ltr'><strong>quod</strong></span> <span class='ocrx_word' id='word_1_256' title='bbox 645 2386 782 2464; x_wconf 79' lang='lat' dir='ltr'><strong>Angelus</strong></span> <span class='ocrx_word' id='word_1_257' title='bbox 796 2385 830 2445; x_wconf 94' lang='lat' dir='ltr'><strong>iu</strong></span> <span class='ocrx_word' id='word_1_258' title='bbox 844 2384 944 2463; x_wconf 89' lang='lat' dir='ltr'><strong>gratia</strong></span> <span class='ocrx_word' id='word_1_259' title='bbox 957 2390 1078 2445; x_wconf 90' lang='lat' dir='ltr'><strong>creatus</strong></span> <span class='ocrx_word' id='word_1_260' title='bbox 1127 2384 1174 2444; x_wconf 88' lang='lat' dir='ltr'><strong>sic</strong></span> <span class='ocrx_word' id='word_1_261' title='bbox 1187 2386 1281 2445; x_wconf 89' lang='lat' dir='ltr'><strong>etiam</strong></span> <span class='ocrx_word' id='word_1_262' title='bbox 1293 2386 1427 2447; x_wconf 88' lang='lat' dir='ltr'><strong>alterurn</strong></span> <span class='ocrx_word' id='word_1_263' title='bbox 1440 2386 1528 2464; x_wconf 90' lang='lat' dir='ltr'><strong>illud,</strong></span> <span class='ocrx_word' id='word_1_264' title='bbox 1548 2386 1728 2468; x_wconf 85' lang='lat' dir='ltr'><strong>resipiscere</strong></span> <span class='ocrx_word' id='word_1_265' title='bbox 1747 2396 1816 2469; x_wconf 87' lang='lat' dir='ltr'><strong>post</strong></span> <span class='ocrx_word' id='word_1_266' title='bbox 1836 2391 1902 2471; x_wconf 90' lang='lat' dir='ltr'><strong>pri·</strong></span> 
     </span>
     <span class='ocr_line' id='line_1_23' title="bbox 306 2476 1903 2562; baseline 0.005 -24"><span class='ocrx_word' id='word_1_267' title='bbox 306 2497 371 2540; x_wconf 90' lang='lat' dir='ltr'><strong>non</strong></span> <span class='ocrx_word' id='word_1_268' title='bbox 384 2479 486 2548; x_wconf 88' lang='lat' dir='ltr'><strong>fuerit,</strong></span> <span class='ocrx_word' id='word_1_269' title='bbox 502 2478 647 2558; x_wconf 84' lang='lat' dir='ltr'><strong>velquod</strong></span> <span class='ocrx_word' id='word_1_270' title='bbox 661 2477 809 2557; x_wconf 90' lang='lat' dir='ltr'><strong>inprime</strong></span> <span class='ocrx_word' id='word_1_271' title='bbox 830 2476 958 2537; x_wconf 87' lang='lat' dir='ltr'><strong>instanti</strong></span> <span class='ocrx_word' id='word_1_272' title='bbox 973 2482 1078 2537; x_wconf 87' lang='lat' dir='ltr'><strong>actum</strong></span> <span class='ocrx_word' id='word_1_273' title='bbox 1128 2494 1218 2538; x_wconf 88' lang='lat' dir='ltr'><strong>mum</strong></span> <span class='ocrx_word' id='word_1_274' title='bbox 1231 2484 1392 2559; x_wconf 86' lang='lat' dir='ltr'><strong>peceatum</strong></span> <span class='ocrx_word' id='word_1_275' title='bbox 1413 2481 1549 2560; x_wconf 83' lang='lat' dir='ltr'><strong>potuisse</strong></span> <span class='ocrx_word' id='word_1_276' title='bbox 1568 2481 1736 2558; x_wconf 74' lang='lat' dir='ltr'><strong>demones,</strong></span> <span class='ocrx_word' id='word_1_277' title='bbox 1760 2485 1903 2562; x_wconf 89' lang='lat' dir='ltr'><strong>quandiu</strong></span> 
     </span>
     <span class='ocr_line' id='line_1_24' title="bbox 305 2568 1906 2653; baseline 0.005 -23"><span class='ocrx_word' id='word_1_278' title='bbox 305 2570 394 2631; x_wconf 89' lang='lat' dir='ltr'><strong>liberi</strong></span> <span class='ocrx_word' id='word_1_279' title='bbox 407 2570 527 2632; x_wconf 88' lang='lat' dir='ltr'><strong>arbitrii</strong></span> <span class='ocrx_word' id='word_1_280' title='bbox 540 2589 604 2631; x_wconf 67' lang='lat' dir='ltr'><strong>narn</strong></span> <span class='ocrx_word' id='word_1_281' title='bbox 619 2570 755 2649; x_wconf 87' lang='lat' dir='ltr'><strong>potuerit</strong></span> <span class='ocrx_word' id='word_1_282' title='bbox 766 2569 898 2644; x_wconf 84' lang='lat' dir='ltr'><strong>habere3</strong></span> <span class='ocrx_word' id='word_1_283' title='bbox 915 2568 994 2629; x_wconf 89' lang='lat' dir='ltr'><strong>nihil</strong></span> <span class='ocrx_word' id='word_1_284' title='bbox 1004 2588 1076 2649; x_wconf 91' lang='lat' dir='ltr'><strong>pro·</strong></span> <span class='ocrx_word' id='word_1_285' title='bbox 1129 2569 1279 2631; x_wconf 88' lang='lat' dir='ltr'><strong>nimirum</strong></span> <span class='ocrx_word' id='word_1_286' title='bbox 1292 2571 1322 2632; x_wconf 80' lang='lat' dir='ltr'><strong>io</strong></span> <span class='ocrx_word' id='word_1_287' title='bbox 1334 2573 1393 2647; x_wconf 79' lang='lat' dir='ltr'><strong>oio,</strong></span> <span class='ocrx_word' id='word_1_288' title='bbox 1410 2573 1541 2653; x_wconf 82' lang='lat' dir='ltr'><strong>ulloqui</strong></span> <span class='ocrx_word' id='word_1_289' title='bbox 1549 2574 1658 2651; x_wconf 89' lang='lat' dir='ltr'><strong>solent,</strong></span> <span class='ocrx_word' id='word_1_290' title='bbox 1667 2574 1906 2650; x_wconf 65' lang='lat' dir='ltr'><strong>bieruntouocl</strong></span> 
     </span>
     <span class='ocr_line' id='line_1_25' title="bbox 305 2661 1904 2744; baseline 0.004 -20"><span class='ocrx_word' id='word_1_291' title='bbox 305 2662 423 2741; x_wconf 90' lang='lat' dir='ltr'><strong>hibere,</strong></span> <span class='ocrx_word' id='word_1_292' title='bbox 439 2663 576 2742; x_wconf 87' lang='lat' dir='ltr'><strong>aliquam</strong></span> <span class='ocrx_word' id='word_1_293' title='bbox 595 2680 716 2723; x_wconf 89' lang='lat' dir='ltr'><strong>moram</strong></span> <span class='ocrx_word' id='word_1_294' title='bbox 738 2662 831 2721; x_wconf 89' lang='lat' dir='ltr'><strong>fuisse</strong></span> <span class='ocrx_word' id='word_1_295' title='bbox 855 2662 937 2721; x_wconf 87' lang='lat' dir='ltr'><strong>inter</strong></span> <span class='ocrx_word' id='word_1_296' title='bbox 951 2661 1078 2723; x_wconf 85' lang='lat' dir='ltr'><strong>creatio·</strong></span> <span class='ocrx_word' id='word_1_297' title='bbox 1129 2678 1221 2723; x_wconf 85' lang='lat' dir='ltr'><strong>uerno</strong></span> <span class='ocrx_word' id='word_1_298' title='bbox 1234 2662 1322 2725; x_wconf 88' lang='lat' dir='ltr'><strong>facile</strong></span> <span class='ocrx_word' id='word_1_299' title='bbox 1336 2665 1373 2725; x_wconf 90' lang='lat' dir='ltr'><strong>iis</strong></span> <span class='ocrx_word' id='word_1_300' title='bbox 1387 2666 1583 2727; x_wconf 88' lang='lat' dir='ltr'><strong>assentietur.</strong></span> <span class='ocrx_word' id='word_1_301' title='bbox 1600 2666 1672 2744; x_wconf 85' lang='lat' dir='ltr'><strong>Sed,</strong></span> <span class='ocrx_word' id='word_1_302' title='bbox 1688 2674 1724 2727; x_wconf 92' lang='lat' dir='ltr'><strong>ut</strong></span> <span class='ocrx_word' id='word_1_303' title='bbox 1740 2668 1845 2729; x_wconf 91' lang='lat' dir='ltr'><strong>sobrie</strong></span> <span class='ocrx_word' id='word_1_304' title='bbox 1864 2669 1904 2730; x_wconf 90' lang='lat' dir='ltr'><strong>de</strong></span> 
     </span>
     <span class='ocr_line' id='line_1_26' title="bbox 305 2754 1904 2839; baseline 0.004 -22"><span class='ocrx_word' id='word_1_305' title='bbox 305 2775 389 2833; x_wconf 86' lang='lat' dir='ltr'><strong>nem,</strong></span> <span class='ocrx_word' id='word_1_306' title='bbox 415 2757 595 2836; x_wconf 85' lang='lat' dir='ltr'><strong>allapsum.</strong></span> <span class='ocrx_word' id='word_1_307' title='bbox 621 2776 636 2812; x_wconf 80' lang='lat' dir='ltr'><strong>n</strong></span> <span class='ocrx_word' id='word_1_308' title='bbox 656 2754 721 2815; x_wconf 89' lang='lat' dir='ltr'><strong>Hoc</strong></span> <span class='ocrx_word' id='word_1_309' title='bbox 740 2754 893 2834; x_wconf 89' lang='lat' dir='ltr'><strong>posterius</strong></span> <span class='ocrx_word' id='word_1_310' title='bbox 916 2755 1078 2834; x_wconf 81' lang='lat' dir='ltr'><strong>amplexus</strong></span> <span class='ocrx_word' id='word_1_311' title='bbox 1130 2754 1258 2815; x_wconf 86' lang='lat' dir='ltr'><strong>occultis</strong></span> <span class='ocrx_word' id='word_1_312' title='bbox 1293 2756 1367 2833; x_wconf 83' lang='lat' dir='ltr'><strong>istis,</strong></span> <span class='ocrx_word' id='word_1_313' title='bbox 1403 2756 1579 2837; x_wconf 88' lang='lat' dir='ltr'><strong>ignotisque</strong></span> <span class='ocrx_word' id='word_1_314' title='bbox 1613 2758 1815 2839; x_wconf 87' lang='lat' dir='ltr'><strong>disputemus,</strong></span> <span class='ocrx_word' id='word_1_315' title='bbox 1844 2780 1904 2824; x_wconf 89' lang='lat' dir='ltr'><strong>nae</strong></span> 
     </span>
     <span class='ocr_line' id='line_1_27' title="bbox 306 2846 1902 2931; baseline 0.002 -20"><span class='ocrx_word' id='word_1_316' title='bbox 306 2855 351 2911; x_wconf 88' lang='lat' dir='ltr'><strong>est</strong></span> <span class='ocrx_word' id='word_1_317' title='bbox 362 2852 474 2911; x_wconf 90' lang='lat' dir='ltr'><strong>Petrus</strong></span> <span class='ocrx_word' id='word_1_318' title='bbox 487 2846 713 2921; x_wconf 60' lang='lat' dir='ltr'><strong>Lombardusi,</strong></span> <span class='ocrx_word' id='word_1_319' title='bbox 727 2847 783 2926; x_wconf 89' lang='lat' dir='ltr'><strong>qui</strong></span> <span class='ocrx_word' id='word_1_320' title='bbox 794 2846 930 2925; x_wconf 87' lang='lat' dir='ltr'><strong>Angelos</strong></span> <span class='ocrx_word' id='word_1_321' title='bbox 943 2848 975 2906; x_wconf 92' lang='lat' dir='ltr'><strong>in</strong></span> <span class='ocrx_word' id='word_1_322' title='bbox 989 2865 1077 2908; x_wconf 90' lang='lat' dir='ltr'><strong>mero</strong></span> <span class='ocrx_word' id='word_1_323' title='bbox 1128 2848 1247 2909; x_wconf 91' lang='lat' dir='ltr'><strong>temere</strong></span> <span class='ocrx_word' id='word_1_324' title='bbox 1255 2848 1426 2929; x_wconf 88' lang='lat' dir='ltr'><strong>quidquam</strong></span> <span class='ocrx_word' id='word_1_325' title='bbox 1436 2850 1729 2929; x_wconf 86' lang='lat' dir='ltr'><strong>adstruamus,scire</strong></span> <span class='ocrx_word' id='word_1_326' title='bbox 1738 2851 1902 2931; x_wconf 89' lang='lat' dir='ltr'><strong>debemus,</strong></span> 
     </span>
     <span class='ocr_line' id='line_1_28' title="bbox 305 2938 1905 3026; baseline 0.003 -24"><span class='ocrx_word' id='word_1_327' title='bbox 305 2949 423 3004; x_wconf 82' lang='lat' dir='ltr'><strong>naturae</strong></span> <span class='ocrx_word' id='word_1_328' title='bbox 447 2949 539 3017; x_wconf 83' lang='lat' dir='ltr'><strong>statu,</strong></span> <span class='ocrx_word' id='word_1_329' title='bbox 554 2960 590 3002; x_wconf 91' lang='lat' dir='ltr'><strong>ae</strong></span> <span class='ocrx_word' id='word_1_330' title='bbox 608 2941 673 3001; x_wconf 90' lang='lat' dir='ltr'><strong>sine</strong></span> <span class='ocrx_word' id='word_1_331' title='bbox 694 2938 795 3019; x_wconf 90' lang='lat' dir='ltr'><strong>gratia</strong></span> <span class='ocrx_word' id='word_1_332' title='bbox 817 2945 848 3000; x_wconf 90' lang='lat' dir='ltr'><strong>et</strong></span> <span class='ocrx_word' id='word_1_333' title='bbox 863 2939 982 3018; x_wconf 81' lang='lat' dir='ltr'><strong>justitia</strong></span> <span class='ocrx_word' id='word_1_334' title='bbox 1005 2958 1076 3018; x_wconf 92' lang='lat' dir='ltr'><strong>pro·</strong></span> <span class='ocrx_word' id='word_1_335' title='bbox 1128 2939 1329 3020; x_wconf 86' lang='lat' dir='ltr'><strong>Antipatrum</strong></span> <span class='ocrx_word' id='word_1_336' title='bbox 1343 2942 1650 3023; x_wconf 88' lang='lat' dir='ltr'><strong>Bostrensem,quem</strong></span> <span class='ocrx_word' id='word_1_337' title='bbox 1663 2944 1697 3005; x_wconf 91' lang='lat' dir='ltr'><strong>in</strong></span> <span class='ocrx_word' id='word_1_338' title='bbox 1708 2946 1905 3026; x_wconf 81' lang='lat' dir='ltr'><strong>sexticapitis</strong></span> 
     </span>
     <span class='ocr_line' id='line_1_29' title="bbox 305 3030 1904 3116; baseline 0.003 -19"><span class='ocrx_word' id='word_1_339' title='bbox 305 3041 423 3097; x_wconf 89' lang='lat' dir='ltr'><strong>creatos</strong></span> <span class='ocrx_word' id='word_1_340' title='bbox 437 3036 552 3111; x_wconf 88' lang='lat' dir='ltr'><strong>docuit,</strong></span> <span class='ocrx_word' id='word_1_341' title='bbox 568 3042 604 3094; x_wconf 92' lang='lat' dir='ltr'><strong>ut</strong></span> <span class='ocrx_word' id='word_1_342' title='bbox 622 3051 716 3113; x_wconf 90' lang='lat' dir='ltr'><strong>supra</strong></span> <span class='ocrx_word' id='word_1_343' title='bbox 732 3032 952 3093; x_wconf 87' lang='lat' dir='ltr'><strong>demonstravi.</strong></span> <span class='ocrx_word' id='word_1_344' title='bbox 969 3034 1077 3112; x_wconf 86' lang='lat' dir='ltr'><strong>ltaque</strong></span> <span class='ocrx_word' id='word_1_345' title='bbox 1128 3030 1190 3092; x_wconf 88' lang='lat' dir='ltr'><strong>fine</strong></span> <span class='ocrx_word' id='word_1_346' title='bbox 1210 3033 1371 3095; x_wconf 88' lang='lat' dir='ltr'><strong>citavimus</strong></span> <span class='ocrx_word' id='word_1_347' title='bbox 1391 3034 1425 3094; x_wconf 92' lang='lat' dir='ltr'><strong>in</strong></span> <span class='ocrx_word' id='word_1_348' title='bbox 1446 3054 1539 3115; x_wconf 87' lang='lat' dir='ltr'><strong>opere</strong></span> <span class='ocrx_word' id='word_1_349' title='bbox 1561 3037 1626 3113; x_wconf 90' lang='lat' dir='ltr'><strong>illo,</strong></span> <span class='ocrx_word' id='word_1_350' title='bbox 1648 3037 1733 3116; x_wconf 87' lang='lat' dir='ltr'><strong>quod</strong></span> <span class='ocrx_word' id='word_1_351' title='bbox 1753 3038 1904 3101; x_wconf 81' lang='lat' dir='ltr'><strong>adversus</strong></span> 
     </span>
     <span class='ocr_line' id='line_1_30' title="bbox 305 3124 1903 3207; baseline 0.002 -18"><span class='ocrx_word' id='word_1_352' title='bbox 305 3129 460 3190; x_wconf 87' lang='lat' dir='ltr'><strong>morulam</strong></span> <span class='ocrx_word' id='word_1_353' title='bbox 470 3128 606 3207; x_wconf 89' lang='lat' dir='ltr'><strong>aliquam</strong></span> <span class='ocrx_word' id='word_1_354' title='bbox 616 3126 697 3186; x_wconf 91' lang='lat' dir='ltr'><strong>inter</strong></span> <span class='ocrx_word' id='word_1_355' title='bbox 709 3125 908 3201; x_wconf 86' lang='lat' dir='ltr'><strong>creationem,</strong></span> <span class='ocrx_word' id='word_1_356' title='bbox 919 3125 1077 3204; x_wconf 81' lang='lat' dir='ltr'><strong>allapsum</strong></span> <span class='ocrx_word' id='word_1_357' title='bbox 1128 3124 1294 3204; x_wconf 88' lang='lat' dir='ltr'><strong>Origenem</strong></span> <span class='ocrx_word' id='word_1_358' title='bbox 1320 3126 1427 3203; x_wconf 88' lang='lat' dir='ltr'><strong>edidit,</strong></span> <span class='ocrx_word' id='word_1_359' title='bbox 1455 3128 1487 3187; x_wconf 92' lang='lat' dir='ltr'><strong>in</strong></span> <span class='ocrx_word' id='word_1_360' title='bbox 1518 3147 1590 3190; x_wconf 90' lang='lat' dir='ltr'><strong>eum</strong></span> <span class='ocrx_word' id='word_1_361' title='bbox 1613 3129 1716 3190; x_wconf 88' lang='lat' dir='ltr'><strong>aerius</strong></span> <span class='ocrx_word' id='word_1_362' title='bbox 1741 3128 1903 3193; x_wconf 84' lang='lat' dir='ltr'><strong>invectum</strong></span> 
     </span>
     <span class='ocr_line' id='line_1_31' title="bbox 304 3215 1904 3302; baseline 0.005 -24"><span class='ocrx_word' id='word_1_363' title='bbox 304 3220 497 3299; x_wconf 85' lang='lat' dir='ltr'><strong>interjectam</strong></span> <span class='ocrx_word' id='word_1_364' title='bbox 531 3238 595 3280; x_wconf 90' lang='lat' dir='ltr'><strong>esse</strong></span> <span class='ocrx_word' id='word_1_365' title='bbox 626 3218 729 3293; x_wconf 88' lang='lat' dir='ltr'><strong>sentit,</strong></span> <span class='ocrx_word' id='word_1_366' title='bbox 765 3217 819 3278; x_wconf 92' lang='lat' dir='ltr'><strong>sed</strong></span> <span class='ocrx_word' id='word_1_367' title='bbox 850 3215 1074 3277; x_wconf 86' lang='lat' dir='ltr'><strong>brevissimam.</strong></span> <span class='ocrx_word' id='word_1_368' title='bbox 1126 3216 1230 3295; x_wconf 80' lang='lat' dir='ltr'><strong>fuisse,</strong></span> <span class='ocrx_word' id='word_1_369' title='bbox 1253 3218 1337 3298; x_wconf 90' lang='lat' dir='ltr'><strong>quod</strong></span> <span class='ocrx_word' id='word_1_370' title='bbox 1363 3219 1492 3300; x_wconf 88' lang='lat' dir='ltr'><strong>impune</strong></span> <span class='ocrx_word' id='word_1_371' title='bbox 1517 3240 1575 3302; x_wconf 91' lang='lat' dir='ltr'><strong>pro</strong></span> <span class='ocrx_word' id='word_1_372' title='bbox 1599 3221 1726 3283; x_wconf 89' lang='lat' dir='ltr'><strong>arbitrio</strong></span> <span class='ocrx_word' id='word_1_373' title='bbox 1750 3241 1806 3283; x_wconf 86' lang='lat' dir='ltr'><strong>suo</strong></span> <span class='ocrx_word' id='word_1_374' title='bbox 1833 3231 1904 3287; x_wconf 89' lang='lat' dir='ltr'><strong>tam</strong></span> 
     </span>
     <span class='ocr_line' id='line_1_32' title="bbox 305 3306 1905 3393; baseline 0.004 -21"><span class='ocrx_word' id='word_1_375' title='bbox 305 3313 393 3386; x_wconf 85' lang='lat' dir='ltr'><strong>Quod</strong></span> <span class='ocrx_word' id='word_1_376' title='bbox 407 3332 445 3373; x_wconf 83' lang='lat' dir='ltr'><strong>ex</strong></span> <span class='ocrx_word' id='word_1_377' title='bbox 458 3312 589 3391; x_wconf 85' lang='lat' dir='ltr'><strong>Origene</strong></span> <span class='ocrx_word' id='word_1_378' title='bbox 604 3309 714 3391; x_wconf 88' lang='lat' dir='ltr'><strong>probat</strong></span> <span class='ocrx_word' id='word_1_379' title='bbox 738 3308 761 3385; x_wconf 74' lang='lat'><strong>⁸3</strong></span> <span class='ocrx_word' id='word_1_380' title='bbox 777 3309 831 3388; x_wconf 90' lang='lat' dir='ltr'><strong>qui</strong></span> <span class='ocrx_word' id='word_1_381' title='bbox 846 3315 1032 3389; x_wconf 89' lang='lat' dir='ltr'><strong>serpentem,</strong></span> <span class='ocrx_word' id='word_1_382' title='bbox 1043 3309 1075 3369; x_wconf 89' lang='lat' dir='ltr'><strong>id</strong></span> <span class='ocrx_word' id='word_1_383' title='bbox 1126 3306 1274 3371; x_wconf 87' lang='lat' dir='ltr'><strong>abstrusis</strong></span> <span class='ocrx_word' id='word_1_384' title='bbox 1286 3311 1324 3372; x_wconf 88' lang='lat' dir='ltr'><strong>de</strong></span> <span class='ocrx_word' id='word_1_385' title='bbox 1337 3311 1431 3373; x_wconf 88' lang='lat' dir='ltr'><strong>rebus</strong></span> <span class='ocrx_word' id='word_1_386' title='bbox 1444 3330 1526 3373; x_wconf 85' lang='lat' dir='ltr'><strong>nova</strong></span> <span class='ocrx_word' id='word_1_387' title='bbox 1544 3314 1698 3393; x_wconf 85' lang='lat' dir='ltr'><strong>quaedam,</strong></span> <span class='ocrx_word' id='word_1_388' title='bbox 1715 3321 1746 3376; x_wconf 91' lang='lat' dir='ltr'><strong>ct</strong></span> <span class='ocrx_word' id='word_1_389' title='bbox 1759 3314 1905 3379; x_wconf 84' lang='lat' dir='ltr'><strong>inaudita</strong></span> 
     </span>
     <span class='ocr_line' id='line_1_33' title="bbox 304 3401 1902 3489; baseline 0.003 -22"><span class='ocrx_word' id='word_1_390' title='bbox 304 3410 349 3467; x_wconf 86' lang='lat' dir='ltr'><strong>est</strong></span> <span class='ocrx_word' id='word_1_391' title='bbox 363 3405 532 3480; x_wconf 88' lang='lat' dir='ltr'><strong>diabolum,</strong></span> <span class='ocrx_word' id='word_1_392' title='bbox 549 3422 613 3466; x_wconf 88' lang='lat' dir='ltr'><strong>non</strong></span> <span class='ocrx_word' id='word_1_393' title='bbox 637 3401 820 3482; x_wconf 89' lang='lat' dir='ltr'><strong>aprineipio</strong></span> <span class='ocrx_word' id='word_1_394' title='bbox 842 3401 964 3463; x_wconf 88' lang='lat' dir='ltr'><strong>veritati</strong></span> <span class='ocrx_word' id='word_1_395' title='bbox 982 3402 1075 3462; x_wconf 89' lang='lat' dir='ltr'><strong>fuisse</strong></span> <span class='ocrx_word' id='word_1_396' title='bbox 1124 3404 1243 3482; x_wconf 81' lang='lat' dir='ltr'><strong>garrire</strong></span> <span class='ocrx_word' id='word_1_397' title='bbox 1255 3422 1349 3464; x_wconf 91' lang='lat' dir='ltr'><strong>ausus</strong></span> <span class='ocrx_word' id='word_1_398' title='bbox 1358 3412 1451 3466; x_wconf 90' lang='lat' dir='ltr'><strong>esset:</strong></span> <span class='ocrx_word' id='word_1_399' title='bbox 1464 3407 1649 3485; x_wconf 71' lang='lat' dir='ltr'><strong>«Qubnam,</strong></span> <span class='ocrx_word' id='word_1_400' title='bbox 1661 3406 1775 3488; x_wconf 89' lang='lat' dir='ltr'><strong>inquit,</strong></span> <span class='ocrx_word' id='word_1_401' title='bbox 1786 3409 1902 3489; x_wconf 86' lang='lat' dir='ltr'><strong>Moses,</strong></span> 
     </span>
     <span class='ocr_line' id='line_1_34' title="bbox 304 3494 1904 3579; baseline 0.003 -20"><span class='ocrx_word' id='word_1_402' title='bbox 304 3498 495 3560; x_wconf 88' lang='lat' dir='ltr'><strong>eontrarium</strong></span> <span class='ocrx_word' id='word_1_403' title='bbox 507 3495 561 3573; x_wconf 87' lang='lat' dir='ltr'><strong>ait,</strong></span> <span class='ocrx_word' id='word_1_404' title='bbox 577 3515 634 3556; x_wconf 91' lang='lat' dir='ltr'><strong>nec</strong></span> <span class='ocrx_word' id='word_1_405' title='bbox 649 3511 742 3573; x_wconf 88' lang='lat' dir='ltr'><strong>supra</strong></span> <span class='ocrx_word' id='word_1_406' title='bbox 754 3503 861 3573; x_wconf 85' lang='lat' dir='ltr'><strong>pectus</strong></span> <span class='ocrx_word' id='word_1_407' title='bbox 876 3512 968 3554; x_wconf 90' lang='lat' dir='ltr'><strong>suum</strong></span> <span class='ocrx_word' id='word_1_408' title='bbox 978 3494 1075 3556; x_wconf 91' lang='lat' dir='ltr'><strong>inees-</strong></span> <span class='ocrx_word' id='word_1_409' title='bbox 1124 3501 1179 3555; x_wconf 88' lang='lat' dir='ltr'><strong>aut</strong></span> <span class='ocrx_word' id='word_1_410' title='bbox 1195 3496 1317 3569; x_wconf 88' lang='lat' dir='ltr'><strong>Paulus,</strong></span> <span class='ocrx_word' id='word_1_411' title='bbox 1333 3497 1396 3558; x_wconf 84' lang='lat' dir='ltr'><strong>sire</strong></span> <span class='ocrx_word' id='word_1_412' title='bbox 1422 3498 1491 3577; x_wconf 89' lang='lat' dir='ltr'><strong>quis</strong></span> <span class='ocrx_word' id='word_1_413' title='bbox 1510 3498 1589 3559; x_wconf 88' lang='lat' dir='ltr'><strong>alius</strong></span> <span class='ocrx_word' id='word_1_414' title='bbox 1610 3499 1855 3579; x_wconf 84' lang='lat' dir='ltr'><strong>Prophetarum,</strong></span> <span class='ocrx_word' id='word_1_415' title='bbox 1871 3509 1904 3566; x_wconf 86' lang='lat' dir='ltr'><strong>et</strong></span> 
     </span>
     <span class='ocr_line' id='line_1_35' title="bbox 302 3586 1902 3674; baseline 0.004 -25"><span class='ocrx_word' id='word_1_416' title='bbox 302 3591 387 3652; x_wconf 86' lang='lat' dir='ltr'><strong>sisse.</strong></span> <span class='ocrx_word' id='word_1_417' title='bbox 402 3590 520 3651; x_wconf 78' lang='lat' dir='ltr'><strong>Verum</strong></span> <span class='ocrx_word' id='word_1_418' title='bbox 533 3588 584 3649; x_wconf 91' lang='lat' dir='ltr'><strong>bio</strong></span> <span class='ocrx_word' id='word_1_419' title='bbox 606 3586 691 3647; x_wconf 89' lang='lat' dir='ltr'><strong>locus</strong></span> <span class='ocrx_word' id='word_1_420' title='bbox 705 3586 846 3665; x_wconf 75' lang='lat' dir='ltr'><strong>(trigenis</strong></span> <span class='ocrx_word' id='word_1_421' title='bbox 868 3605 934 3646; x_wconf 91' lang='lat' dir='ltr'><strong>non</strong></span> <span class='ocrx_word' id='word_1_422' title='bbox 947 3586 1074 3648; x_wconf 83' lang='lat' dir='ltr'><strong>brevem</strong></span> <span class='ocrx_word' id='word_1_423' title='bbox 1124 3588 1344 3667; x_wconf 90' lang='lat' dir='ltr'><strong>Apostolorum</strong></span> <span class='ocrx_word' id='word_1_424' title='bbox 1357 3594 1422 3649; x_wconf 90' lang='lat' dir='ltr'><strong>tam</strong></span> <span class='ocrx_word' id='word_1_425' title='bbox 1443 3597 1584 3653; x_wconf 81' lang='lat' dir='ltr'><strong>aromate</strong></span> <span class='ocrx_word' id='word_1_426' title='bbox 1596 3592 1635 3654; x_wconf 94' lang='lat' dir='ltr'><strong>de</strong></span> <span class='ocrx_word' id='word_1_427' title='bbox 1657 3593 1812 3669; x_wconf 89' lang='lat' dir='ltr'><strong>omnibus,</strong></span> <span class='ocrx_word' id='word_1_428' title='bbox 1825 3612 1902 3674; x_wconf 71' lang='lat' dir='ltr'><strong>quae</strong></span> 
     </span>
     <span class='ocr_line' id='line_1_36' title="bbox 302 3680 1902 3765; baseline 0.002 -21"><span class='ocrx_word' id='word_1_429' title='bbox 302 3683 439 3763; x_wconf 88' lang='lat' dir='ltr'><strong>aliquam</strong></span> <span class='ocrx_word' id='word_1_430' title='bbox 459 3681 673 3762; x_wconf 87' lang='lat' dir='ltr'><strong>interpositam</strong></span> <span class='ocrx_word' id='word_1_431' title='bbox 690 3698 755 3740; x_wconf 89' lang='lat' dir='ltr'><strong>esse</strong></span> <span class='ocrx_word' id='word_1_432' title='bbox 775 3697 906 3755; x_wconf 84' lang='lat' dir='ltr'><strong>morem,</strong></span> <span class='ocrx_word' id='word_1_433' title='bbox 927 3681 980 3741; x_wconf 91' lang='lat' dir='ltr'><strong>sed</strong></span> <span class='ocrx_word' id='word_1_434' title='bbox 1000 3680 1072 3740; x_wconf 90' lang='lat' dir='ltr'><strong>lon·</strong></span> <span class='ocrx_word' id='word_1_435' title='bbox 1124 3685 1196 3741; x_wconf 87' lang='lat' dir='ltr'><strong>ante</strong></span> <span class='ocrx_word' id='word_1_436' title='bbox 1224 3683 1377 3742; x_wconf 90' lang='lat' dir='ltr'><strong>mundum</strong></span> <span class='ocrx_word' id='word_1_437' title='bbox 1403 3683 1596 3760; x_wconf 80' lang='lat' dir='ltr'><strong>exstiterunt,</strong></span> <span class='ocrx_word' id='word_1_438' title='bbox 1619 3688 1650 3744; x_wconf 88' lang='lat' dir='ltr'><strong>et</strong></span> <span class='ocrx_word' id='word_1_439' title='bbox 1670 3703 1763 3765; x_wconf 88' lang='lat' dir='ltr'><strong>supra</strong></span> <span class='ocrx_word' id='word_1_440' title='bbox 1781 3686 1902 3749; x_wconf 88' lang='lat' dir='ltr'><strong>eoelum</strong></span> 
     </span>
     <span class='ocr_line' id='line_1_37' title="bbox 298 3772 1901 3859; baseline 0.002 -22"><span class='ocrx_word' id='word_1_441' title='bbox 298 3777 422 3856; x_wconf 71' lang='lat' dir='ltr'><strong>&#39;giorem</strong></span> <span class='ocrx_word' id='word_1_442' title='bbox 437 3774 565 3851; x_wconf 89' lang='lat' dir='ltr'><strong>suadet;</strong></span> <span class='ocrx_word' id='word_1_443' title='bbox 582 3773 695 3853; x_wconf 91' lang='lat' dir='ltr'><strong>quippe</strong></span> <span class='ocrx_word' id='word_1_444' title='bbox 719 3772 853 3859; x_wconf 86' lang='lat' dir='ltr'><strong>Angelos</strong></span> <span class='ocrx_word' id='word_1_445' title='bbox 878 3778 995 3833; x_wconf 89' lang='lat' dir='ltr'><strong>creatos</strong></span> <span class='ocrx_word' id='word_1_446' title='bbox 1009 3792 1073 3834; x_wconf 89' lang='lat' dir='ltr'><strong>esse</strong></span> <span class='ocrx_word' id='word_1_447' title='bbox 1123 3779 1206 3842; x_wconf 89' lang='lat' dir='ltr'><strong>sunt,</strong></span> <span class='ocrx_word' id='word_1_448' title='bbox 1236 3790 1306 3834; x_wconf 90' lang='lat' dir='ltr'><strong>eum</strong></span> <span class='ocrx_word' id='word_1_449' title='bbox 1335 3774 1422 3834; x_wconf 91' lang='lat' dir='ltr'><strong>omui</strong></span> <span class='ocrx_word' id='word_1_450' title='bbox 1449 3776 1630 3838; x_wconf 88' lang='lat' dir='ltr'><strong>auctoritate</strong></span> <span class='ocrx_word' id='word_1_451' title='bbox 1657 3777 1831 3857; x_wconf 82' lang='lat' dir='ltr'><strong>disputare,</strong></span> <span class='ocrx_word' id='word_1_452' title='bbox 1863 3799 1901 3842; x_wconf 90' lang='lat' dir='ltr'><strong>ac</strong></span> 
     </span>
     <span class='ocr_line' id='line_1_38' title="bbox 302 3865 1432 3947; baseline -0.006 -15"><span class='ocrx_word' id='word_1_453' title='bbox 302 3871 420 3932; x_wconf 86' lang='lat' dir='ltr'><strong>censuit</strong></span> <span class='ocrx_word' id='word_1_454' title='bbox 448 3873 520 3929; x_wconf 90' lang='lat' dir='ltr'><strong>ante</strong></span> <span class='ocrx_word' id='word_1_455' title='bbox 543 3866 700 3927; x_wconf 89' lang='lat' dir='ltr'><strong>mundum</strong></span> <span class='ocrx_word' id='word_1_456' title='bbox 726 3865 809 3926; x_wconf 89' lang='lat' dir='ltr'><strong>hune</strong></span> <span class='ocrx_word' id='word_1_457' title='bbox 833 3865 1050 3944; x_wconf 89' lang='lat' dir='ltr'><strong>aspectabilem</strong></span> <span class='ocrx_word' id='word_1_458' title='bbox 1062 3889 1070 3944; x_wconf 89' lang='lat'>;</span> <span class='ocrx_word' id='word_1_459' title='bbox 1123 3865 1233 3927; x_wconf 87' lang='lat' dir='ltr'><strong>docere</strong></span> <span class='ocrx_word' id='word_1_460' title='bbox 1247 3868 1347 3947; x_wconf 92' lang='lat' dir='ltr'><strong>potuit</strong></span> <span class='ocrx_word' id='word_1_461' title='bbox 1360 3867 1397 3927; x_wconf 75' lang='lat' dir='ltr'><strong>“l</strong></span> <span class='ocrx_word' id='word_1_462' title='bbox 1420 3886 1432 3925; x_wconf 84' lang='lat' dir='ltr'><strong>r</strong></span> 
     </span>
     <span class='ocr_line' id='line_1_39' title="bbox 300 3956 1991 4043; baseline -0.002 -19"><span class='ocrx_word' id='word_1_463' title='bbox 300 3968 476 4043; x_wconf 86' lang='lat' dir='ltr'><strong>serpentem</strong></span> <span class='ocrx_word' id='word_1_464' title='bbox 498 3966 604 4021; x_wconf 86' lang='lat' dir='ltr'><strong>autem</strong></span> <span class='ocrx_word' id='word_1_465' title='bbox 624 3957 725 4034; x_wconf 91' lang='lat' dir='ltr'><strong>illum,</strong></span> <span class='ocrx_word' id='word_1_466' title='bbox 740 3956 800 4037; x_wconf 66' lang='lat' dir='ltr'><strong>⁴qui</strong></span> <span class='ocrx_word' id='word_1_467' title='bbox 818 3959 915 4018; x_wconf 91' lang='lat' dir='ltr'><strong>Evam</strong></span> <span class='ocrx_word' id='word_1_468' title='bbox 940 3957 1069 4038; x_wconf 90' lang='lat' dir='ltr'><strong>decepit,</strong></span> <span class='ocrx_word' id='word_1_469' title='bbox 1162 3959 1272 4020; x_wconf 84' lang='lat' dir='ltr'><strong>XVlll.</strong></span> <span class='ocrx_word' id='word_1_470' title='bbox 1296 3962 1457 4021; x_wconf 88' lang='lat' dir='ltr'><strong>Postremo</strong></span> <span class='ocrx_word' id='word_1_471' title='bbox 1490 3979 1546 4022; x_wconf 89' lang='lat' dir='ltr'><strong>our</strong></span> <span class='ocrx_word' id='word_1_472' title='bbox 1578 3960 1698 4042; x_wconf 84' lang='lat' dir='ltr'><strong>Angeli,</strong></span> <span class='ocrx_word' id='word_1_473' title='bbox 1730 3969 1899 4043; x_wconf 85' lang='lat' dir='ltr'><strong>postquam</strong></span> <span class='ocrx_word' id='word_1_474' title='bbox 1936 3978 1991 4022; x_wconf 75' lang='lat' dir='ltr'><strong>cur</strong></span> 
     </span>
     <span class='ocr_line' id='line_1_40' title="bbox 300 4033 1986 4135; baseline 0.001 -18"><span class='ocrx_word' id='word_1_475' title='bbox 300 4061 392 4118; x_wconf 88' lang='lat' dir='ltr'><strong>antea</strong></span> <span class='ocrx_word' id='word_1_476' title='bbox 409 4072 510 4134; x_wconf 89' lang='lat' dir='ltr'><strong>neque</strong></span> <span class='ocrx_word' id='word_1_477' title='bbox 527 4056 704 4131; x_wconf 87' lang='lat' dir='ltr'><strong>serpentem</strong></span> <span class='ocrx_word' id='word_1_478' title='bbox 723 4049 825 4125; x_wconf 85' lang='lat' dir='ltr'><strong>fuisse,</strong></span> <span class='ocrx_word' id='word_1_479' title='bbox 852 4068 953 4129; x_wconf 88' lang='lat' dir='ltr'><strong>neque</strong></span> <span class='ocrx_word' id='word_1_480' title='bbox 977 4070 1071 4131; x_wconf 87' lang='lat' dir='ltr'><strong>supra</strong></span> <span class='ocrx_word' id='word_1_481' title='bbox 1121 4051 1217 4112; x_wconf 90' lang='lat' dir='ltr'><strong>semel</strong></span> <span class='ocrx_word' id='word_1_482' title='bbox 1229 4052 1307 4131; x_wconf 90' lang='lat' dir='ltr'><strong>lapsi</strong></span> <span class='ocrx_word' id='word_1_483' title='bbox 1319 4058 1403 4128; x_wconf 88' lang='lat' dir='ltr'><strong>sunt,</strong></span> <span class='ocrx_word' id='word_1_484' title='bbox 1419 4052 1545 4113; x_wconf 87' lang='lat' dir='ltr'><strong>nullum</strong></span> <span class='ocrx_word' id='word_1_485' title='bbox 1557 4053 1774 4115; x_wconf 78' lang='lat' dir='ltr'><strong>veuiaeloenm</strong></span> <span class='ocrx_word' id='word_1_486' title='bbox 1785 4063 1899 4135; x_wconf 88' lang='lat' dir='ltr'><strong>postea</strong></span> <span class='ocrx_word' id='word_1_487' title='bbox 1924 4033 1986 4129; x_wconf 56' lang='lat' dir='ltr'><strong>„urii</strong></span> 
     </span>
     <span class='ocr_line' id='line_1_41' title="bbox 300 4142 1898 4229; baseline 0.002 -20"><span class='ocrx_word' id='word_1_488' title='bbox 300 4153 406 4229; x_wconf 89' lang='lat' dir='ltr'><strong>pectus</strong></span> <span class='ocrx_word' id='word_1_489' title='bbox 418 4146 603 4222; x_wconf 83' lang='lat' dir='ltr'><strong>ambulasse,</strong></span> <span class='ocrx_word' id='word_1_490' title='bbox 619 4161 719 4223; x_wconf 90' lang='lat' dir='ltr'><strong>neque</strong></span> <span class='ocrx_word' id='word_1_491' title='bbox 743 4160 762 4202; x_wconf 84' lang='lat' dir='ltr'><strong>a</strong></span> <span class='ocrx_word' id='word_1_492' title='bbox 788 4144 848 4202; x_wconf 84' lang='lat' dir='ltr'><strong>beo</strong></span> <span class='ocrx_word' id='word_1_493' title='bbox 872 4142 1071 4205; x_wconf 88' lang='lat' dir='ltr'><strong>maledictum</strong></span> <span class='ocrx_word' id='word_1_494' title='bbox 1123 4144 1279 4204; x_wconf 90' lang='lat' dir='ltr'><strong>consecuti</strong></span> <span class='ocrx_word' id='word_1_495' title='bbox 1297 4150 1379 4218; x_wconf 90' lang='lat' dir='ltr'><strong>sunt,</strong></span> <span class='ocrx_word' id='word_1_496' title='bbox 1399 4143 1493 4221; x_wconf 87' lang='lat' dir='ltr'><strong>vulgo</strong></span> <span class='ocrx_word' id='word_1_497' title='bbox 1508 4146 1613 4207; x_wconf 78' lang='lat' dir='ltr'><strong>baca</strong></span> <span class='ocrx_word' id='word_1_498' title='bbox 1635 4147 1778 4208; x_wconf 89' lang='lat' dir='ltr'><strong>Patribus</strong></span> <span class='ocrx_word' id='word_1_499' title='bbox 1802 4167 1898 4212; x_wconf 84' lang='lat' dir='ltr'><strong>causa</strong></span> 
     </span>
     <span class='ocr_line' id='line_1_42' title="bbox 299 4232 1897 4315; baseline 0 -14"><span class='ocrx_word' id='word_1_500' title='bbox 299 4240 403 4315; x_wconf 81' lang='lat' dir='ltr'><strong>luisse,</strong></span> <span class='ocrx_word' id='word_1_501' title='bbox 419 4241 472 4301; x_wconf 88' lang='lat' dir='ltr'><strong>sed</strong></span> <span class='ocrx_word' id='word_1_502' title='bbox 493 4237 580 4298; x_wconf 86' lang='lat' dir='ltr'><strong>initio</strong></span> <span class='ocrx_word' id='word_1_503' title='bbox 597 4236 629 4296; x_wconf 80' lang='lat' dir='ltr'><strong>in</strong></span> <span class='ocrx_word' id='word_1_504' title='bbox 657 4232 800 4296; x_wconf 79' lang='lat' dir='ltr'><strong>Perodr&#39;so</strong></span> <span class='ocrx_word' id='word_1_505' title='bbox 815 4232 992 4296; x_wconf 81' lang='lat' dir='ltr'><strong>deliciorum</strong></span> <span class='ocrx_word' id='word_1_506' title='bbox 1005 4256 1072 4298; x_wconf 72' lang='lat' dir='ltr'><strong>rer·</strong></span> <span class='ocrx_word' id='word_1_507' title='bbox 1122 4232 1272 4309; x_wconf 88' lang='lat' dir='ltr'><strong>redditur,</strong></span> <span class='ocrx_word' id='word_1_508' title='bbox 1288 4250 1383 4312; x_wconf 89' lang='lat' dir='ltr'><strong>quam</strong></span> <span class='ocrx_word' id='word_1_509' title='bbox 1397 4234 1561 4312; x_wconf 88' lang='lat' dir='ltr'><strong>Gregorius</strong></span> <span class='ocrx_word' id='word_1_510' title='bbox 1574 4236 1658 4315; x_wconf 89' lang='lat' dir='ltr'><strong>Papa</strong></span> <span class='ocrx_word' id='word_1_511' title='bbox 1667 4236 1700 4295; x_wconf 90' lang='lat' dir='ltr'><strong>in</strong></span> <span class='ocrx_word' id='word_1_512' title='bbox 1712 4236 1792 4298; x_wconf 89' lang='lat' dir='ltr'><strong>libre</strong></span> <span class='ocrx_word' id='word_1_513' title='bbox 1807 4257 1897 4302; x_wconf 90' lang='lat' dir='ltr'><strong>nono</strong></span> 
     </span>
     <span class='ocr_line' id='line_1_43' title="bbox 300 4324 1894 4409; baseline 0 -14"><span class='ocrx_word' id='word_1_514' title='bbox 300 4340 483 4409; x_wconf 86' lang='lat' dir='ltr'><strong>satumesse,</strong></span> <span class='ocrx_word' id='word_1_515' title='bbox 497 4340 524 4393; x_wconf 88' lang='lat' dir='ltr'><strong>et</strong></span> <span class='ocrx_word' id='word_1_516' title='bbox 534 4329 695 4391; x_wconf 77' lang='lat' dir='ltr'><strong>corbulone</strong></span> <span class='ocrx_word' id='word_1_517' title='bbox 706 4326 928 4388; x_wconf 81' lang='lat' dir='ltr'><strong>immaculatam</strong></span> <span class='ocrx_word' id='word_1_518' title='bbox 937 4329 969 4387; x_wconf 77' lang='lat' dir='ltr'><strong>io</strong></span> <span class='ocrx_word' id='word_1_519' title='bbox 979 4329 1072 4391; x_wconf 80' lang='lat' dir='ltr'><strong>omoi-</strong></span> <span class='ocrx_word' id='word_1_520' title='bbox 1123 4324 1290 4387; x_wconf 81' lang='lat' dir='ltr'><strong>Moralium</strong></span> <span class='ocrx_word' id='word_1_521' title='bbox 1303 4326 1416 4401; x_wconf 89' lang='lat' dir='ltr'><strong>attulit,</strong></span> <span class='ocrx_word' id='word_1_522' title='bbox 1431 4327 1529 4407; x_wconf 85' lang='lat' dir='ltr'><strong>capite</strong></span> <span class='ocrx_word' id='word_1_523' title='bbox 1542 4344 1640 4389; x_wconf 81' lang='lat' dir='ltr'><strong>xxvm</strong></span> <span class='ocrx_word' id='word_1_524' title='bbox 1657 4349 1669 4386; x_wconf 81' lang='lat' dir='ltr'><strong>e</strong></span> <span class='ocrx_word' id='word_1_525' title='bbox 1685 4330 1894 4409; x_wconf 87' lang='lat' dir='ltr'><strong>Angelorum,</strong></span> 
     </span>
     <span class='ocr_line' id='line_1_44' title="bbox 300 4417 1896 4504; baseline -0.001 -15"><span class='ocrx_word' id='word_1_526' title='bbox 300 4428 353 4489; x_wconf 83' lang='lat' dir='ltr'><strong>bus</strong></span> <span class='ocrx_word' id='word_1_527' title='bbox 384 4426 439 4487; x_wconf 84' lang='lat' dir='ltr'><strong>viis</strong></span> <span class='ocrx_word' id='word_1_528' title='bbox 465 4424 535 4499; x_wconf 83' lang='lat' dir='ltr'><strong>snr&#39;s,</strong></span> <span class='ocrx_word' id='word_1_529' title='bbox 562 4427 597 4482; x_wconf 89' lang='lat' dir='ltr'><strong>ut</strong></span> <span class='ocrx_word' id='word_1_530' title='bbox 623 4422 661 4481; x_wconf 91' lang='lat' dir='ltr'><strong>de</strong></span> <span class='ocrx_word' id='word_1_531' title='bbox 682 4440 718 4480; x_wconf 92' lang='lat' dir='ltr'><strong>eo</strong></span> <span class='ocrx_word' id='word_1_532' title='bbox 742 4419 882 4481; x_wconf 86' lang='lat' dir='ltr'><strong>Ezechiel</strong></span> <span class='ocrx_word' id='word_1_533' title='bbox 906 4420 1069 4482; x_wconf 72' lang='lat' dir='ltr'><strong>affirmatl.</strong></span> <span class='ocrx_word' id='word_1_534' title='bbox 1121 4417 1233 4497; x_wconf 74' lang='lat' dir='ltr'><strong>inqiut,</strong></span> <span class='ocrx_word' id='word_1_535' title='bbox 1248 4418 1373 4498; x_wconf 89' lang='lat' dir='ltr'><strong>spiritus</strong></span> <span class='ocrx_word' id='word_1_536' title='bbox 1386 4418 1503 4480; x_wconf 90' lang='lat' dir='ltr'><strong>ideirco</strong></span> <span class='ocrx_word' id='word_1_537' title='bbox 1517 4419 1770 4483; x_wconf 87' lang='lat' dir='ltr'><strong>irremissibiliter</strong></span> <span class='ocrx_word' id='word_1_538' title='bbox 1781 4443 1896 4504; x_wconf 85' lang='lat' dir='ltr'><strong>peeca-</strong></span> 
     </span>
     <span class='ocr_line' id='line_1_45' title="bbox 301 4511 1895 4598; baseline -0.001 -18"><span class='ocrx_word' id='word_1_539' title='bbox 301 4518 448 4594; x_wconf 83' lang='lat' dir='ltr'><strong>Quocirca</strong></span> <span class='ocrx_word' id='word_1_540' title='bbox 461 4535 526 4576; x_wconf 90' lang='lat' dir='ltr'><strong>non</strong></span> <span class='ocrx_word' id='word_1_541' title='bbox 549 4514 677 4575; x_wconf 89' lang='lat' dir='ltr'><strong>brevem</strong></span> <span class='ocrx_word' id='word_1_542' title='bbox 699 4512 835 4591; x_wconf 86' lang='lat' dir='ltr'><strong>aliquam</strong></span> <span class='ocrx_word' id='word_1_543' title='bbox 863 4530 986 4574; x_wconf 88' lang='lat' dir='ltr'><strong>moram</strong></span> <span class='ocrx_word' id='word_1_544' title='bbox 1001 4515 1070 4575; x_wconf 90' lang='lat' dir='ltr'><strong>Ori·</strong></span> <span class='ocrx_word' id='word_1_545' title='bbox 1122 4516 1244 4587; x_wconf 74' lang='lat' dir='ltr'><strong>rerunt,</strong></span> <span class='ocrx_word' id='word_1_546' title='bbox 1261 4512 1334 4590; x_wconf 90' lang='lat' dir='ltr'><strong>quia</strong></span> <span class='ocrx_word' id='word_1_547' title='bbox 1355 4516 1442 4571; x_wconf 85' lang='lat' dir='ltr'><strong>tanto</strong></span> <span class='ocrx_word' id='word_1_548' title='bbox 1461 4511 1618 4573; x_wconf 89' lang='lat' dir='ltr'><strong>robustius</strong></span> <span class='ocrx_word' id='word_1_549' title='bbox 1638 4519 1718 4575; x_wconf 81' lang='lat' dir='ltr'><strong>stare</strong></span> <span class='ocrx_word' id='word_1_550' title='bbox 1735 4520 1895 4598; x_wconf 88' lang='lat' dir='ltr'><strong>poterant,</strong></span> 
     </span>
     <span class='ocr_line' id='line_1_46' title="bbox 299 4603 1895 4692; baseline -0.001 -18"><span class='ocrx_word' id='word_1_551' title='bbox 299 4631 393 4692; x_wconf 87' lang='lat' dir='ltr'><strong>genes</strong></span> <span class='ocrx_word' id='word_1_552' title='bbox 416 4607 545 4671; x_wconf 84' lang='lat' dir='ltr'><strong>definire</strong></span> <span class='ocrx_word' id='word_1_553' title='bbox 559 4606 670 4685; x_wconf 89' lang='lat' dir='ltr'><strong>potuit,</strong></span> <span class='ocrx_word' id='word_1_554' title='bbox 685 4603 801 4665; x_wconf 88' lang='lat' dir='ltr'><strong>nedum</strong></span> <span class='ocrx_word' id='word_1_555' title='bbox 814 4604 993 4682; x_wconf 87' lang='lat' dir='ltr'><strong>instans,de</strong></span> <span class='ocrx_word' id='word_1_556' title='bbox 1008 4625 1071 4686; x_wconf 90' lang='lat' dir='ltr'><strong>quo</strong></span> <span class='ocrx_word' id='word_1_557' title='bbox 1121 4610 1238 4684; x_wconf 81' lang='lat' dir='ltr'><strong>quanto</strong></span> <span class='ocrx_word' id='word_1_558' title='bbox 1266 4621 1318 4664; x_wconf 91' lang='lat' dir='ltr'><strong>cos</strong></span> <span class='ocrx_word' id='word_1_559' title='bbox 1341 4604 1440 4664; x_wconf 86' lang='lat' dir='ltr'><strong>earnis</strong></span> <span class='ocrx_word' id='word_1_560' title='bbox 1465 4604 1644 4665; x_wconf 80' lang='lat' dir='ltr'><strong>commixtio</strong></span> <span class='ocrx_word' id='word_1_561' title='bbox 1668 4625 1733 4668; x_wconf 90' lang='lat' dir='ltr'><strong>non</strong></span> <span class='ocrx_word' id='word_1_562' title='bbox 1751 4609 1895 4674; x_wconf 87' lang='lat' dir='ltr'><strong>tenebat.</strong></span> 
     </span>
     <span class='ocr_line' id='line_1_47' title="bbox 301 4696 1895 4780; baseline -0.001 -14"><span class='ocrx_word' id='word_1_563' title='bbox 301 4705 384 4766; x_wconf 89' lang='lat' dir='ltr'><strong>illius</strong></span> <span class='ocrx_word' id='word_1_564' title='bbox 398 4700 582 4764; x_wconf 86' lang='lat' dir='ltr'><strong>sententium</strong></span> <span class='ocrx_word' id='word_1_565' title='bbox 604 4698 825 4778; x_wconf 87' lang='lat' dir='ltr'><strong>interpretatur</strong></span> <span class='ocrx_word' id='word_1_566' title='bbox 845 4699 877 4759; x_wconf 84' lang='lat' dir='ltr'><strong>S.</strong></span> <span class='ocrx_word' id='word_1_567' title='bbox 900 4696 1068 4775; x_wconf 85' lang='lat' dir='ltr'><strong>Thomas⁷‚</strong></span> <span class='ocrx_word' id='word_1_568' title='bbox 1121 4697 1757 4780; x_wconf 73' lang='lat' dir='ltr'><strong>Homei&#39;eroideireopestculpamveniam</strong></span> <span class='ocrx_word' id='word_1_569' title='bbox 1765 4705 1895 4779; x_wconf 88' lang='lat' dir='ltr'><strong>meruit,</strong></span> 
     </span>
     <span class='ocr_line' id='line_1_48' title="bbox 301 4788 1897 4876; baseline -0.001 -17"><span class='ocrx_word' id='word_1_570' title='bbox 301 4797 354 4860; x_wconf 87' lang='lat' dir='ltr'><strong>sed</strong></span> <span class='ocrx_word' id='word_1_571' title='bbox 366 4793 582 4875; x_wconf 88' lang='lat' dir='ltr'><strong>longissimum</strong></span> <span class='ocrx_word' id='word_1_572' title='bbox 596 4788 941 4851; x_wconf 76' lang='lat' dir='ltr'><strong>omninointeruallum.</strong></span> <span class='ocrx_word' id='word_1_573' title='bbox 953 4790 1026 4867; x_wconf 88' lang='lat' dir='ltr'><strong>Nos,</strong></span> <span class='ocrx_word' id='word_1_574' title='bbox 1035 4796 1072 4851; x_wconf 92' lang='lat' dir='ltr'><strong>ut</strong></span> <span class='ocrx_word' id='word_1_575' title='bbox 1121 4791 1195 4869; x_wconf 87' lang='lat' dir='ltr'><strong>quia</strong></span> <span class='ocrx_word' id='word_1_576' title='bbox 1207 4808 1263 4870; x_wconf 90' lang='lat' dir='ltr'><strong>per</strong></span> <span class='ocrx_word' id='word_1_577' title='bbox 1274 4789 1395 4851; x_wconf 86' lang='lat' dir='ltr'><strong>carnale</strong></span> <span class='ocrx_word' id='word_1_578' title='bbox 1409 4807 1520 4870; x_wconf 88' lang='lat' dir='ltr'><strong>eorpus</strong></span> <span class='ocrx_word' id='word_1_579' title='bbox 1538 4790 1668 4871; x_wconf 83' lang='lat' dir='ltr'><strong>aliquid,</strong></span> <span class='ocrx_word' id='word_1_580' title='bbox 1687 4792 1771 4871; x_wconf 93' lang='lat' dir='ltr'><strong>quod</strong></span> <span class='ocrx_word' id='word_1_581' title='bbox 1790 4795 1897 4876; x_wconf 87' lang='lat' dir='ltr'><strong>seipso</strong></span> 
     </span>
     <span class='ocr_line' id='line_1_49' title="bbox 301 4882 1899 4962; baseline -0.001 -10"><span class='ocrx_word' id='word_1_582' title='bbox 301 4893 461 4952; x_wconf 90' lang='lat' dir='ltr'><strong>momento</strong></span> <span class='ocrx_word' id='word_1_583' title='bbox 474 4885 528 4946; x_wconf 88' lang='lat' dir='ltr'><strong>illo</strong></span> <span class='ocrx_word' id='word_1_584' title='bbox 542 4885 636 4946; x_wconf 86' lang='lat' dir='ltr'><strong>unico</strong></span> <span class='ocrx_word' id='word_1_585' title='bbox 655 4883 792 4945; x_wconf 90' lang='lat' dir='ltr'><strong>contenti</strong></span> <span class='ocrx_word' id='word_1_586' title='bbox 810 4900 874 4943; x_wconf 87' lang='lat' dir='ltr'><strong>esse</strong></span> <span class='ocrx_word' id='word_1_587' title='bbox 892 4900 958 4944; x_wconf 89' lang='lat' dir='ltr'><strong>non</strong></span> <span class='ocrx_word' id='word_1_588' title='bbox 976 4882 1070 4944; x_wconf 81' lang='lat' dir='ltr'><strong>debe·</strong></span> <span class='ocrx_word' id='word_1_589' title='bbox 1121 4882 1225 4942; x_wconf 92' lang='lat' dir='ltr'><strong>minor</strong></span> <span class='ocrx_word' id='word_1_590' title='bbox 1252 4887 1341 4955; x_wconf 91' lang='lat' dir='ltr'><strong>esset,</strong></span> <span class='ocrx_word' id='word_1_591' title='bbox 1371 4882 1530 4962; x_wconf 82' lang='lat' dir='ltr'><strong>aceepit.»</strong></span> <span class='ocrx_word' id='word_1_592' title='bbox 1552 4883 1590 4944; x_wconf 90' lang='lat' dir='ltr'><strong>Et</strong></span> <span class='ocrx_word' id='word_1_593' title='bbox 1614 4883 1648 4944; x_wconf 93' lang='lat' dir='ltr'><strong>in</strong></span> <span class='ocrx_word' id='word_1_594' title='bbox 1671 4883 1751 4945; x_wconf 90' lang='lat' dir='ltr'><strong>libro</strong></span> <span class='ocrx_word' id='word_1_595' title='bbox 1778 4885 1899 4950; x_wconf 83' lang='lat' dir='ltr'>XXXII</span> 
     </span>
     <span class='ocr_line' id='line_1_50' title="bbox 301 4974 1900 5059; baseline -0.001 -15"><span class='ocrx_word' id='word_1_596' title='bbox 301 5000 382 5059; x_wconf 87' lang='lat' dir='ltr'><strong>mus,</strong></span> <span class='ocrx_word' id='word_1_597' title='bbox 412 4979 455 5041; x_wconf 89' lang='lat' dir='ltr'><strong>sie</strong></span> <span class='ocrx_word' id='word_1_598' title='bbox 480 4978 635 5039; x_wconf 89' lang='lat' dir='ltr'><strong>mediocre</strong></span> <span class='ocrx_word' id='word_1_599' title='bbox 659 4975 785 5054; x_wconf 86' lang='lat' dir='ltr'><strong>aliquod</strong></span> <span class='ocrx_word' id='word_1_600' title='bbox 816 4974 951 5054; x_wconf 84' lang='lat' dir='ltr'><strong>spatium</strong></span> <span class='ocrx_word' id='word_1_601' title='bbox 974 4974 1069 5053; x_wconf 88' lang='lat' dir='ltr'><strong>ligere</strong></span> <span class='ocrx_word' id='word_1_602' title='bbox 1121 4974 1421 5054; x_wconf 70' lang='lat' dir='ltr'><strong>captennacum</strong></span> <span class='ocrx_word' id='word_1_603' title='bbox 1443 4974 1556 5037; x_wconf 88' lang='lat' dir='ltr'><strong>ideirco</strong></span> <span class='ocrx_word' id='word_1_604' title='bbox 1581 4977 1788 5055; x_wconf 82' lang='lat' dir='ltr'><strong>peoomssine</strong></span> <span class='ocrx_word' id='word_1_605' title='bbox 1801 4982 1900 5043; x_wconf 84' lang='lat' dir='ltr'><strong>venia</strong></span> 
     </span>
    </p>
   </div>
   <div class='ocr_carea' id='block_1_4' title="bbox 300 5170 1899 5328">
    <p class='ocr_par' dir='ltr' id='par_1_4' title="bbox 300 5170 1899 5328">
     <span class='ocr_line' id='line_1_51' title="bbox 335 5170 1899 5251; baseline -0.002 -15"><span class='ocrx_word' id='word_1_606' title='bbox 335 5197 356 5237; x_wconf 84' lang='lat' dir='ltr'><strong>e</strong></span> <span class='ocrx_word' id='word_1_607' title='bbox 375 5180 502 5235; x_wconf 78' lang='lat' dir='ltr'><strong>Aurrrlr.</strong></span> <span class='ocrx_word' id='word_1_608' title='bbox 519 5175 593 5247; x_wconf 88' lang='lat' dir='ltr'><strong>apud</strong></span> <span class='ocrx_word' id='word_1_609' title='bbox 615 5176 742 5231; x_wconf 84' lang='lat' dir='ltr'><strong>Damaso.</strong></span> <span class='ocrx_word' id='word_1_610' title='bbox 767 5176 800 5228; x_wconf 84' lang='lat' dir='ltr'><strong>ln</strong></span> <span class='ocrx_word' id='word_1_611' title='bbox 822 5170 924 5244; x_wconf 76' lang='lat' dir='ltr'><strong>Eeldp.</strong></span> <span class='ocrx_word' id='word_1_612' title='bbox 954 5173 1004 5229; x_wconf 88' lang='lat' dir='ltr'><strong>llb.</strong></span> <span class='ocrx_word' id='word_1_613' title='bbox 1034 5174 1067 5239; x_wconf 86' lang='lat' dir='ltr'><strong>A,</strong></span> <span class='ocrx_word' id='word_1_614' title='bbox 1120 5180 1170 5229; x_wconf 73' lang='grc' dir='ltr'><strong>τῶν</strong></span> <span class='ocrx_word' id='word_1_615' title='bbox 1189 5174 1239 5248; x_wconf 77' lang='grc' dir='ltr'><strong>πρὸ</strong></span> <span class='ocrx_word' id='word_1_616' title='bbox 1263 5177 1307 5227; x_wconf 79' lang='grc' dir='ltr'><strong>τοῦ</strong></span> <span class='ocrx_word' id='word_1_617' title='bbox 1333 5174 1442 5245; x_wconf 75' lang='grc' dir='ltr'>κόσμου,</span> <span class='ocrx_word' id='word_1_618' title='bbox 1470 5174 1512 5228; x_wconf 77' lang='grc' dir='ltr'><strong>καὶ</strong></span> <span class='ocrx_word' id='word_1_619' title='bbox 1536 5173 1714 5248; x_wconf 75' lang='lat' dir='ltr'><strong>talpelpnvts</strong></span> <span class='ocrx_word' id='word_1_620' title='bbox 1732 5176 1795 5250; x_wconf 65' lang='lat' dir='ltr'><strong>,aa</strong></span> <span class='ocrx_word' id='word_1_621' title='bbox 1812 5181 1899 5251; x_wconf 78' lang='grc' dir='ltr'><strong><em>πάσης</em></strong></span> 
     </span>
     <span class='ocr_line' id='line_1_52' title="bbox 300 5255 1640 5328; baseline -0.007 -6"><span class='ocrx_word' id='word_1_622' title='bbox 300 5265 341 5321; x_wconf 86' lang='lat' dir='ltr'><strong>tit.</strong></span> <span class='ocrx_word' id='word_1_623' title='bbox 358 5262 460 5320; x_wconf 83' lang='lat' dir='ltr'><strong>LXXV.</strong></span> <span class='ocrx_word' id='word_1_624' title='bbox 475 5260 552 5321; x_wconf 85' lang='grc' dir='ltr'>Ποῖος</span> <span class='ocrx_word' id='word_1_625' title='bbox 561 5258 679 5326; x_wconf 60' lang='lat' dir='ltr'><strong>Metione,</strong></span> <span class='ocrx_word' id='word_1_626' title='bbox 694 5257 709 5324; x_wconf 78' lang='grc' dir='ltr'>ἢ</span> <span class='ocrx_word' id='word_1_627' title='bbox 722 5256 830 5320; x_wconf 80' lang='grc' dir='ltr'><strong>Παῦλος,</strong></span> <span class='ocrx_word' id='word_1_628' title='bbox 845 5256 861 5324; x_wconf 78' lang='grc' dir='ltr'>ἢ</span> <span class='ocrx_word' id='word_1_629' title='bbox 881 5256 962 5328; x_wconf 74' lang='grc' dir='ltr'>ἕτερός</span> <span class='ocrx_word' id='word_1_630' title='bbox 970 5276 1009 5319; x_wconf 83' lang='grc' dir='ltr'><strong>τις</strong></span> <span class='ocrx_word' id='word_1_631' title='bbox 1017 5263 1067 5311; x_wconf 80' lang='grc' dir='ltr'><strong>τῶν</strong></span> <span class='ocrx_word' id='word_1_632' title='bbox 1121 5256 1245 5320; x_wconf 57' lang='lat' dir='ltr'><strong>mitrale(</strong></span> <span class='ocrx_word' id='word_1_633' title='bbox 1259 5257 1375 5322; x_wconf 70' lang='lat' dir='ltr'><strong>latiales,</strong></span> <span class='ocrx_word' id='word_1_634' title='bbox 1389 5255 1640 5328; x_wconf 58' lang='lat' dir='ltr'><strong>destituendorum</strong></span> 
     </span>
    </p>
   </div>
   <div class='ocr_carea' id='block_1_5' title="bbox 298 5338 1067 5421">
    <p class='ocr_par' dir='ltr' id='par_1_5' title="bbox 298 5338 1067 5421">
     <span class='ocr_line' id='line_1_53' title="bbox 298 5338 1067 5421; baseline -0.016 -17"><span class='ocrx_word' id='word_1_635' title='bbox 298 5353 443 5421; x_wconf 82' lang='grc' dir='ltr'>προφητῶν,</span> <span class='ocrx_word' id='word_1_636' title='bbox 456 5345 496 5398; x_wconf 79' lang='grc' dir='ltr'><strong>καὶ</strong></span> <span class='ocrx_word' id='word_1_637' title='bbox 513 5342 671 5397; x_wconf 82' lang='grc' dir='ltr'>Ἀποστόλων</span> <span class='ocrx_word' id='word_1_638' title='bbox 691 5340 769 5401; x_wconf 73' lang='grc' dir='ltr'>οὕτως</span> <span class='ocrx_word' id='word_1_639' title='bbox 783 5338 887 5411; x_wconf 59' lang='lat' dir='ltr'><strong>&amp;apsida</strong></span> <span class='ocrx_word' id='word_1_640' title='bbox 900 5340 955 5411; x_wconf 76' lang='grc' dir='ltr'>περὶ</span> <span class='ocrx_word' id='word_1_641' title='bbox 970 5339 1067 5394; x_wconf 79' lang='grc' dir='ltr'>πάντων</span> 
     </span>
    </p>
   </div>
   <div class='ocr_carea' id='block_1_6' title="bbox 297 5490 1896 5613">
    <p class='ocr_par' dir='ltr' id='par_1_6' title="bbox 297 5490 1896 5613">
     <span class='ocr_line' id='line_1_54' title="bbox 327 5490 1896 5550; baseline 0.001 -6"><span class='ocrx_word' id='word_1_642' title='bbox 327 5501 336 5544; x_wconf 99' lang='grc'>1</span> <span class='ocrx_word' id='word_1_643' title='bbox 348 5503 409 5547; x_wconf 82' lang='lat' dir='ltr'><strong>Sum.</strong></span> <span class='ocrx_word' id='word_1_644' title='bbox 422 5500 483 5545; x_wconf 71' lang='lat' dir='ltr'><strong>sen.</strong></span> <span class='ocrx_word' id='word_1_645' title='bbox 494 5502 558 5541; x_wconf 77' lang='lat' dir='ltr'><strong>treet.</strong></span> <span class='ocrx_word' id='word_1_646' title='bbox 569 5495 591 5545; x_wconf 72' lang='grc'><strong>1,</strong></span> <span class='ocrx_word' id='word_1_647' title='bbox 607 5505 656 5550; x_wconf 81' lang='lat' dir='ltr'><strong>erp.</strong></span> <span class='ocrx_word' id='word_1_648' title='bbox 666 5505 729 5537; x_wconf 83' lang='lat' dir='ltr'><strong>ur.-</strong></span> <span class='ocrx_word' id='word_1_649' title='bbox 739 5491 788 5536; x_wconf 75' lang='grc' dir='ltr'><strong>11η</strong></span> <span class='ocrx_word' id='word_1_650' title='bbox 798 5491 808 5536; x_wconf 93' lang='lat' dir='ltr'><strong>l</strong></span> <span class='ocrx_word' id='word_1_651' title='bbox 819 5492 867 5537; x_wconf 84' lang='lat' dir='ltr'><strong>Par.</strong></span> <span class='ocrx_word' id='word_1_652' title='bbox 877 5505 899 5548; x_wconf 89' lang='lat' dir='ltr'><strong>q.</strong></span> <span class='ocrx_word' id='word_1_653' title='bbox 909 5505 971 5544; x_wconf 77' lang='lat' dir='ltr'><strong>inu,</strong></span> <span class='ocrx_word' id='word_1_654' title='bbox 983 5499 1023 5539; x_wconf 83' lang='lat' dir='ltr'><strong>nrt.</strong></span> <span class='ocrx_word' id='word_1_655' title='bbox 1035 5490 1106 5537; x_wconf 84' lang='lat' dir='ltr'><strong>o.-a</strong></span> <span class='ocrx_word' id='word_1_656' title='bbox 1117 5491 1158 5543; x_wconf 81' lang='lat' dir='ltr'><strong>Qu.</strong></span> <span class='ocrx_word' id='word_1_657' title='bbox 1174 5500 1226 5543; x_wconf 80' lang='lat' dir='ltr'><strong>uu,</strong></span> <span class='ocrx_word' id='word_1_658' title='bbox 1234 5499 1277 5536; x_wconf 83' lang='lat' dir='ltr'><strong>art.</strong></span> <span class='ocrx_word' id='word_1_659' title='bbox 1288 5493 1360 5537; x_wconf 76' lang='lat' dir='ltr'><strong>a.-r</strong></span> <span class='ocrx_word' id='word_1_660' title='bbox 1372 5492 1419 5538; x_wconf 85' lang='lat' dir='ltr'><strong>le.</strong></span> <span class='ocrx_word' id='word_1_661' title='bbox 1432 5491 1461 5544; x_wconf 88' lang='lat' dir='ltr'><strong>ll,</strong></span> <span class='ocrx_word' id='word_1_662' title='bbox 1473 5493 1524 5539; x_wconf 83' lang='lat' dir='ltr'><strong>dlst.</strong></span> <span class='ocrx_word' id='word_1_663' title='bbox 1533 5505 1598 5538; x_wconf 78' lang='lat' dir='ltr'><strong>un-</strong></span> <span class='ocrx_word' id='word_1_664' title='bbox 1609 5493 1623 5540; x_wconf 78' lang='lat' dir='ltr'><strong>t</strong></span> <span class='ocrx_word' id='word_1_665' title='bbox 1636 5495 1700 5542; x_wconf 79' lang='lat' dir='ltr'><strong>lton.</strong></span> <span class='ocrx_word' id='word_1_666' title='bbox 1713 5497 1756 5543; x_wconf 85' lang='lat' dir='ltr'><strong>rto</strong></span> <span class='ocrx_word' id='word_1_667' title='bbox 1770 5498 1851 5546; x_wconf 72' lang='lat' dir='ltr'><strong>luet.</strong></span> <span class='ocrx_word' id='word_1_668' title='bbox 1863 5519 1896 5537; x_wconf 73' lang='grc' dir='ltr'><strong>-ι</strong></span> 
     </span>
     <span class='ocr_line' id='line_1_55' title="bbox 297 5553 1618 5613; baseline -0.005 -4"><span class='ocrx_word' id='word_1_669' title='bbox 297 5564 312 5610; x_wconf 78' lang='grc' dir='ltr'><strong>Θ</strong></span> <span class='ocrx_word' id='word_1_670' title='bbox 325 5565 404 5612; x_wconf 65' lang='lat' dir='ltr'><strong>uacet.</strong></span> <span class='ocrx_word' id='word_1_671' title='bbox 415 5559 540 5608; x_wconf 65' lang='lat' dir='ltr'><strong>nmina-l</strong></span> <span class='ocrx_word' id='word_1_672' title='bbox 557 5557 608 5603; x_wconf 84' lang='lat' dir='ltr'><strong>boo.</strong></span> <span class='ocrx_word' id='word_1_673' title='bbox 617 5556 656 5603; x_wconf 82' lang='lat' dir='ltr'><strong>olt.</strong></span> <span class='ocrx_word' id='word_1_674' title='bbox 672 5555 700 5601; x_wconf 80' lang='lat' dir='ltr'><strong>ad</strong></span> <span class='ocrx_word' id='word_1_675' title='bbox 709 5555 785 5601; x_wconf 78' lang='lat' dir='ltr'><strong>ru-tt</strong></span> <span class='ocrx_word' id='word_1_676' title='bbox 800 5557 824 5600; x_wconf 88' lang='lat' dir='ltr'><strong>tn</strong></span> <span class='ocrx_word' id='word_1_677' title='bbox 837 5555 866 5606; x_wconf 85' lang='lat'><strong>11.</strong></span> <span class='ocrx_word' id='word_1_678' title='bbox 876 5554 934 5612; x_wconf 81' lang='lat' dir='ltr'><strong>disp.</strong></span> <span class='ocrx_word' id='word_1_679' title='bbox 944 5567 965 5608; x_wconf 86' lang='lat' dir='ltr'><strong>v.</strong></span> <span class='ocrx_word' id='word_1_680' title='bbox 979 5566 1018 5612; x_wconf 85' lang='lat' dir='ltr'><strong>qu.</strong></span> <span class='ocrx_word' id='word_1_681' title='bbox 1031 5566 1077 5601; x_wconf 87' lang='lat' dir='ltr'><strong>r.·-</strong></span> <span class='ocrx_word' id='word_1_682' title='bbox 1090 5553 1258 5600; x_wconf 70' lang='lat' dir='ltr'><strong>ASerrbonlllu</strong></span> <span class='ocrx_word' id='word_1_683' title='bbox 1268 5554 1459 5613; x_wconf 71' lang='lat' dir='ltr'><strong>Gomttrldlsp.</strong></span> <span class='ocrx_word' id='word_1_684' title='bbox 1473 5567 1523 5607; x_wconf 80' lang='lat' dir='ltr'><strong>rur.</strong></span> <span class='ocrx_word' id='word_1_685' title='bbox 1536 5568 1573 5613; x_wconf 86' lang='lat' dir='ltr'><strong>qu.</strong></span> <span class='ocrx_word' id='word_1_686' title='bbox 1585 5568 1618 5604; x_wconf 76' lang='lat' dir='ltr'><strong>rr.</strong></span> 
     </span>
    </p>
   </div>
   <div class='ocr_carea' id='block_1_7' title="bbox 0 0 1996 6176">
    <p class='ocr_par' dir='ltr' id='par_1_7' title="bbox 0 0 1996 6176">
     <span class='ocr_line' id='line_1_56' title="bbox 0 0 1996 6176; baseline 0 2"><span class='ocrx_word' id='word_1_687' title='bbox 0 0 1996 6176; x_wconf 95' lang='lat' dir='ltr'><strong> </strong></span> 
     </span>
    </p>
   </div>
  </div>
 </body>
</html>
