4122 6184
190 560 1039 713 THEOLOGICORUM
1101 554 1670 708 DOGMATUM

744 907 816 987 DE
869 903 1111 988 ANGELlS

556 1161 801 1247 LIBER
888 1159 1299 1247 SECUNDUS

309 1421 346 1480 IN
364 1420 434 1489 Quo
454 1421 500 1478 DE
519 1421 721 1494 ORDlNlBUS,
742 1421 786 1479 ET
804 1420 952 1478 urricus
970 1418 1140 1479 RONORUM
1164 1416 1381 1477 ANGELORUM
1402 1414 1540 1472 AGlTUR.

281 1877 464 1962 CAPUT
502 1877 754 1961 PRIMUM,
954 1874 1015 1937 Sed
1033 1891 1070 1936 ea
1084 1891 1209 1954 quoqne
1231 1871 1462 1934 Colossensibus
1475 1872 1624 1949 diemrus,
1639 1892 1720 1954 prae.

952 1968 1038 2029 misit
1048 1968 1189 2039 thronos,
1206 1965 1243 2027 de
1261 1965 1374 2046 quibus
1388 1984 1446 2027 neo
1460 1965 1535 2026 dum
1549 1966 1721 2046 quidquam

951 2060 1052 2121 fuerat
1065 2058 1206 2139 Ephesiis
1227 2056 1359 2119 loeutus.
1374 2059 1457 2119 Dum
1470 2076 1544 2136 ergo
1567 2059 1627 2119 illis
1639 2078 1719 2138 qua·

137 2148 180 2211 De
191 2146 352 2211 Ordiaidm
371 2143 554 2228 Anpelorum
570 2143 757 2226 explicantur
771 2150 904 2206 aeterum
952 2157 1034 2231 tuor,
1051 2170 1121 2231 quse
1135 2150 1175 2210 ad
1189 2150 1336 2229 Ephesios
1349 2150 1439 2225 dixit,
1457 2149 1489 2209 id
1507 2155 1553 2210 est
1565 2150 1720 2230 principa·

174 2240 301 2302 Petrina
312 2238 470 2312 sententia,
482 2236 537 2319 qui
548 2235 585 2297 ab
593 2236 689 2298 stulta
701 2237 788 2298 Bezoe
802 2237 904 2298 orini-
952 2244 1047 2319 tibus,
1058 2241 1272 2323 potestatibus,
1285 2241 1462 2312 virtutibus,
1475 2246 1567 2320 atique
1582 2242 1721 2303 domina·

174 2334 292 2396 unione
305 2329 507 2394 vendicantur.
535 2328 665 2390 Nomina
684 2329 716 2389 in
739 2329 904 2411 Snipturis
952 2334 1090 2396 tionibus
1110 2335 1342 2413 coniunguntur
1356 2332 1472 2405 throni,
1499 2333 1636 2412 quinque
1648 2339 1721 2394 sunt

174 2425 293 2507 uulgata
303 2421 566 2486 illorumardinum
575 2440 631 2483 esse
633 2426 771 2503 proprio.
787 2422 904 2483 Protea
952 2426 1088 2503 ordines,
1104 2426 1157 2506 qui
1171 2425 1342 2505 specialiter
1353 2425 1574 2504 exprimuntur
1583 2444 1591 2499 ;
1607 2426 1719 2506 quihus

173 2518 221 2579 los
246 2536 327 2589 uero,
359 2515 433 2577 utrbs
456 2514 571 2595 ipnolos
593 2532 649 2575 esse
672 2514 756 2575 nobis
781 2513 903 2576 Ordines
951 2518 1028 2580 dum
1042 2518 1163 2593 Angeli,
1178 2523 1209 2578 et
1224 2516 1418 2595 Archangeli,
1430 2516 1609 2591 Cherubim,
1626 2524 1720 2597 atque

174 2609 292 2691 antiqui
301 2608 449 2689 fatentur.
465 2604 646 2687 Anqetorum
669 2604 752 2687 apud
765 2603 903 2668 Hebraeos
953 2610 1118 2690 Seraphim
1130 2610 1276 2689 adjuncta
1288 2612 1372 2683 sunt,
1383 2609 1492 2687 procul
1501 2608 1596 2670 dubio
1605 2627 1720 2670 novem

174 2700 388 2783 appellationes.
951 2721 1017 2765 esse
1030 2703 1223 2781 Angelorum
1237 2700 1361 2761 ordines
1373 2699 1615 2761 inveniuntur.»

992 2797 1032 2856 ΙΙ.
1054 2794 1149 2874 Atqui
1173 2793 1207 2853 in
1233 2792 1294 2852 illis
1317 2792 1439 2852 duobus
1467 2792 1608 2871 Apostoli
1630 2793 1719 2869 loeis,

177 2885 199 2943 l.
221 2881 359 2961 Angelos
372 2882 464 2943 remis
476 2881 638 2944 ordinibus
651 2881 814 2943 attributos
822 2899 900 2953 esse,
951 2891 1067 2967 negant
1093 2884 1190 2965 aliqui
1212 2890 1310 2944 certos
1335 2884 1573 2944 commemorari
1587 2885 1720 2964 Angelo-

142 2980 226 3053 stqne
237 2974 316 3035 ulios
324 2973 468 3035 aliisesse
478 2974 805 3053 superiores,sineullo
815 2972 903 3034 dubi·
950 2996 1023 3039 rum
1037 2978 1173 3039 ordines.
1186 2977 1266 3036 Nam
1284 2975 1317 3035 in
1331 2975 1444 3054 priore,
1460 2976 1516 3054 qui
1530 2981 1576 3035 est
1588 2994 1626 3036 ex
1639 2979 1721 3056 epis·

140 3068 248 3127 tatione
259 3065 385 3145 antiqui
403 3083 511 3127 omnes
528 3070 737 3145 agnoverunt3
757 3071 825 3126 tum
850 3083 902 3125 eos
950 3068 1062 3132 tolaad
1074 3068 1224 3149 Ephesios,
1234 3086 1274 3129 ne
1281 3067 1551 3146 Angelosquidem
1564 3067 1721 3147 designari

140 3159 258 3219 ordines
266 3157 408 3238 propriis
425 3157 605 3218 nominibus
628 3158 764 3233 affectos,
786 3176 822 3218 aa
839 3156 900 3217 dis·
951 3161 1139 3222 nominatim
1156 3159 1263 3220 asserit
1278 3159 1366 3219 Besa
1392 3180 1407 3215 a
1427 3159 1719 3239 Simpliciterenim,

138 3250 244 3311 tinans
256 3268 338 3325 esse,
354 3267 425 3328 quae
438 3267 477 3310 ex
491 3249 585 3311 saeris
603 3250 691 3311 libris
701 3250 901 3329 oilliguntur.
951 3251 1005 3325 ait,
1025 3248 1189 3328 Apostolus
1206 3264 1300 3324 supra
1313 3263 1439 3306 omnem
1458 3246 1599 3306 omnium
1614 3265 1721 3307 rerum

140 3339 213 3399 liam
226 3338 408 3413 Cherubim,
423 3357 459 3398 ao
477 3338 641 3417 Seraphim
664 3339 769 3399 multis
781 3339 814 3399 in
828 3339 904 3401 loeis
951 3346 1126 3402 creatarum
1150 3338 1360 3419 praestantiam
1389 3338 1545 3398 Christum
1573 3339 1717 3399 evehit.»

140 3432 360 3504 nominantur3
374 3428 514 3509 plerique
527 3430 583 3490 alii
601 3429 640 3490 ab
654 3431 802 3509 Apostolo
822 3449 904 3510 pree·
953 3433 1033 3494 Hine
1050 3433 1179 3511 «inepte
1193 3429 1329 3490 ‹suriosos
1342 3436 1440 3501 vorat,
1452 3431 1506 3509 qui
1521 3448 1558 3491 ex
1572 3431 1718 3498 hocloco,

139 3523 241 3583 sertim
253 3522 401 3603 appellati
413 3528 497 3582 sunt.
509 3523 574 3583 Hae
586 3522 705 3583 ratione
717 3539 830 3583 novem
839 3541 905 3584 esse
953 3533 984 3587 et
1005 3523 1156 3584 similibus
1174 3521 1367 3582 occasionem
1387 3522 1541 3601 accipiunt
1564 3522 1721 3600 garriendi

138 3614 328 3691 Angelorum
354 3613 512 3687 voeabula,
547 3613 738 3692 totidemque
768 3614 903 3691 ordines,
953 3617 992 3677 de
1005 3616 1196 3694 Angelorum
1214 3613 1386 3677 ordinibus.
1401 3634 1417 3671 n
1445 3615 1546 3679 Quam
1565 3613 1721 3694 interpre-

139 3714 204 3784 post
215 3707 425 3785 Dionysium,
441 3706 607 3782 Gregorius
620 3707 703 3785 Papa
716 3705 902 3768 concludit:
954 3709 1103 3769 tationem
1115 3707 1219 3768 hausit
1231 3723 1270 3766 ex
1284 3706 1431 3780 Erasmo;
1448 3705 1502 3784 qui
1520 3710 1552 3766 et
1577 3706 1642 3785 ipse
1657 3725 1721 3766 non

48 3807 70 3851 s·
142 3799 305 3873 «Novem,
318 3797 373 3869 ait,
392 3797 584 3876 Angelorum
605 3798 729 3859 ordines
755 3798 903 3874 diximus,
954 3801 992 3861 de
1012 3799 1138 3879 Angelis
1158 3804 1281 3859 tantum
1299 3797 1386 3875 loqui
1405 3797 1588 3876 Apostolum
1602 3798 1720 3874 asserit,

12 3860 113 3961 2⁸:2¹
140 3890 211 3969 qnia
229 3890 375 3952 videlieet
395 3907 471 3962 esse,
493 3894 626 3951 testante
654 3909 742 3951 sacro
769 3892 904 3970 eloquio,
954 3893 1007 3953 sed
1021 3893 1174 3971 ingenere
1183 3890 1222 3952 de
1232 3888 1501 3968 universis3quasi
1513 3890 1605 3965 dicut,
1621 3891 1723 3950 Chris·

137 3983 249 4043 seimus
263 3981 413 4061 Angelos,
423 3981 644 4060 Archangelos.
655 3982 804 4059 Virtutes
816 3985 905 4045 Pote-
953 3990 1023 4045 tum
1037 3989 1180 4044 ereetum
1194 4000 1258 4043 esse
1272 4000 1365 4061 supra
1379 3988 1481 4042 ereata
1495 3984 1599 4044 omnia
1614 4003 1723 4062 quam·

138 4081 239 4148 statos,
258 4074 466 4153 Principium,
491 4074 733 4151 [inminutiones
752 4075 904 4146 Thronos,
954 4075 1030 4137 libet
1043 4076 1172 4147 exoeha,
1188 4080 1219 4135 et
1242 4072 1408 4148 sublimia;
1424 4073 1528 4152 qualia
1551 4080 1721 4155 suntque

136 4166 314 4241 tliernbim,
344 4172 438 4245 atqm
462 4164 637 4245 Seraphim,
671 4168 743 4227 Esse
770 4186 906 4248 namque
954 4168 1014 4228 illis
1029 4167 1186 4229 vocabulis
1200 4165 1437 4246 exprimuntur3
1452 4167 1629 4246 imperium,
1645 4187 1721 4229 aue-

137 4259 283 4339 Angelos,
303 4266 336 4320 et
359 4257 578 4336 Archangelos,
593 4274 672 4338 pene
695 4277 803 4321 omnes
828 4261 907 4323 sueri
954 4260 1072 4336 toritas,
1086 4264 1230 4339 potestas,
1245 4258 1435 4334 dominatus,
1450 4265 1504 4318 aut
1529 4260 1627 4339 siqua
1640 4260 1722 4339 ejus·

137 4350 252 4430 eloquii
276 4351 399 4430 peginae
425 4354 590 4411 testantur.
621 4350 789 4412 Cherubim
817 4372 903 4425 vero,
955 4352 1038 4412 modi
1066 4356 1139 4435 sunt
1152 4350 1291 4422 nomina,
1316 4367 1386 4428 quae
1411 4350 1577 4411 hominum
1599 4370 1670 4428 usn,
1692 4357 1725 4412 et

136 4448 229 4521 atque
242 4441 407 4521 Seraphim
414 4446 550 4521 saepem
559 4445 669 4501 notum
676 4448 732 4519 est,
740 4444 811 4505 libri
827 4447 906 4507 Pro·
955 4444 1102 4523 opinione
1115 4441 1268 4503 excellens
1288 4441 1405 4519 aliquid
1428 4443 1598 4504 continent.
1623 4444 1723 4523 Atque

135 4529 908 4610 phetaramloqtiuntur.0uatuorquoqueordinum
954 4535 1014 4602 hoe
1026 4534 1148 4614 plenius
1165 4533 1255 4594 donet
1284 4533 1369 4593 idem
1391 4534 1467 4595 Beza
1485 4534 1523 4594 in
1536 4533 1670 4595 Senatus
1684 4535 1724 4595 ad

136 4624 266 4683 nomina
276 4620 441 4683 Paulnsud
453 4619 904 4701 Ephesioeenumeratdieens’:
955 4643 1010 4687 vin
1042 4630 1135 4705 eaput
1166 4625 1303 4705 epistola
1328 4622 1723 4688 enumeraturum

137 4713 365 4794 Suprumrtnem
386 4712 603 4794 principatum,
625 4721 652 4774 et
675 4722 856 4795 potestatem,
878 4728 908 4779 et
955 4718 1100 4779 Calvinus
1113 4722 1244 4797 utroque
1267 4717 1301 4776 in
1319 4715 1389 4778 loeo
1411 4718 1576 4795 significari
1592 4719 1725 4797 Angelos

137 4805 287 4875 eirenen,
315 4813 345 4865 et
373 4803 611 4865 doner'notionern.
643 4806 701 4879 Qui
730 4825 838 4869 rursus
868 4807 909 4871 ud
954 4815 1054 4889 putat,
1069 4809 1123 4870 sed
1135 4807 1188 4881 ita,
1197 4814 1232 4869 ut
1245 4825 1311 4869 non
1323 4809 1398 4869 oerti
1409 4827 1519 4871 eorum
1529 4811 1724 4890 appellentur

139 4893 315 4959 colossenses
334 4896 481 4966 senbens,
497 4896 540 4958 ait
555 4894 591 4956 ⁸:
614 4895 686 4958 Siue
706 4897 820 4972 throni,
847 4901 907 4962 sine
956 4902 1089 4977 ordines,
1104 4900 1158 4961 sed
1171 4900 1294 4961 infinite
1306 4901 1422 4961 horum
1435 4903 1612 4981 prestantia
1631 4910 1721 4963 note·

136 4985 359 5065 dominationes,
373 4989 432 5049 sive
446 4988 648 5069 principatus,
661 4993 721 5050 sine
736 4998 903 5071 potestates.
953 4998 1017 5061 tur,
1038 4992 1149 5071 «quod
1166 4993 1246 5052 [leus
1267 5009 1323 5071 per
1337 4993 1476 5071 ipsorum
1490 5012 1620 5055 manum
1633 5013 1723 5057 suam

138 5079 369 5143 {inminutiones
381 5098 467 5157 vero,
482 5085 514 5141 et
535 5079 737 5161 principatus,
753 5101 789 5145 aa
803 5090 905 5164 potes·
954 5089 1150 5164 potestatem,
1161 5083 1321 5158 virtutem,
1337 5089 1369 5145 et
1379 5085 1624 5149 dominationem
1638 5106 1724 5150 exer-

138 5174 212 5235 utu
229 5172 300 5254 juin
312 5173 353 5234 od
372 5171 519 5253 Ephesios
541 5172 673 5253 loquens
692 5174 904 5256 descripserat.
956 5182 1038 5253 oeat3
1052 5198 1067 5235 a
1080 5180 1232 5255 tanquam
1249 5176 1308 5237 ista
1320 5177 1460 5254 nomina,
1478 5178 1595 5267 throni,
1618 5181 1722 5242 domi-

163 5339 253 5384 tlion.
264 5351 336 5386 uuir.
344 5361 373 5375 -
383 5340 399 5383 2
409 5338 463 5395 Cap.
478 5350 495 5391 r,
507 5339 543 5384 tt.
555 5361 583 5374 -
593 5340 608 5384 θ
619 5338 671 5395 Gap.
684 5350 701 5391 ι,
713 5339 748 5384 rs.
760 5340 811 5384 -l
822 5343 882 5387 lton.
895 5352 944 5394 riri,
955 5341 989 5386 dt.

5 5400 12 5529 i¹
278 5445 357 5508 ror.
381 5444 435 5505 iv.
865 5424 869 5429 ’
1610 5452 1623 5509 r

956 5748 1039 6033 l
