3934 6172
358 477 409 538 DE
427 474 589 538 oelrlclo
610 474 687 538 SEX
707 473 875 551 DIERUM,
897 474 969 538 LlB.
993 475 1031 553 ll,
1052 475 1135 540 CAP.
1158 478 1196 542 V.
1507 480 1568 541 245

42 652 117 731 elme
127 643 272 727 voluptatis
286 643 353 722 jam
372 648 460 720 tune,
477 642 597 705 oriente
616 647 748 718 remoto,
802 641 992 722 appellatum
1015 662 1091 705 esse·
1102 644 1294 726 voluptatatis,
1315 646 1375 706 hoc
1396 651 1442 707 cst
1458 644 1546 708 Edon
1556 667 1569 715 ,-

40 740 157 808 donibus
167 739 196 800 in
208 737 330 799 summa
344 736 472 797 hortum
487 735 639 817 plantavit
653 752 751 796 amoe-
801 735 895 814 quod,
910 753 982 796 cum
996 735 1038 796 ibi
1048 736 1154 797 sedem
1166 737 1267 816 primo
1279 737 1568 816 homini,tanquam

608 830 708 905 [num.
730 846 746 883 a
799 827 993 906 pretorium,
1004 846 1040 889 ac
1046 829 1166 908 regiam
1177 830 1272 890 totius
1286 830 1423 891 universi
1434 828 1567 909 principi

799 918 975 996 destinaret,
990 938 1086 999 quam
1100 921 1318 997 cultissimum,
1329 940 1365 982 ac
1379 922 1567 1000 elegantissi-

65 1014 158 1079 brenti
169 1017 234 1074 sunt
245 1011 346 1085 etiam,
358 1010 411 1092 qui
425 1011 606 1072 Paradisum
618 1010 749 1089 figurata
798 1027 886 1070 mum
912 1029 985 1072 eum
1012 1029 1076 1073 esse
1097 1011 1207 1088 voluit,
1234 1031 1270 1073 aa
1296 1013 1512 1092 uoluptatum,
1535 1019 1566 1075 et

39 1107 231 1186 erumperem
246 1109 392 1184 tanquam
401 1108 486 1164 totus
498 1103 549 1164 hio
560 1102 697 1163 mundus
710 1121 748 1162 eo
794 1101 1027 1179 jucunditatum
1050 1105 1192 1164 omnium
1210 1104 1353 1165 illecebra
1373 1105 1562 1166 decoratum.

39 1198 129 1260 nonne
146 1194 332 1276 significem,
349 1193 434 1273 quod
446 1195 536 1256 aliter
548 1200 682 1273 quatuor
694 1194 748 1255 illa
799 1193 850 1255 Sic
863 1195 947 1255 enim
959 1196 1078 1277 predia
1090 1195 1245 1274 quadam,
1261 1196 1407 1267 scribas,
1420 1200 1564 1257 auttrao·

39 1287 298 1352 lanimaxistoloco
310 1286 744 1366 manare,intelliginequeat;
795 1291 847 1347 tus
864 1288 1028 1367 precipuae
1049 1288 1236 1348 amoenitatis
1255 1287 1415 1349 Paradrios
1436 1287 1564 1349 nomine

39 1400 86 1463 que
105 1388 140 1442 est
159 1378 276 1440 loannis
299 1378 485 1457 Noviomagi
511 1379 688 1457 conjectura
713 1379 747 1439 in
795 1377 1561 1460 appellantproprio.ItaqueParudismooluptotia,

39 1473 130 1536 &loliis
149 1473 182 1533 ad
199 1475 286 1550 eaput
311 1470 405 1532 Bedaa
426 1471 599 1532 secundum
616 1469 689 1531 libri
712 1468 747 1530 de
794 1470 858 1530 sive
882 1480 1028 1551 παράδεισος
1054 1483 1154 1550 τρυφῆς,
1180 1474 1374 1534 tantumdem
1399 1472 1499 1548 valet,
1528 1491 1563 1534 aa

40 1567 225 1629 ,lauranum
794 1561 958 1623 Porodzias
970 1563 1030 1623 loci
1042 1563 1135 1635 illius,
1152 1566 1205 1644 qui
1218 1564 1364 1644 rolrrptor,
1381 1569 1435 1625 aut
1448 1562 1564 1625 delicie

65 1661 90 1718 l.
101 1657 161 1719 llolo
171 1655 305 1736 pluribus
319 1654 472 1733 ejusmodi
485 1658 664 1715 commenta
676 1671 746 1733 per-
794 1654 947 1716 dictrrsest
960 1659 1076 1734 postea,
1093 1657 1156 1717 sive
1166 1656 1332 1717 Paradisus
1348 1657 1382 1716 in
1411 1655 1563 1736 uoluptate

13 1742 104 1831 fraqi,
121 1766 235 1830 quorum
257 1748 292 1808 in
315 1745 454 1807 obscuris
479 1745 545 1806 istis
571 1745 745 1825 ignotisque
793 1746 880 1807 situs.
896 1747 1099 1807 Consentiunt
1112 1767 1233 1823 omnes,
1249 1748 1334 1809 Eden
1347 1748 1483 1827 regionis
1496 1766 1562 1809 esse

13 1843 101 1917 {ulna
115 1843 184 1903 larax
204 1846 247 1902 est
269 1839 409 1917 adruque
436 1837 591 1898 lasciviam
612 1837 745 1898 humani
793 1838 955 1917 proprium
967 1839 1231 1917 vocabulum,nec
1240 1845 1427 1919 repugnant,
1435 1840 1561 1919 quiinab

13 1920 119 1995 'adoles
137 1932 249 2013 ingenii.
276 1933 408 1992 Certum
435 1929 568 1990 arbitror
599 1929 633 1989 in
660 1935 744 1990 terra
792 1929 852 1991 loci
874 1930 990 2007 indole,
1017 1930 1050 1991 id
1076 1936 1122 1991 est
1148 1933 1315 2008 suavitate,
1344 1937 1375 1992 et
1403 1932 1562 2011 voluptate

37 2026 108 2087 loton
117 2025 253 2103 designare
265 2024 386 2085 Mosam
394 2022 534 2101 jucundo
548 2021 594 2081 illi
607 2040 642 2082 ao
653 2021 743 2082 beato
792 2040 908 2083 nomen
932 2022 1011 2083 illud
1032 2024 1193 2084 meruerit.
1217 2024 1300 2090 Quid
1318 2024 1415 2102 igitur
1437 2022 1562 2085 absurdi

37 2119 159 2197 pinorum
169 2116 328 2177 hominum
341 2113 496 2175 domicilio
508 2132 515 2189 ;
527 2118 558 2174 et
570 2112 665 2173 verba
677 2113 744 2192 ipsa
791 2114 842 2175 vel
864 2115 1065 2193 Septuaginta
1086 2115 1237 2193 iecerunt,
1257 2114 1307 2177 vel
1324 2116 1450 2176 Latinus
1464 2116 1561 2177 inter·

37 2207 170 2267 mulionis
180 2205 312 2267 breviter
325 2203 528 2283 expendenda
539 2207 631 2263 eunt:
647 2201 741 2263 Pion·
791 2224 875 2287 pres,
886 2206 941 2285 qui
947 2203 1128 2267 Paradisum
1145 2205 1386 2287 Voluptatis,hoc
1396 2211 1442 2268 est
1450 2205 1563 2269 Edonis

38 2297 355 2359 emmerammus
377 2294 467 2371 Deus,
484 2294 597 2373 inquit,
612 2293 744 2356 Puradi-
793 2296 1007 2372 nominarunt,
1019 2296 1069 2357 vel
1082 2296 1261 2358 Paradisum
1283 2298 1315 2359 ia
1328 2297 1428 2373 Edere,
1442 2298 1502 2358 hoc
1516 2304 1563 2359 eet

37 2391 243 2472 malepotus
250 2387 422 2471 principia,
432 2386 465 2446 in
474 2390 634 2467 proposuit
645 2385 741 2447 horai·
793 2387 825 2449 ira
848 2388 999 2471 voluptate
1012 2388 1560 2469 situmlNequeveroinsolensillud
1681 2397 1683 2401 '

36 2500 154 2563 uagum
159 2478 379 2561 temesmuth)
392 2477 453 2539 Sed
461 2478 496 2538 in
502 2477 741 2558 Hebraeo,atqua
792 2486 838 2541 est
849 2481 900 2542 trel
912 2480 1038 2556 Graecis,
1054 2480 1104 2542 vel
1121 2481 1255 2559 vulgatae
1279 2482 1425 2542 editionis
1442 2479 1560 2542 auctori

37 2574 225 2653 dram'planius
250 2572 407 2633 indicatur
429 2569 565 2630 Paradisi
592 2570 679 2645 situs,
707 2576 743 2631 ut
792 2573 917 2653 propria
930 2572 1060 2633 nomina
1071 2572 1263 2652 appellativis
1274 2573 1466 2651 exprimere3
1482 2573 1561 2634 sicut

36 2672 150 2746 propterea
156 2667 291 2727 Latinum
302 2668 446 2725 nostrum
455 2662 655 2741 interpretem
664 2681 742 2723 non·
792 2666 976 2726 econtrario
993 2682 1130 2743 persaepe
1144 2665 1242 2726 Graeci
1260 2664 1447 2744 appellativa
1459 2664 1560 2727 decla-

36 2758 88 2817 urlli
105 2764 223 2837 arguant,
255 2756 344 2836 qnod
377 2754 598 2835 appellativum
625 2773 742 2816 nomen
792 2762 863 2817 rant
876 2756 1018 2836 propriis.
1033 2755 1215 2817 Ambrosius
1228 2757 1262 2817 in
1275 2754 1559 2824 librodeParadira,

38 2849 147 2928 eaput
156 2847 338 2911 substituerit
346 2849 415 2909 loeo
424 2846 542 2926 proprii
552 2845 639 2907 auen
647 2867 660 2915 ;
668 2865 743 2908 nam
792 2848 890 2927 capite
901 2849 1015 2928 primo,
1035 2869 1050 2906 a
1063 2848 1164 2916 Locus
1177 2853 1283 2909 autam
1293 2848 1371 2925 ejus,
1381 2849 1415 2910 in
1428 2865 1492 2925 quo
1503 2852 1560 2923 est,

35 2948 55 2999 et
70 2941 276 3037 llebraieepm,
304 2946 337 3001 et
358 2941 462 3001 Graece
480 2945 504 3000 ir
523 2945 603 3019 ’Erip
614 2938 740 3018 legitur.
791 2940 958 3021 plantatus,
978 2941 1090 3001 dicitur
1107 2940 1206 3016 Elian,
1221 2940 1281 3001 hoc
1303 2944 1349 2999 cet
1370 2937 1556 3016 voluptas.»

37 3032 130 3094 Scillud
144 3036 225 3095 etiam
237 3031 485 3114 reprehendunt,
500 3030 583 3110 quod
596 3050 614 3089 a
621 3032 743 3110 prinei·
791 3034 891 3095 Locus
905 3051 979 3111 argo
990 3037 1117 3092 vocatus
1131 3037 1177 3093 est
1187 3030 1275 3093 Edea
1285 3029 1445 3106 Hebraico,
1454 3029 1559 3091 Gracc

35 3126 175 3203 peramat
192 3126 231 3202 id,
243 3125 332 3206 quod
356 3123 505 3184 Hebraico
525 3122 674 3201 scriptum
696 3130 743 3186 est
791 3131 879 3206 τρυφὴ,
894 3124 1005 3186 Latine
1028 3123 1175 3203 voluptas.
1188 3125 1357 3202 Perperam
1370 3126 1477 3182 autem
1486 3123 1558 3183 Dio-

39 3217 262 3301 ttpemlorieate,
275 3215 378 3280 velud
388 3216 539 3276 amantem.
553 3215 595 3275 De
609 3221 742 3296 utroque
790 3216 885 3278 dorus
893 3216 1051 3277 Tarsensis
1057 3214 1140 3294 apud
1148 3215 1377 3276 Theodoretum
1387 3213 1560 3294 quastione

36 3309 381 3390 amandabicagandnm.
395 3306 575 3369 Paradisum
583 3306 742 3389 voluptatis
790 3325 860 3371 xxv.
876 3308 974 3371 Edem
986 3308 1072 3385 legit,
1088 3313 1120 3369 et
1133 3325 1205 3369 cum
1218 3307 1330 3384 Edom,
1343 3325 1414 3386 quaa
1427 3314 1474 3368 est
1487 3307 1559 3371 Idu-

36 3412 76 3456 ΜΒ
89 3400 128 3473 ita,
140 3403 266 3483 ntrnlgo
285 3402 336 3478 fit,
350 3399 565 3479 accipiendum
586 3404 661 3478 puto
683 3420 740 3482 pro
790 3419 882 3475 masa,
897 3400 981 3461 idem
994 3417 1059 3461 essa
1076 3398 1265 3461 vocabulum
1278 3403 1377 3478 putat.

36 3486 93 3549 baa
104 3492 468 3573 amenoctvoluptuario,
483 3489 536 3551 sed
550 3495 586 3551 ut
598 3491 658 3552 loci
671 3511 740 3572 pro-
829 3493 881 3554 Vl.
904 3493 950 3553 De
964 3491 1060 3552 altero
1078 3491 1228 3553 vocabulo
1246 3490 1350 3552 minor
1369 3496 1415 3552 est
1434 3492 1561 3571 querela

36 3580 736 3662 rdinatitidemutinllebraeoacGraecolagitur.
790 3590 898 3646 contra
906 3581 1050 3645 Latinum
1061 3590 1205 3644 nostrum
1214 3583 1426 3662 interpretem.
1436 3583 1561 3647 Etenim

36 3670 164 3754 innam
174 3677 329 3759 Graeciipsi
339 3677 449 3738 eodem
462 3673 560 3753 rapite
569 3677 735 3752 secundo²‚
792 3694 857 3773 trip
872 3681 1040 3754 utrumque
1054 3673 1208 3754 significat
1221 3679 1252 3735 et
1261 3674 1415 3749 orientem,
1431 3687 1463 3736 et
1479 3683 1562 3739 uate·

37 3771 57 3820 et
64 3768 126 3827 tertio
133 3771 249 3860 pta-12⁸,
257 3776 380 3832 vertere
393 3778 540 3849 παράδεισον
549 3780 656 3848 τρυφῆς
670 3770 738 3850 qui·
790 3768 852 3829 rim
865 3775 985 3847 tempus.
1005 3768 1126 3828 Horum
1146 3767 1233 3847 prius
1248 3766 1346 3828 secuti
1358 3767 1562 3846 Septuaginta

38 3852 74 3915 ba
90 3869 210 3923 oonsomt
230 3869 260 3924 et
287 3861 506 3941 Symmachus,
527 3868 563 3923 ut
588 3862 674 3923 testis
695 3866 742 3923 est
791 3859 991 3921 reddiderunt
1003 3867 1066 3921 κατὰ
1085 3865 1217 3928 ἀνατολὰς,
1233 3858 1274 3918 ad
1288 3856 1447 3934 Orientem,
1459 3858 1510 3919 vel
1522 3860 1560 3918 ab

38 3945 187 4031 Quernas
210 3957 241 4017 in
267 3953 482 4031 operationibus
504 3953 677 4029 Hebraicis,
706 3973 742 4033 ac
793 3949 1559 4029 (trierimaliiinterpretesGraeciitidemutnostem

36 4041 110 4115 itan
128 4046 160 4105 ab
185 4048 296 4109 Graecis
320 4046 463 4107 Patribus
481 4047 525 4107 ita
543 4047 738 4122 nominatum
794 4043 1000 4123 Symmachus
1014 4048 1041 4103 ἐκ
1052 4052 1170 4122 repam
1200 4040 1373 4103 Theodotio
1388 4047 1558 4121 trapetum

37 4132 183 4197 nedubbm
202 4147 257 4213 est,
274 4149 330 4228 pt!
349 4138 542 4218 voluptatem
562 4156 638 4212 esse,
658 4138 741 4198 unde
793 4134 905 4214 Aquila
919 4141 961 4196 ἀπ’
976 4140 1064 4214 ἀρχῆς,
1075 4138 1110 4192 ut
1123 4132 1332 4211 Hieronymus
1340 4130 1434 4192 refert
1444 4132 1478 4192 in
1486 4131 1561 4194 Tra·

37 4229 668 4305 aruraeaunt.1tidiaalaanimiudaens
689 4230 741 4292 ille
792 4225 951 4287 ditioribus
972 4224 1129 4286 Hebraicis
1151 4223 1185 4283 in
1209 4221 1341 4286 Genesim
1352 4243 1364 4291 ,⁴
1386 4222 1501 4302 quibus
1530 4230 1562 4286 et

40 4317 260 4401 maqniaapud
276 4322 471 4382 Anastasium
484 4320 507 4399 ⁸,
526 4323 613 4383 Eden
623 4320 741 4401 inflam—
791 4320 929 4397 Targum
946 4316 1080 4379 Onkelos
1097 4315 1274 4376 assentitur.
1304 4315 1411 4392 Neque
1431 4332 1505 4377 vero
1523 4335 1562 4379 ex

40 4406 308 4474 maceratorum
330 4414 525 4493 interpretari
542 4413 631 4487 dixit,
646 4412 701 4473 ubi
712 4418 743 4474 et
791 4411 850 4471 hac
870 4410 1001 4471 lectione
1023 4424 1215 4485 consequens
1227 4413 1284 4483 est,
1297 4405 1344 4466 vel
1370 4406 1410 4468 ab
1431 4413 1560 4487 aeterno,

41 4492 99 4558 alm
112 4505 230 4565 nominis
250 4506 478 4566 enarrationem
496 4504 603 4579 affert,
628 4509 664 4566 ut
683 4505 744 4566 sint
791 4502 842 4563 vel
854 4507 925 4562 aute
946 4500 1055 4561 mundi
1074 4498 1245 4575 conditum,
1270 4498 1452 4561 Paradisum
1469 4501 1561 4562 exsti·

39 4581 165 4668 lma,
190 4602 218 4657 et
238 4595 472 4677 ampuinoientoe
498 4596 630 4673 delicia,
657 4599 744 4678 quasi
792 4595 877 4671 tissa,
892 4597 928 4653 ut
937 4610 976 4653 cx
989 4591 1192 4652 Hebraeorum
1211 4589 1358 4669 opinione
1371 4598 1478 4653 narrat
1489 4593 1562 4654 Hie·

40 4674 152 4762 ldanpar
163 4709 180 4760 ιι
192 4689 342 4768 scriptum
355 4688 496 4769 sit,quod
509 4687 641 4749 rubrum
653 4689 745 4768 signi-
793 4702 945 4766 ronymus
957 4685 991 4745 in
1009 4682 1222 4743 eodemlibro.
1241 4682 1302 4743 Sed
1319 4683 1356 4743 ab
1372 4683 1460 4743 im'tio
1479 4684 1563 4749 idem

39 4760 165 4843 tana
183 4782 214 4838 et
228 4777 327 4838 lldam
346 4783 378 4838 et
397 4778 495 4838 Edom
515 4776 667 4837 derivant.
684 4778 745 4839 Sed
795 4774 1231 4857 estacsubipsumenordium
1242 4775 1562 4856 rerum,sivequando

39 4854 190 4928 limam
201 4870 285 4930 roais
298 4870 394 4946 Eden,
406 4886 477 4948 quae
495 4886 550 4948 per
563 4894 576 4926 ν
591 4867 743 4945 scribitur,
794 4870 933 4951 primum
950 4872 1043 4944 Deus,
1057 4873 1174 4928 retecta
1197 4879 1291 4943 terra,
1309 4871 1339 4926 et
1353 4866 1441 4947 aquis
1459 4867 1493 4927 in
1506 4886 1563 4928 sua

38 4950 155 5018 tt§timei
173 4961 289 5023 codices
307 4961 474 5038 litteramp
494 4959 639 5033 habeant,
662 4959 746 5039 quod
795 4960 986 5041 receptacula
1004 4958 1182 5038 compulsis,
1200 4959 1303 5019 locum
1325 4959 1469 5020 Paradiso
1487 4978 1564 5021 con-

38 5053 88 5101 Μ
108 5047 169 5111 itta
193 5052 342 5131 perstatim
371 5051 509 5113 inolevit.
540 5052 746 5113 Damascenus
796 5054 951 5115 stituendo
967 5052 1069 5126 dedit;
1086 5051 1169 5130 quod
1182 5051 1327 5120 secundo,
1343 5051 1497 5112 veltertio
1513 5053 1562 5113 die

38 5135 109 5197 anan
130 5140 158 5203 io
180 5144 218 5204 lv
246 5144 283 5207 de
310 5143 401 5213 Fide,
435 5143 534 5225 capite
553 5160 610 5205 rur
634 5163 746 5223 cump
795 5145 911 5206 factum
924 5148 1123 5204 essecomtat
1144 5140 1407 5221 exsuperioribus
1422 5140 1443 5204 ⁸.
1459 5142 1563 5203 'lertio

38 5226 117 5289 mii
797 5237 846 5298 die
859 5236 1040 5297 Paradisum
1054 5253 1073 5294 a
1085 5235 1148 5295 Deo
1162 5238 1374 5294 constructum
1387 5251 1452 5293 esse
1471 5234 1562 5312 pleri·

61 5316 221 5401 &addeum
235 5328 340 5391 locum
353 5328 455 5405 illum,
470 5329 504 5389 in
520 5346 582 5408 quo
599 5327 748 5389 Dominus
798 5347 859 5408 que
873 5332 999 5390 censent
1007 5346 1016 5403 ;
1032 5344 1095 5406 quo
1109 5325 1159 5386 die
1173 5325 1296 5404 planta,
1308 5342 1343 5384 aa
1359 5325 1468 5402 stirpes
1479 5323 1564 5384 exire

13 5490 14 5497 ἵ
40 5403 180 5495 paltiisrrrn,
192 5421 304 5499 posuit,
322 5421 363 5482 ob
375 5422 529 5501 insignem
541 5421 751 5482 amoenitatem
796 5422 891 5500 jussae
910 5426 995 5496 sunt,
1017 5433 1054 5479 ut
1074 5419 1156 5479 inter
1178 5417 1255 5483 alios
1281 5416 1361 5476 Mori
1384 5413 1572 5492 Bar-Cepha.

13 5538 15 5565 l

13 5604 14 5663 J
55 5588 62 5629 l
74 5593 115 5639 tn.
125 5609 148 5649 u,
157 5601 224 5647 a.-t
236 5605 287 5650 Ver.
299 5605 381 5651 ra-tt
393 5605 444 5651 lar.
454 5604 511 5651 aa·
528 5604 542 5648 l
555 5602 603 5649 lib.
613 5603 652 5648 vn
664 5602 946 5658 aduersariorum.
958 5601 1001 5646 ool.
1012 5598 1107 5644 ata.-5
1120 5598 1167 5642 lib.
1180 5597 1199 5650 l,
1211 5608 1260 5651 cap.
1269 5608 1285 5640 r.
