4004 6168
316 336 377 397 608
741 330 793 392 DE
814 329 955 393 Puteo.
978 331 1029 393 ET
1051 330 1286 396 semeleiae.
1310 332 1473 396 HAERESI

318 496 421 576 doque
429 495 613 577 perturbent
622 495 737 571 omnia,
752 515 815 577 quo
826 514 984 560 venenum
997 498 1085 577 quasi
1133 497 1224 560 sitate
1255 498 1350 578 possit
1382 497 1549 580 amplecti;
1577 497 1663 579 quod
1685 496 1910 561 indifferentiae

317 589 410 650 melle
424 588 633 651 circumlitum
642 589 680 649 ab
693 589 824 651 inmutis
838 607 910 652 cum
923 590 1084 652 securitate
1133 591 1261 651 nomine
1268 591 1491 671 comprehendi
1502 589 1646 652 diximus.
1657 592 1700 652 De
1708 596 1911 672 quapraster

317 680 515 742 hauriatur.»
530 681 612 742 Dixit
625 681 684 742 hoc
698 681 780 743 idem
794 683 940 761 preclare
954 682 1085 762 Cyl-illus
1134 681 1200 760 illa,
1215 701 1285 763 quea
1299 683 1425 760 adduxi,
1442 683 1520 762 loca,
1538 700 1641 744 unum
1653 682 1705 744 hic
1717 683 1909 757 adscribam,

317 773 587 834 Alexandrinusin
599 771 845 835 Commonitcrr'o:
861 775 956 836 «Non
966 774 1082 851 omnia,
1134 775 1189 853 qui
1203 776 1427 838 commentanti
1438 775 1498 837 ista
1509 776 1588 837 mihi
1610 775 1689 837 forte
1702 775 1782 855 apud
1795 774 1912 854 cyril·

318 863 432 945 inquit,
440 883 512 946 quae
521 865 628 927 dieunt
636 866 784 943 heretici,
796 867 914 947 lugere,
923 886 959 928 ac
970 867 1086 928 detrec·
1134 865 1202 927 lum
1215 867 1361 945 occurrit,
1377 885 1451 929 sane
1464 866 1781 948 copiosus,etefficax.
1794 867 1862 927 llic
1875 867 1913 926 in

317 961 384 1018 tare
398 963 530 1037 oportet.
539 958 637 1019 Multa
647 957 732 1019 enim
741 965 894 1036 asserum,
904 978 944 1021 ex
953 959 1000 1037 iis,
1014 978 1085 1040 quse
1134 956 1214 1018 libro
1223 965 1308 1020 sexto
1322 960 1359 1020 cte
1372 958 1541 1023 adoratione
1555 960 1589 1020 in
1601 960 1711 1040 spirito
1724 959 1911 1033 severitate,

317 1049 709 1130 etnosipsiprofitemurm
723 1050 1083 1132 GregoriusitemPapa¹,
1135 1055 1242 1111 contra
1264 1051 1334 1112 illos
1350 1051 1516 1127 disserens,
1542 1051 1596 1132 qui
1616 1051 1703 1112 fatali
1722 1050 1913 1112 necessitate

321 1141 483 1215 «Habent,
499 1141 613 1222 inquit,
627 1142 686 1204 hoc
699 1143 836 1204 haeretici
849 1145 1030 1224 proprium,
1049 1148 1086 1205 ut
1134 1142 1185 1222 agi
1217 1161 1268 1204 res
1297 1142 1452 1205 humanas
1479 1144 1670 1218 existimant,
1706 1142 1842 1204 huram
1870 1142 1912 1202 ih

316 1232 407 1294 malis
415 1233 1086 1314 bonapcrmisceant,quatenuslacilcsensui
1135 1235 1266 1315 opponit
1289 1235 1467 1313 arbitrium,
1492 1237 1591 1316 quod,
1612 1254 1649 1298 ea
1673 1236 1771 1315 posita
1798 1253 1912 1297 neces-

316 1325 471 1387 audientis
497 1325 641 1387 illudant.
673 1327 813 1388 sienim
840 1345 962 1408 semper
989 1345 1087 1408 prava
1135 1326 1319 1405 sitate,jam
1333 1328 1458 1389 nullum
1471 1334 1528 1390 est.
1542 1329 1588 1389 Ex
1599 1346 1661 1408 quo
1674 1328 1753 1388 mala
1767 1327 1912 1407 plurima

316 1418 465 1496 dicerent,
480 1418 570 1479 citius
580 1419 616 1479 in
629 1436 686 1479 sua
695 1420 847 1498 pravitate
860 1419 986 1498 cogniti,
1003 1420 1086 1500 quod
1135 1425 1278 1480 secutura
1290 1420 1374 1496 dicit,
1394 1420 1481 1481 anisi
1494 1420 1677 1481 voluntariis
1690 1419 1820 1481 nutibus
1834 1419 1908 1494 hnc,

316 1511 447 1585 vellent,
463 1510 593 1572 minime
610 1511 843 1590 persuaderent.
876 1511 1031 1580 Rursum,
1060 1512 1086 1572 si
1134 1512 1185 1573 vel
1195 1512 1265 1573 illac
1283 1513 1381 1590 imus,
1397 1517 1429 1574 et
1439 1530 1660 1594 properamus3
1684 1513 1738 1574 sed
1750 1512 1910 1593 quodam·

317 1620 439 1683 semper
449 1608 533 1665 recta
545 1602 713 1677 sentirent,
723 1602 860 1683 profecto
871 1602 1008 1666 heretici
1021 1620 1087 1663 non
1135 1604 1229 1665 modo
1242 1611 1407 1681 tenemur,
1422 1610 1455 1666 et
1475 1605 1608 1666 aliorum
1617 1604 1694 1684 jugo
1706 1604 1907 1683 subjicimur,

315 1694 457 1757 fuissent.
488 1695 550 1759 Sed
577 1695 654 1756 dnm
676 1694 804 1756 fahendi
822 1700 889 1757 arte
902 1695 942 1756 ad
955 1701 1086 1775 ubsque
1136 1697 1252 1775 quires
1264 1702 1385 1758 nostras
1398 1714 1502 1775 agere,
1515 1715 1550 1758 ac
1570 1695 1650 1759 ferre
1670 1696 1810 1772 valeam,
1825 1714 1908 1775 qna·

317 1787 505 1858 deserviunt,
522 1793 554 1849 et
566 1806 605 1850 ex
618 1787 707 1848 malis
729 1787 812 1848 bona
833 1787 986 1864 inficiunt,
1004 1793 1087 1849 etex
1136 1806 1271 1869 cumque
1283 1787 1469 1851 voluerintl.
1486 1789 1567 1851 Hinc
1585 1788 1678 1868 leges,
1703 1794 1734 1850 ct
1756 1788 1905 1850 cohorta-

316 1879 509 1957 honismala,
523 1879 993 1961 utrecipiantur,abscondunt;
1009 1879 1087 1941 sicut
1135 1880 1247 1959 boum,
1275 1900 1312 1943 ac
1337 1881 1493 1942 bonorum
1518 1882 1657 1961 premia,
1685 1880 1909 1960 malorumque

317 1972 372 2053 qui
386 1974 499 2036 veneni
511 1973 659 2054 poculum
672 1972 816 2053 porrigit,
833 1990 885 2033 ora
899 1970 1004 2052 poculi
1018 1971 1087 2032 dul·
1135 1990 1243 2052 poenas
1257 1973 1391 2049 nullum,
1416 1990 1454 2035 ea
1466 1973 1645 2035 necessitate
1673 1974 1782 2053 posita,
1809 1989 1908 2034 nsum

317 2065 426 2127 cedine
438 2065 539 2128 mellis
551 2065 662 2142 tangit.
683 2085 699 2122 c
717 2065 777 2138 Qui
803 2064 890 2126 locus
912 2081 1033 2125 morem
1057 2068 1090 2125 et
1136 2063 1263 2140 habere,
1278 2065 1362 2145 quod
1382 2064 1463 2126 nihil
1478 2064 1566 2126 sitin
1580 2065 1688 2140 nobis,
1703 2083 1738 2126 ac
1752 2070 1909 2145 potesate

319 2155 457 2217 indolem
475 2155 696 2217 hereticorum
723 2156 820 2217 oculis
847 2155 985 2235 subjicit,
1007 2173 1089 2234 pre·
1137 2161 1243 2218 nostra
1265 2157 1478 2219 constitutum.
1502 2157 1592 2231 Quod
1611 2174 1683 2219 cum
1704 2163 1750 2219 est
1771 2157 1904 2231 ialsuru,

317 2248 425 2311 sertim
449 2267 560 2310 verum
588 2246 852 2327 Pelagianorum;
882 2248 965 2329 quod
987 2265 1088 2328 genus
1142 2254 1238 2309 «tum
1252 2249 1287 2310 in
1300 2254 1407 2311 nostra
1427 2255 1474 2311 cst
1493 2249 1649 2327 facultate,
1663 2250 1698 2311 in
1711 2256 1816 2311 utram
1827 2251 1905 2310 reli-

317 2346 449 2420 tectnm,
465 2346 496 2402 et
509 2340 677 2403 subdolum
701 2339 789 2400 miris
810 2357 876 2401 sese
899 2339 1026 2415 artibus,
1052 2359 1088 2403 ac
1138 2346 1340 2420 mnspartem
1361 2347 1514 2422 spectare,
1543 2343 1585 2404 ad
1609 2344 1737 2419 bonum,
1758 2342 1903 2422 inquam,

318 2432 480 2515 prestigiis
503 2432 693 2508 occultabat,
717 2450 753 2493 ac
780 2431 887 2493 sedulo
912 2432 943 2493 id
965 2431 1085 2509 agebat,
1139 2432 1187 2495 vel
1200 2433 1497 2496 adcontrariuw.»

318 2526 403 2606 quod
417 2525 560 2587 universe
573 2524 697 2586 studere
711 2541 820 2585 omnes
830 2523 990 2585 hereticos
1003 2524 1087 2585 idem
1176 2527 1276 2601 Quam
1286 2525 1391 2587 litere
1400 2525 1611 2587 voluntatisin
1625 2531 1790 2605 utriumque
1805 2529 1905 2604 potres-

319 2618 364 2678 ait
375 2618 543 2696 Gregorius
552 2616 576 2690 ¹,
596 2637 612 2674 a
622 2621 659 2676 ut
672 2615 760 2677 dictis
771 2614 834 2677 suis
847 2621 931 2677 recta
944 2616 1087 2696 quaedam
1135 2622 1243 2692 tatem,
1259 2623 1291 2679 et
1304 2617 1545 2679 indifferentiam
1558 2635 1598 2679 ex
1610 2617 1757 2696 Euripide
1769 2615 1902 2696 probat,

319 2709 537 2788 permisceant,
553 2713 589 2768 ut
603 2708 723 2770 animos
736 2707 930 2769 audientium
944 2725 983 2768 ex
998 2707 1088 2769 rectis
1136 2714 1285 2789 tanquam
1307 2709 1412 2790 aliquo
1436 2711 1474 2771 de
1495 2728 1587 2772 scena
1600 2708 1795 2790 philosopho.
1822 2708 1904 2768 Non

319 2801 459 2863 sensibus
492 2800 634 2875 trahant,
670 2817 710 2860 ex
736 2801 888 2878 perversis
920 2797 1042 2860 feriant.
1067 2819 1083 2856 ν
1137 2801 1212 2862 dum
1227 2803 1529 2879 scilicetexstiterat,
1554 2819 1613 2863 nec
1632 2800 1772 2863 audimm
1785 2798 1903 2879 cyrillo

320 2893 458 2974 Denique
493 2892 701 2972 hugsutinum
736 2890 810 2952 citat
835 2890 909 2951 novi
942 2889 1089 2969 magister
1136 2898 1203 2954 erat
1227 2892 1392 2955 discrimen
1418 2894 1496 2955 illud
1516 2892 1669 2955 libertatis
1693 2893 1844 2953 humanae
1864 2889 1903 2951 ab

321 2982 502 3065 dogmatis⁸,
517 2983 571 3064 qui
585 2983 628 3044 sic
643 2982 763 3043 scribit:
789 2982 915 3044 «Nulla
928 2980 1086 3043 falsadoc·
1136 2985 1263 3065 nuperis
1291 2985 1470 3047 doctoribus
1497 2986 1722 3061 excogitatum,
1756 2988 1793 3044 nt
1820 2982 1902 3044 aliud

320 3078 404 3137 trina
413 3082 469 3153 cst,
484 3093 555 3156 qnae
564 3094 629 3136 non
639 3074 743 3154 aliqua
757 3092 830 3135 vera
842 3073 1084 3135 intermisceat.»
1136 3076 1302 3138 christiana
1323 3077 1378 3154 sit,
1407 3078 1493 3139 aliud
1515 3076 1742 3157 philosophica,
1768 3091 1902 3153 quarum

361 3170 444 3230 VIII.
468 3167 774 3245 Quocircajoculsre,
789 3165 999 3246 frigidumque
1012 3165 1089 3227 illud
1137 3167 1230 3231 etiarn
1256 3169 1296 3230 sit
1320 3168 1381 3229 ista
1403 3169 1581 3247 Pelagium,
1605 3174 1636 3229 et
1659 3166 1816 3242 heretica,
1840 3183 1903 3227 non

322 3265 368 3322 est
392 3259 570 3338 artificium,
596 3259 677 3320 inter
702 3258 897 3337 Pelagianos,
926 3263 958 3320 et
984 3258 1089 3319 Eccle·
1137 3258 1904 3340 catholics.QuodnequeCy1illus,utdixi,adhoc

322 3353 443 3415 siastico
453 3351 570 3431 judicio
584 3350 770 3432 proscriptas
783 3350 933 3423 hereses,
948 3350 1035 3411 illam
1050 3350 1089 3412 de
1137 3351 1295 3430 didicorat,
1322 3370 1381 3414 nec
1407 3353 1453 3413 illi
1472 3370 1580 3415 omnes
1607 3351 1715 3428 Graeci,
1740 3349 1903 3428 Latinique

322 3444 442 3505 arbitrii
455 3444 545 3505 liberi
558 3449 681 3519 natura,
697 3448 728 3504 et
741 3443 920 3504 definitione
935 3460 1089 3503 annume·
1140 3444 1256 3521 Patres,
1272 3462 1350 3524 quos
1361 3445 1395 3506 in
1412 3444 1498 3505 libris
1509 3442 1570 3504 illis
1583 3442 1759 3505 citavimus.

322 3554 392 3597 rare
405 3536 593 3610 doctrimm,
614 3553 686 3615 quae
700 3535 831 3596 minime
849 3535 1013 3613 Pelagiana
1032 3540 1088 3612 cst,
1178 3537 1295 3598 Deinde
1322 3536 1491 3616 interiectis
1511 3535 1649 3616 aliquot,
1676 3556 1692 3593 ο
1720 3535 1902 3616 Potestatem

323 3645 425 3707 neque
438 3632 575 3700 auctore,
586 3632 618 3686 et
627 3627 789 3687 inventore
801 3631 874 3687 nata
887 3627 1021 3704 Pelagio,
1036 3626 1090 3687 sed
1139 3626 1251 3704 hahet,
1298 3628 1415 3708 inquit,
1461 3628 1704 3707 uniuscujusque
1743 3625 1903 3688 arbitrium

323 3719 363 3779 ab
376 3737 413 3781 eo
427 3717 586 3782 communi
599 3735 638 3778 ex
660 3717 826 3778 hominum
847 3724 970 3797 arrepta
982 3736 1088 3796 sensu,
1139 3738 1260 3796 eorum,
1283 3738 1353 3800 qua
1374 3720 1406 3780 in
1426 3720 1576 3782 electione
1596 3719 1716 3799 agenda
1730 3722 1900 3782 versantur,

324 3811 521 3892 quadamque
534 3814 655 3871 naturae
671 3807 1086 3889 disciplina,cuigentilium,
1139 3818 1170 3874 et
1185 3812 1219 3874 in
1236 3811 1417 3892 nobisipsis
1436 3812 1531 3874 situm
1552 3818 1598 3873 est
1611 3811 1737 3890 eligere,
1752 3805 1901 3890 quidquid
1995 3878 1996 3899 ρ

324 3904 635 3984 Christianorumque
658 3901 726 3982 pari
748 3918 899 3963 consensu
924 3900 1090 3980 suffragata
1138 3904 1240 3965 visum
1251 3904 1421 3980 estfacere,
1435 3903 1720 3978 sivebonum,sive
1733 3896 1899 3963 malums-

323 3994 519 4076 philosophia
538 4000 593 4057 est.
614 3994 702 4068 Quod
714 4011 772 4055 nos
785 4010 879 4073 supra
892 3992 992 4055 tribus
1004 3994 1091 4055 libris
1139 3996 1228 4070 Quod
1241 3995 1275 4056 in
1289 3995 1349 4057 illis
1369 3996 1465 4058 etiam
1491 3996 1595 4057 locum
1619 3994 1735 4056 habere
1756 4010 1831 4055 mox
1849 3988 1902 4059 uit,

322 4095 463 4151 accurate
475 4086 766 4160 demonstravimus,
773 4085 882 4147 multis
890 4086 1091 4165 antiquorum
1138 4106 1210 4166 ques
1224 4088 1265 4149 ad
1277 4087 1389 4166 fidem,
1405 4093 1437 4150 et
1457 4088 1655 4149 christianam
1669 4086 1817 4148 virtutem
1836 4082 1902 4144 atti·

322 4182 450 4244 Petrum
468 4178 703 4243 auctoritatibus
726 4178 837 4255 allatis,
859 4178 973 4258 quibus
1000 4179 1091 4240 liber·
1138 4185 1226 4242 nent.
1254 4180 1314 4242 Ubi
1331 4202 1346 4239 ο
1361 4180 1395 4242 in
1407 4179 1557 4242 electione
1583 4180 1680 4241 situm
1698 4196 1764 4241 esse
1783 4177 1904 4239 dicitas

321 4277 417 4335 tatem
441 4272 561 4334 arbitrii
583 4271 618 4332 in
644 4288 681 4333 eo
707 4273 907 4331 constitutam
929 4289 948 4331 a
970 4288 1003 4331 se
1026 4288 1091 4332 esse
1138 4271 1235 4334 libere
1248 4272 1406 4352 perficere,
1422 4290 1492 4352 quac
1512 4273 1644 4353 quisque
1656 4271 1742 4345 velit,
1757 4290 1795 4333 ac
1810 4275 1904 4350 potos
1995 4278 1996 4335 i

322 4364 508 4444 significant,
528 4370 564 4425 ut
580 4363 621 4425 ad
643 4363 812 4443 agendum,
835 4362 895 4423 hoc
908 4367 954 4423 est
973 4363 1089 4440 eligen·
1138 4370 1235 4426 tatem
1248 4363 1393 4426 omnibus
1401 4357 1904 4443 inessc,cumfaoultatespirituali
1995 4350 1996 4365 ¹

322 4456 414 4534 dum,
429 4456 610 4518 necessariis
621 4454 768 4518 omnibus
787 4461 907 4517 armata
933 4454 1088 4524 voluntas.
1139 4456 1281 4518 felicitate
1294 4455 1411 4536 pollere
1420 4466 1442 4519 t.
1458 4476 1474 4515 ο
1995 4480 1996 4517 ;

322 4547 507 4611 οΙῐοοοῖτυοο
527 4550 592 4612 sine
613 4549 677 4611 ulla
697 4547 965 4611 circumscribente
984 4565 1090 4609 neccs-
1180 4548 1233 4609 IX.
1256 4549 1392 4623 Verum,
1427 4553 1605 4628 contempto
1641 4545 1722 4621 hoc,
1756 4545 1905 4624 irrisoque
1995 4560 1996 4647 ρ

358 4751 380 4793 a
397 4736 491 4794 Crnrn.
506 4732 537 4792 in
546 4735 719 4793 Commmstt.
729 4734 761 4792 in
781 4740 846 4792 Act.
862 4732 941 4807 Epir.
961 4731 997 4789 Oi
1010 4735 1092 4788 πάντα
1174 4733 1277 4792 olhid.
1300 4732 1488 4807 ‘Ep’tptvqtp
1500 4732 1582 4796 οῖτοῖς
1596 4732 1690 4789 iceret
1704 4731 1744 4787 iz*
1763 4732 1839 4806 dppc
1854 4730 1906 4805 βὶῖ-
1995 4760 1996 4791 ν

322 4820 370 4874 ὅσοι
381 4819 493 4893 λέγουσιν
508 4815 532 4872 ci
544 4816 671 4889 αἱρετικοὶ,
686 4817 781 4890 piique
793 4817 833 4871 καὶ
846 4816 1016 4889 παραιτεῖσθαι
1030 4818 1089 4890 χρή·
1138 4835 1202 4882 cerv,
1214 4819 1273 4888 πρός
1285 4835 1312 4871 τι
1325 4817 1355 4871 τὸ
1369 4815 1470 4889 ἀγαθον,
1485 4815 1557 4889 φημὶ,
1571 4817 1612 4870 καὶ
1623 4816 1653 4872 rb
1666 4814 1789 4871 ῖνοντῖον.

322 4900 459 4975 πολλὰγὰρ
473 4893 650 4975 ὁμολογῶσιν,
663 4894 698 4954 ὧν
712 4898 753 4954 καὶ
766 4899 836 4972 ἡμεῖς
846 4898 1027 4972 ὁμολογοῦμεν.
1174 4898 1196 4956 d
1214 4899 1303 4957 idem.
1328 4898 1397 4953 Ἀλλ’
1409 4900 1448 4954 ὅτι
1461 4898 1534 4972 κυρία
1548 4903 1597 4954 τῶν
1610 4896 1635 4953 is
1651 4899 1744 4972 αἱρῖοτι
1757 4892 1907 4970 maiust

360 4983 377 5039 b
396 4984 489 5042 Cissi..
506 4983 542 5043 vl
557 4981 594 5039 de
609 4980 737 5040 Aderat.
756 4980 788 5036 Ei
802 4980 835 5055 μὴ
855 4983 907 5044 ταῖς
930 4979 1023 5035 ἑαυτῶν
1044 4978 1093 5033 te-
1140 4979 1243 5036 ἑκάστου
1257 4982 1355 5054 γνώμη·
1373 4981 1415 5035 καὶ
1434 4979 1472 5053 ἔμ’
1485 4981 1545 5055 ἡμῖν
1562 4979 1645 5046 αυτοῖς
1656 4981 1687 5037 rb
1698 4980 1795 5036 tttcec
1808 4982 1868 5053 δρᾷν
1884 4979 1908 5033 si

314 5064 430 5128 ’λονοῖοος
444 5066 530 5138 ῥοπαῖς
546 5065 562 5133 ἢ
583 5063 639 5131 τὰν,
655 5064 671 5132 ἢ
690 5062 730 5118 ec
743 5064 787 5120 τὰν
801 5062 856 5137 ἴμεν
873 5083 910 5131 τε,
925 5063 966 5118 καὶ
981 5061 1093 5117 essees-
1140 5057 1227 5118 δοκοῦν
1239 5062 1283 5119 εἰτ’
1298 5062 1400 5136 ἀγαθὸν,
1416 5062 1465 5118 sire
1477 5064 1581 5136 ραῦλον.

324 5150 411 5221 eopse,
433 5148 599 5221 κεκρατήμεθα
622 5144 649 5201 di
677 5148 760 5220 ὥσπερ
780 5147 819 5202 καὶ
840 5146 1021 5220 ὑπενηνέγμεθα
1041 5146 1094 5208 τοῖς
1177 5146 1280 5204 ethio.
1299 5145 1330 5201 lit
1354 5146 1381 5201 ct
1404 5144 1428 5200 ἔν
1455 5146 1546 5220 cipicsr
1572 5147 1684 5220 κειμένου
1710 5149 1755 5199 τοῦ
1779 5145 1907 5218 aarum&

325 5228 414 5303 tripos
429 5232 512 5303 ζυγοῖς
526 5231 593 5304 ἄγειν
607 5250 634 5287 τε
647 5232 688 5285 καὶ
701 5232 780 5305 φέρειν
795 5230 827 5286 τὰ
839 5232 894 5285 καθ’
907 5231 971 5303 ἡμᾶς
984 5226 1046 5302 ᾗπερ
1064 5231 1093 5283 ἂν
1124 5302 1126 5306 ⁴
1142 5225 1301 5303 ἰλιυθέρωςᾶ
1320 5231 1349 5283 ἂν
1365 5229 1480 5301 βούλοιτό
1493 5249 1539 5295 τις,
1559 5231 1599 5284 καὶ
1618 5226 1672 5283 iubs
1688 5229 1766 5283 ἅπασι
1779 5227 1839 5300 μετ’
1852 5226 1908 5288 ἔξω·

326 5314 425 5369 ἕλοιντο
434 5315 586 5387 δυναμένοις.
1142 5311 1197 5374 cic<
1210 5313 1240 5366 cb
1249 5312 1375 5387 εὐημερεῖν
1385 5312 1481 5368 steca
1493 5317 1671 5387 πνευμοτικῶς.

352 5479 363 5526 l
378 5481 443 5538 (ἔτος.
456 5484 532 5529 uer.
541 5492 560 5528 ο.
573 5482 645 5528 ret
658 5481 707 5528 Lib.
722 5482 790 5528 xvut
805 5484 858 5529 Hor.
872 5494 892 5526 ο.
903 5480 984 5527 rra-3
996 5479 1045 5524 us.
1058 5479 1085 5525 lv
1094 5491 1133 5537 qu.
1148 5482 1233 5537 Ενοκρ.
1244 5491 1264 5526 ο.
1274 5492 1309 5526 τι.
