4004 6168
307 377 367 439 eoa
853 366 1056 449 muniunt
1076 372 1131 441 AD
1150 364 1298 443 trason
1320 366 1346 441 ii

306 550 370 620 ret,
400 561 513 624 purum
538 549 683 605 naturam
709 544 799 606 evehi
818 558 907 625 posse
934 545 974 605 ad
1000 552 1074 605 eum
1123 543 1195 605 finis
1215 544 1294 605 ratio
1317 530 1463 626 postulet.
1492 548 1572 609 dam
1596 560 1690 629 porro
1713 564 1777 613 esse
1790 550 1894 614 homi-

307 636 415 712 tinem,
427 637 535 716 quiest
549 652 642 717 supra
652 643 813 698 naturam:
827 655 890 716 quc
904 637 930 697 si
944 636 1075 715 intelligi
1124 635 1173 697 uis
1188 636 1408 714 conditionem,
1432 638 1470 699 nt
1491 640 1559 700 sina
1576 640 1796 722 periectajmis
1804 648 1895 706 naur-

307 728 576 805 vaticinatorum,
592 746 662 808 qna
676 727 716 788 ab
730 728 875 791 omnibus
888 734 1074 809 supernatu-¹
1124 727 1200 789 ralis
1220 729 1332 791 notitia
1350 748 1415 792 esse
1433 733 1540 811 possit,
1559 734 1591 793 et
1614 734 1672 796 hac
1694 736 1790 796 etiam
1810 738 1846 797 in
1864 752 1898 800 re

307 821 423 884 salibus
432 822 521 883 bonis
530 823 615 883 nuda
625 822 749 901 priuset
759 820 978 896 vacuaiuerat,
987 836 1075 901 posse
1125 820 1316 883 interduma
1333 841 1407 885 vero
1416 822 1560 886 aberrare
1571 840 1672 906 nuper
1684 824 1896 894 ostendimus:

309 914 349 974 ab
361 919 488 975 eostatu
506 914 631 975 inhane
644 914 736 993 longe
757 915 920 976 meliorem
947 920 1073 992 sortem,
1125 914 1208 993 quod
1229 916 1387 976 autemid
1408 916 1502 977 etiam
1519 919 1680 997 permittat
1700 918 1782 981 ratio
1797 918 1900 983 ultimi

309 1023 402 1085 supra
411 1008 569 1086 propriam
583 1007 743 1086 ipsiusmet
756 1007 966 1068 conditionem
979 1012 1078 1067 trans·
1125 1005 1208 1083 ilnls,
1224 1007 1332 1086 negari
1345 1024 1410 1070 nou
1424 1008 1525 1089 potest
1541 1030 1548 1071 :
1563 1011 1697 1073 atenim
1717 1024 1816 1093 supra
1829 1031 1899 1094 pro-

309 1097 396 1166 cribi.
418 1099 451 1159 id
471 1100 578 1179 utiquc
592 1100 649 1180 ipsi
664 1100 888 1175 concederem,
903 1099 987 1179 quod
1001 1110 1077 1160 sene
1127 1098 1236 1163 batum
1249 1103 1295 1161 est
1307 1102 1391 1179 satis,
1406 1100 1457 1162 vel
1470 1103 1495 1162 si
1504 1101 1575 1163 linis
1592 1098 1839 1183 supernaturalis
1851 1108 1898 1185 sit,

310 1191 574 1254 evidentissimum
601 1197 657 1253 est.
681 1193 736 1254 Sin
761 1193 908 1271 verosit,
932 1191 1077 1268 otacili,
1127 1192 1300 1270 cujusmodi
1327 1198 1374 1254 cst
1400 1192 1531 1256 coelesus
1547 1194 1677 1257 beatitas
1695 1195 1789 1258 nobis
1808 1199 1898 1260 modo

309 1289 453 1347 naturam
476 1286 516 1347 ad
534 1300 608 1346 eum
632 1285 727 1347 finem
742 1291 889 1361 evectam,
915 1292 1078 1364 postquam
1127 1283 1296 1363 proposita,
1321 1285 1360 1345 ab
1383 1304 1419 1347 eo
1444 1302 1508 1346 non
1530 1286 1716 1362 excluditur,
1743 1290 1803 1369 qni
1822 1291 1898 1370 juris

310 1376 402 1438 etiam
416 1377 454 1438 de
467 1378 594 1457 propria
605 1378 782 1439 conditione
796 1379 950 1458 migravit,
966 1392 1079 1457 puram
1127 1376 1277 1437 raanan
1298 1378 1474 1455 ignorantia
1493 1376 1665 1441 invincibili
1682 1378 1809 1443 laborat
1823 1402 1831 1444 ε
1845 1402 1899 1446 nec

310 1486 386 1542 csse,
401 1474 432 1530 ci
446 1470 506 1531 dici
519 1486 624 1549 posse,
638 1470 672 1530 id
699 1471 812 1550 oppido
835 1484 959 1550 negem,
987 1475 1018 1530 et
1039 1469 1080 1529 ad
1128 1486 1206 1548 opus
1220 1472 1276 1544 est,
1292 1474 1327 1530 ait
1340 1469 1430 1531 iilum
1444 1474 1627 1551 assequaris,
1649 1488 1720 1553 quae
1731 1476 1900 1555 ampiecte-

309 1561 584 1626 contradicticnem
597 1562 756 1641 implicare
779 1562 891 1624 dicam.
918 1561 1080 1640 Siquidem
1128 1561 1182 1638 ris,
1197 1562 1253 1622 e'nt
1265 1559 1410 1640 declines,
1429 1564 1536 1625 omnia
1557 1572 1630 1626 vete
1649 1566 1684 1626 in
1704 1583 1736 1627 se
1751 1567 1828 1647 ipsis
1840 1578 1900 1631 esse

309 1654 376 1733 ipsa
403 1654 455 1715 iila
482 1660 603 1715 naturae
629 1655 722 1734 liujus
752 1655 889 1730 evectio,
926 1654 1080 1733 elatloque
1128 1652 1270 1726 honesta,
1293 1660 1348 1716 aut
1365 1656 1414 1716 his
1429 1654 1584 1719 mntraria
1599 1674 1606 1717 t
1620 1659 1693 1720 satis
1708 1662 1768 1733 ast,
1790 1658 1817 1721 si
1836 1660 1897 1739 tibi,

309 1746 553 1826 supernaturalis
580 1750 647 1824 est,
676 1753 707 1809 et
741 1748 824 1808 bona
856 1764 961 1807 aecum
984 1744 1081 1807 trahit
1129 1746 1217 1807 nulla
1229 1752 1285 1807 tua
1296 1747 1398 1826 culpa,
1415 1744 1458 1808 ita
1471 1754 1650 1829 appareant,
1662 1748 1708 1811 sic
1721 1752 1811 1813 anim
1824 1760 1899 1815 ante

310 1839 627 1919 quamplurimaquae
640 1845 786 1900 naturam
798 1839 1076 1920 paritersuperant.
1129 1842 1161 1898 et
1184 1836 1381 1901 laudabiliter¹
1405 1841 1490 1918 agis:
1506 1844 1618 1903 natiue
1638 1848 1746 1904 autem
1775 1846 1898 1907 rationis

311 1931 347 1991 id
360 1932 455 2010 igitur
468 1931 509 1993 ud
522 1948 590 1993 rem
607 1937 794 2012 praesentem
810 1931 975 2003 traducite,
990 1950 1026 1992 ac
1039 1933 1082 1993 sic
1129 1928 1419 2011 particeps,uisisea
1428 1934 1704 2013 rectoaverterit,a
1717 1951 1778 1997 suo
1793 1936 1898 2000 nltiim

310 2023 575 2100 hebetationem
587 2022 906 2106 tvaevappcstett'cam
918 2023 1081 2085 unitionem
1129 2022 1192 2084 fiae
1205 2036 1269 2085 nou
1283 2022 1407 2087 excidii.

311 2128 405 2194 supra
430 2121 574 2177 naturam
600 2133 665 2176 esse
692 2134 786 2194 quam
811 2118 956 2185 maxime,
984 2130 1082 2196 eaque

311 2222 416 2271 secum
430 2207 593 2284 advehere,
608 2207 721 2287 quibus
734 2210 857 2283 nutura,
872 2224 943 2287 qua
956 2210 1082 2269 assumi⁴

310 2305 374 2373 tur,
389 2301 542 2361 rationem
558 2300 627 2378 jam
646 2314 711 2361 nou
727 2300 822 2361 habet
842 2301 934 2360 nudae
945 2304 1079 2376 natura,
1360 2268 1592 2333 ARTIGULUS
1613 2272 1668 2334 Vl·

224 2476 230 2490 ·
311 2391 1083 2564 istrinitati‘illinistis
1136 2439 1243 2503 luc
1256 2438 1676 2592 sapentiam-n,
1692 2454 1724 2506 θ’
1739 2446 1812 2526 aa
1829 2446 1897 2509 aa

310 2578 439 2639 homine
466 2580 542 2653 Dec,
559 2577 725 2656 ipsumque
751 2577 887 2638 maxima
907 2578 1079 2639 dedecentt
1355 2552 1556 2615 mmm
1568 2533 1693 2600 ‘'dm“

311 2669 491 2749 hujusmodi
505 2675 610 2729 atatem
623 2675 697 2730 sunt
707 2670 965 2750 concupiscentias
979 2676 1082 2733 motus
1112 2732 1125 2755 υ

312 2762 411 2844 pravi,
423 2766 464 2824 et
481 2761 648 2825 indociles:
674 2780 709 2823 ae
732 2762 809 2841 legis
830 2761 979 2825 naturalis
991 2763 1081 2843 igno·
1211 2714 1447 2784 DISPUTATIO
1467 2714 1520 2783 ΑΒ
1540 2721 1828 2788 AUCTORITATF*

311 2856 402 2918 mac.

351 2944 400 3011 Ad
425 2949 597 3010 meandum
633 2942 815 3027 respondeo,
837 2944 949 3008 falsum
968 2953 999 3009 et
1016 2948 1082 3011 sine
1475 2872 1504 2961 ς
1528 2872 1553 2943 Ῑ’

313 3043 515 3104 fundamento
543 3054 620 3117 esse,
646 3039 730 3119 quod
745 3040 784 3100 ab
808 3040 881 3119 ipsis
903 3040 1080 3119 assumitur,
1171 3036 1268 3101 Aiunt
1293 3030 1395 3113 Baius,
1418 3042 1450 3101 et
1465 3032 1648 3123 iansenius,
1668 3050 1701 3106 et
1722 3036 1784 3108 hac
1811 3044 1896 3108 etism

313 3134 389 3212 legia
398 3133 535 3214 positiva
549 3131 1008 3212 ignorantiampeccatipoenam
1018 3148 1082 3194 non
1132 3122 1166 3192 in
1180 3136 1214 3192 ia
1227 3130 1436 3210 augustinum
1447 3148 1504 3215 pro
1512 3136 1630 3196 sectare
1643 3138 1757 3217 putant
1770 3139 1894 3218 :prima

241 3230 246 3238 ’
315 3242 399 3289 esse:
415 3240 517 3307 neque
531 3226 616 3287 enim
630 3224 694 3286 sive
709 3224 885 3303 Augustini,
900 3225 963 3287 sive
973 3222 1081 3285 Hiero·
1132 3223 1216 3304 quod
1229 3224 1340 3284 vitium
1354 3240 1419 3285 esse
1432 3225 1521 3286 docet
1531 3226 1678 3289 humanm
1692 3234 1827 3302 naturae,
1841 3222 1895 3292 neo

314 3320 413 3401 cymi,
429 3334 483 3381 seu
498 3316 671 3399 cujuspiam
685 3314 764 3378 sacri
777 3314 934 3395 scriptoris
948 3316 1084 3378 testimo-
1131 3314 1359 3377 nonadherere
1369 3327 1425 3396 per
1434 3306 1895 3403 choniatemiquoiiluspecime

314 3413 405 3475 nium
419 3410 519 3473 ullum
532 3410 705 3492 proferunt,
726 3424 787 3489 quo
807 3408 896 3469 nobis
919 3408 951 3469 id
969 3420 1082 3489 appio·
1132 3402 1250 3484 dicunt,
1262 3424 1331 3487 qnae
1345 3409 1466 3489 scripsit
1478 3406 1500 3470 1.
1516 3402 1603 3472 XXII
1616 3402 1651 3473 tie
1670 3412 1755 3477 aaa.
1771 3432 1799 3476 c.
1814 3414 1895 3475 int

314 3504 398 3565 beat.
423 3506 491 3566 Ima
514 3506 621 3584 aperte
642 3505 819 3582 repugnant
842 3500 954 3561 sanctis
975 3501 1084 3563 iisdem
1133 3492 1166 3561 in
1185 3500 1253 3561 hec
1276 3492 1372 3561 verba
1389 3521 1396 3562 :
1416 3502 1532 3563 edicat
1553 3504 1675 3566 cecitas
1695 3506 1782 3568 oculi
1794 3508 1893 3569 vitium

315 3594 493 3658 doctoribus
517 3588 702 3671 Augustino,
727 3599 758 3654 ct
784 3590 987 3673 Hieronymo,
1015 3594 1081 3674 qui,
1133 3597 1189 3672 est,
1203 3588 1234 3654 at
1247 3584 1330 3653 idem
1343 3593 1449 3674 ipsum
1463 3586 1590 3668 iudicat,
1610 3596 1649 3657 ad
1670 3598 1784 3661 lumen
1797 3594 1892 3659 tideu-

315 3683 1085 3764 camadversusPelagienoscontenduntiguoren-
1133 3684 1208 3747 dum
1227 3682 1352 3746 oculum
1377 3700 1441 3748 csse
1464 3690 1612 3764 creatum,
1635 3692 1696 3750 ete.
1720 3678 1768 3752 ila
1782 3697 1892 3767 natum,

314 3783 391 3844 tiam
401 3781 517 3842 malam
532 3797 608 3856 esse,
624 3782 840 3856 etpeccatum,
856 3777 1085 3856 piurimaigno
1133 3788 1202 3858 quae
1227 3774 1388 3839 fruebatur
1410 3770 1486 3854 Deo,
1512 3780 1662 3859 optimam
1676 3796 1710 3843 se
1729 3782 1895 3843 institutam

314 3872 514 3942 mutioefacti,
530 3879 562 3934 et
573 3868 653 3950 juvis
673 3866 795 3949 positivi
815 3868 955 3947 exempla
969 3870 1084 3948 produ·
1133 3868 1222 3931 docet
1236 3870 1328 3931 etiarn
1341 3872 1409 3950 ipsc
1422 3868 1508 3945 vilic,
1530 3888 1592 3951 quo
1613 3870 1684 3934 ideo
1705 3876 1819 3937 misera
1843 3878 1893 3947 cst,

316 3973 400 4029 cunt.
417 3962 510 4041 Quin,
524 3973 556 4027 et
570 3980 674 4026 secum
692 3960 766 4042 ipsis
787 3966 929 4041 pugnant
946 3980 953 4022 :
973 3963 1083 4024 ianae·
1134 3962 1282 4041 quianon
1294 3962 1409 4023 irmtnr
1432 3960 1897 4043 Deo‚etc.»qaomn1siuilis

315 4061 386 4122 nius
400 4058 485 4122 euim
498 4056 519 4119 i.
541 4054 588 4119 ΙΙΙ
612 4056 647 4118 de
664 4063 702 4116 st.
730 4060 793 4115 aot.
812 4072 900 4137 parca
924 4073 951 4117 c.
969 4072 991 4115 x
1005 4060 1036 4116 et
1050 4070 1085 4115 x1
1133 4059 1206 4114 sunt
1220 4054 1241 4115 l.
1254 4047 1301 4115 XI
1315 4072 1342 4115 c.
1359 4068 1433 4118 svn.
1453 4050 1552 4116 elion
1571 4054 1676 4135 itaque
1695 4063 1776 4118 esset
1793 4046 1896 4118 vitium

315 4153 435 4214 nuliam
448 4150 617 4226 miseriam,
633 4144 752 4209 malum
766 4145 889 4207 nulium
907 4144 941 4206 in
957 4146 1085 4208 homine
1133 4145 1276 4207 recedere
1290 4160 1310 4207 a
1323 4138 1397 4220 Deo,
1411 4142 1472 4207 nisi
1492 4149 1622 4222 nature,
1645 4147 1734 4227 eujus
1752 4144 1784 4210 id
1796 4138 1896 4209 vitium

315 4242 446 4326 reperiri
460 4244 561 4317 docet,
575 4241 658 4321 quod
672 4241 705 4299 in
718 4238 833 4318 peccati
847 4256 972 4318 paenam
986 4239 1085 4301 inilia·
1134 4240 1191 4314 est,
1212 4238 1315 4318 potius
1344 4242 1534 4318 competetet
1551 4248 1616 4299 essa
1639 4254 1712 4300 cum
1732 4242 1806 4303 ileo.
1821 4240 1896 4314 Qua·

316 4344 385 4398 tum
405 4355 470 4397 non
493 4332 541 4396 sit.
567 4330 747 4414 Ignorantia
770 4336 851 4391 certe
872 4328 1032 4409 Evangelii
1052 4330 1086 4391 in
1134 4334 1262 4410 propter
1287 4331 1382 4391 etiam
1406 4331 1549 4391 voluntas
1574 4326 1659 4392 maia
1681 4330 1800 4411 mande
1820 4330 1898 4392 testi·

316 4426 495 4491 iniideiibus
517 4444 669 4506 magnum
692 4424 810 4486 malum
832 4428 887 4498 cst,
911 4434 1085 4503 magnaque
1135 4420 1278 4483 monium
1292 4429 1339 4484 cst
1352 4430 1473 4484 naturae
1486 4421 1611 4484 bonan
1624 4424 1726 4504 Atque
1736 4425 1797 4486 huc
1809 4420 1896 4485 advo

316 4518 461 4584 miseria:
478 4538 550 4582 curn
568 4518 674 4599 igitur,
697 4521 734 4578 ut
746 4514 912 4577 Jansenius'
932 4515 997 4594 ipse
1010 4514 1087 4577 late-
1135 4526 1206 4576 care
1221 4514 1394 4594 potuissent
1405 4506 1482 4575 illud
1498 4512 1634 4576 inseimi
1649 4506 1895 4579 iionatcmin.

317 4622 380 4689 tur,
396 4612 417 4676 i.
433 4612 476 4675 VI
490 4611 525 4673 de
537 4620 592 4673 sta.
608 4618 671 4672 nat.
687 4611 777 4691 Iopsoe
791 4626 818 4670 c.
834 4618 855 4666 v
868 4607 935 4668 heae
948 4610 988 4668 sii
1000 4608 1087 4686 igno-
1140 4602 1365 4668 «Rationalem
1388 4612 1561 4668 creaturam
1573 4607 1613 4668 ad
1626 4604 1687 4669 hos
1700 4624 1766 4671 esse
1778 4604 1895 4678 iactum,

317 4706 420 4769 rantie
433 4706 517 4783 iacti,
532 4704 651 4783 etjuris
663 4698 760 4764 divini
774 4714 965 4779 consequens
980 4702 1035 4775 est,
1052 4706 1088 4762 ut
1136 4698 1172 4760 ui
1199 4714 1355 4760 summam
1380 4699 1544 4761 essentiam
1570 4705 1654 4762 amat
1678 4714 1774 4783 super
1800 4696 1898 4762 omnia

317 4802 389 4863 facti
403 4800 509 4876 eiiam,
523 4804 554 4859 at
565 4794 646 4877 juris
662 4794 758 4856 divini
780 4791 958 4872 ignorantie
971 4788 1087 4871 peccati
1120 4838 1122 4842 ,
1136 4784 1231 4869 bona,
1245 4810 1260 4849 a
1277 4794 1335 4854 etc.

317 4895 505 4976 supplicium
519 4894 568 4953 sit.
1178 4884 1330 4961 Secundo,
1359 4878 1444 4965 quod
1463 4886 1610 4947 adversus
1624 4884 1807 4967 Pelagianos
1830 4900 1898 4947 con·

357 4989 406 5049 Ad
435 4987 565 5047 tertium
585 4976 767 5061 respondeo,
787 4978 932 5038 naturam
959 4977 1087 5038 rationis
1134 4972 1244 5053 tendit,
1258 4978 1416 5059 puerulos,
1431 4974 1698 5059 sinuiiacaipain
1798 4977 1899 5039 tinas·

318 5080 500 5162 participem
520 5096 558 5138 ex
581 5095 612 5137 se
636 5075 669 5135 id
691 5073 816 5151 quidem
834 5070 969 5149 exigere,
987 5076 1016 5130 et
1029 5086 1086 5131 suo
1135 5076 1258 5145 cuntvn,
1270 5070 1365 5131 etiam
1379 5070 1404 5129 si
1419 5066 1579 5148 Baptismo
1591 5084 1657 5131 non
1672 5066 1712 5131 ah
1725 5072 1849 5145 uantur,
1866 5067 1899 5128 iis

318 5174 378 5234 sibi
405 5173 492 5251 quasi
514 5171 585 5248 jure
608 5165 776 5230 vindicare,
797 5182 860 5241 quo
883 5163 979 5241 possit
999 5167 1031 5223 et
1050 5182 1086 5224 eu
1135 5165 1240 5222 tamen
1281 5158 1393 5222 divinas
1438 5154 1626 5241 adoptionis,
1668 5158 1700 5225 ei
1738 5158 1899 5224 emortuus

318 5266 481 5338 adciscere,
497 5280 566 5341 quea
580 5264 653 5320 sunt
666 5266 873 5318 consentanea
892 5254 1002 5314 ultimo
1015 5253 1095 5327 fini„
1135 5246 1253 5314 bonum
1274 5253 1379 5314 deberi
1396 5256 1488 5327 inec,
1504 5255 1570 5314 sine
1587 5248 1666 5332 ipso,
1691 5266 1781 5334 posse
1794 5266 1897 5334 quem·

317 5370 346 5420 et
381 5376 418 5418 ea
451 5353 624 5433 repudiare,
652 5367 723 5429 quae
753 5353 826 5409 sunt
858 5344 1021 5420 contraria,
1053 5346 1086 5406 id
1136 5362 1232 5423 quam
1254 5345 1379 5405 iliorum
1401 5362 1418 5404 e
1441 5342 1503 5403 viia
1520 5342 1677 5423 decedere,
1695 5346 1781 5426 quod
1799 5347 1897 5425 aperte

317 5460 465 5510 veronen
479 5450 659 5522 utcumque,
674 5442 728 5501 sed
745 5452 802 5519 pro
824 5454 889 5498 suae
901 5430 1085 5496 conditionis
1134 5438 1320 5516 significasse
1343 5438 1461 5513 dicunt,
1488 5448 1560 5496 curn
1583 5437 1705 5517 scripsit
1719 5434 1740 5500 l.
1767 5439 1781 5498 I
1804 5434 1896 5519 operit

317 5552 472 5616 moneare,
490 5535 626 5599 simodo
642 5552 649 5595 ε
666 5536 697 5594 et
709 5536 862 5612 parantum
872 5528 969 5608 ipsius
982 5526 1084 5589 ultimi
1134 5530 1252 5610 imperf.
1269 5537 1343 5591 cont.
1358 5518 1423 5591 sui.
1437 5544 1470 5589 n.
1487 5526 1526 5589 35
1541 5546 1557 5586 a
1572 5525 1632 5604 die,
1648 5542 1711 5610 que
1719 5524 1837 5608 justitia
1849 5524 1895 5587 iile
