4096 6166
313 176 373 239 'tlte

345 355 392 394 nen
405 349 458 395 snut
466 345 541 399 libera
588 355 611 402 et
622 357 732 418 qnatenn
745 357 836 422 quidam
850 358 986 419 Scholastici
999 362 1082 417 liberas

346 430 397 469 esse
426 422 530 472 sentiant.
550 425 623 477 tiliam
654 442 703 479 essa
733 433 842 486 rationem
869 437 974 487 mulionis
1002 438 1082 489 diune

344 494 474 558 voluntatis,
490 513 534 564 qua
547 501 647 567 seipsum
661 511 729 568 amal,
748 522 776 560 ac
790 509 898 575 Spiritum
913 517 1015 571 sanctum
1030 528 1083 580 pro·

345 569 417 630 ducit,
433 572 461 622 ab
484 588 520 635 ea,
547 590 592 642 qna
618 586 706 632 creatas
732 597 768 635 res
788 585 871 651 diligit,
886 594 908 638 et
921 588 1010 640 edicere
1024 589 1078 642 rult.

347 644 452 697 Veterum
467 648 557 702 Petrum
573 652 689 707 altercatio
703 672 770 725 snper
788 663 969 725 processionibus
988 664 1079 729 divinis,

345 733 375 769 an
389 721 434 771 sint
447 722 524 776 liberm
550 726 583 778 Er
597 729 641 781 ltoc
651 731 702 783 loco
712 734 789 799 colligi
803 750 877 787 veram
892 738 1001 791 libertatis
1012 745 1081 791 natu-

345 806 403 858 ram,
419 800 442 847 et
454 801 622 864 proprietatem.
642 805 692 865 Qua
714 810 800 863 ratione
820 812 844 863 iu
857 812 929 866 beatis
942 814 1038 867 liberum
1051 817 1082 867 sit

344 869 471 937 arbitrium,
486 888 514 927 ex
532 879 650 943 Augustini
664 885 781 936 senentis.
1031 891 1079 943 tao

521 1094 649 1156 LIBER
670 1098 857 1164 QUINTUS

310 1284 345 1327 lli
370 1286 433 1334 QUO
448 1287 639 1334 ntnnn'rtt'rts
653 1293 742 1336 vatin
763 1296 861 1340 anuto
882 1299 926 1343 EX
947 1303 1077 1350 LATINIS

341 1374 525 1423 AUGUSTINO
543 1383 797 1433 POSTERIORIBUS
812 1391 1035 1439 EXPENDITUR.

306 1560 393 1615 mann
406 1562 425 1613 i.
444 1562 523 1615 liciis
550 1565 664 1630 Patribus,
683 1569 721 1635 qni
740 1576 792 1636 post
811 1574 961 1638 tugntinum
975 1579 1074 1644 inerunt,

338 1651 434 1702 qnorum
465 1640 600 1693 testimoniis
627 1644 685 1695 malo
702 1649 795 1697 utuntur
821 1650 952 1711 adversarii,
977 1658 1003 1704 ut
1025 1670 1076 1707 cum

338 1711 409 1763 libero
423 1712 515 1764 arbitrio
537 1718 694 1770 necessitatem
719 1722 833 1787 copulent.
862 1726 968 1792 Prosperi
988 1729 1010 1780 in
1025 1731 1076 1783 illos

335 1788 454 1840 sententiae
463 1796 630 1857 retorquentur.
655 1795 786 1861 Explicatur
800 1798 865 1851 liberi
875 1802 968 1861 arbitrii
976 1805 1076 1858 delinitio

336 1864 477 1929 aProspero
490 1866 566 1919 allata.
592 1869 751 1935 Hypognnstici
777 1880 857 1926 auctor
886 1892 945 1930 nouo
976 1881 1076 1945 dogmati

335 1941 472 1993 contrarios.
487 1942 586 2008 Prosper
599 1945 675 1996 itidem
685 1948 736 1998 aliis
750 1949 773 1998 in
784 1949 854 2011 locis;
872 1967 960 2005 necnon
974 1956 1074 2021 Fulgen-

334 2015 389 2073 tius.
405 2018 471 2081 cujns
486 2020 595 2070 sententia
607 2036 723 2087 perperam
738 2023 767 2074 ab
783 2025 828 2077 illis
848 2027 916 2080 citata
931 2031 1071 2095 declaratur;

335 2095 357 2141 et
370 2090 419 2143 aliae
433 2098 513 2145 contra
529 2108 569 2147 eos
585 2097 717 2149 afferuntur.
1024 2108 1073 2160 tt3

301 2164 387 2219 Cabur
402 2170 430 2220 ll.
450 2169 600 2221 Excutiuntur
614 2172 680 2223 Beda
693 2175 745 2227 loca
757 2177 813 2228 Novi
828 2177 857 2230 ab
874 2181 1004 2234 auctoribus
1018 2183 1074 2249 dog·

337 2243 403 2295 murts
428 2258 468 2309 pro
482 2258 506 2294 se
520 2244 596 2296 allata.
612 2248 670 2298 Turn
687 2252 801 2311 dnsclnti3
818 2268 863 2317 quo
877 2255 945 2306 iidem
962 2259 1070 2310 nituntur.

333 2320 367 2370 Er
381 2318 448 2383 hujus
458 2320 577 2371 occasione
592 2323 620 2373 de
632 2323 743 2387 libertate,
755 2331 777 2377 et
793 2328 813 2378 ei
832 2332 934 2395 opposita
948 2333 975 2382 tle
990 2348 1072 2385 neees-

333 2397 399 2447 sitate
429 2393 560 2459 diligentius
591 2398 674 2462 agitur.
706 2401 769 2452 Hanc
786 2417 848 2466 rere,
878 2406 906 2456 dc
936 2421 980 2472 qua
993 2409 1073 2461 Patres

335 2473 467 2537 loquuntur,
483 2484 528 2521 non
546 2471 653 2535 libertati,
675 2475 714 2526 sed
733 2485 861 2542 spontaneae
878 2480 984 2544 libertati,
1011 2486 1072 2549 quod

332 2552 367 2600 esi
383 2545 412 2599 nb
427 2544 545 2609 tattone,
556 2563 691 2615 repugnare.
707 2551 753 2603 Cur
767 2553 795 2605 do
813 2555 855 2606 boe
870 2557 919 2607 snlo
934 2572 1016 2622 genere
1027 2574 1071 2611 ne-

333 2625 445 2676 cessitatis
459 2626 539 2676 Patres
556 2625 602 2676 lere
617 2626 745 2690 loquantur.
1022 2636 1068 2686 ll'l

298 2699 386 2752 Garun
400 2701 439 2751 ill.
462 2701 495 2751 Ex
522 2701 632 2766 superiori
660 2702 809 2768 disputatione
837 2705 865 2756 de
892 2710 1032 2772 necessitate,
1048 2718 1071 2763 et

331 2776 460 2837 coactione,
476 2775 591 2840 colligitur
605 2790 657 2827 vera
672 2784 694 2827 et
707 2794 813 2841 germana
840 2795 904 2832 mens
930 2785 1040 2848 anselmi,
1055 2803 1070 2838 a

331 2852 376 2914 nna
393 2851 469 2902 Nenos
482 2851 599 2902 aberrasse
619 2852 771 2916 Dogmatistas
792 2856 925 2909 ostenditur.
951 2860 1068 2918 Quomodo

330 2926 433 2978 Christus
447 2940 492 2977 nnn
506 2927 605 2991 potuerit
617 2927 675 2977 velle
697 2928 796 2979 mentiri.
815 2930 900 2996 Duplex
913 2934 942 2983 ab
961 2937 1067 2987 dnselnto

329 3003 450 3054 corastitnte
472 3002 604 3062 necessitas,
632 3007 654 3052 et
679 3002 857 3069 impossibilitas,
885 3012 1029 3073 antecedens,
1045 3019 1068 3063 et

328 3091 479 3142 consequens.
499 3078 562 3127 lianc
589 3077 660 3128 solam
688 3093 740 3130 curn
763 3080 865 3132 libertale
881 3084 1004 3148 colerere,
1020 3085 1066 3139 nun

328 3152 435 3218 priorem,
450 3150 478 3202 ab
496 3152 575 3202 eodem
586 3152 682 3203 eenmri.
698 3153 730 3204 Ex
740 3169 784 3219 qno
798 3157 867 3208 Novae
877 3159 989 3224 opinionis
1002 3176 1065 3227 pras-

326 3228 399 3291 stigise
409 3222 569 3278 discutiuntur.
587 3227 646 3279 Laus
660 3231 750 3294 proprie
763 3232 857 3283 liberam
871 3235 1000 3288 alterutrius
1020 3239 1064 3289 oli-

327 3303 394 3368 gendi
408 3307 539 3369 potcstnm
557 3303 667 3368 seqnitur,
682 3309 708 3355 ut
718 3308 862 3360 etmeritnm.
1015 3315 1062 3368 tsi

292 3378 378 3430 meur
391 3380 429 3430 tl.
449 3380 564 3439 Quatenus
578 3383 677 3444 poteslas
691 3383 798 3445 peccandi
818 3384 845 3434 ad
863 3384 989 3438 libertatem
1008 3403 1063 3454 per-

326 3454 404 3505 tineat.
423 3454 457 3505 lie
467 3454 534 3505 laude
547 3455 674 3506 accuratius
688 3457 771 3519 agitur.
787 3458 843 3510 Eam
854 3461 910 3513 solis
926 3463 1061 3529 actionibus,

326 3529 361 3578 rel
376 3533 467 3593 propter
481 3543 520 3579 eas
533 3528 611 3590 tribui,
633 3544 675 3580 nec
688 3530 732 3581 nisi
746 3531 817 3584 libera
840 3549 866 3585 en
880 3538 992 3589 voluntate
1006 3554 1063 3605 pro-

324 3604 399 3665 iectis,
431 3618 482 3668 quta
512 3604 619 3654 utriusvis
649 3604 746 3667 eligendi
770 3614 879 3674 potatale
907 3614 1001 3678 predita
1022 3616 1059 3667 sit.

323 3679 408 3740 Fucus,
428 3684 450 3730 et
460 3678 549 3729 inscitia
562 3677 677 3729 Novarum
691 3680 890 3744 Dogmatistarum.
902 3689 1028 3750 Quomodo,
1040 3695 1062 3741 et

323 3755 406 3821 quibus
419 3755 447 3806 de
460 3753 528 3806 rebus
541 3754 592 3804 laus
604 3754 650 3804 uec
665 3759 790 3809 conremat.
806 3760 892 3827 Nempe
914 3764 944 3814 ob
960 3779 987 3815 ea
999 3767 1060 3818 dun-

320 3834 392 3883 taxat.
401 3844 451 3895 qnae
464 3836 526 3880 entra
539 3843 564 3879 se
578 3828 648 3879 libere
663 3829 725 3883 lacit.
738 3832 770 3884 lie
789 3833 871 3887 Christi
888 3838 993 3891 libertate
1007 3842 1060 3892 obi-

323 3910 365 3965 ter,
386 3907 457 3972 deque
472 3905 520 3969 ejus
547 3901 733 3976 ἀναμαρτησίᾳ;
758 3924 853 3975 quanam
881 3916 968 3969 ratione
990 3918 1060 3971 libere

321 3981 371 4033 bac
385 3982 418 4031 illi
432 3987 553 4047 competat.
569 3985 635 4036 Unde
648 3986 712 4037 Nora
730 3987 812 4052 Opinio
825 3988 853 4041 de
862 3989 971 4044 libertatis
980 4000 1060 4048 natura

321 4058 459 4109 ualidissime
473 4060 622 4114 conducitur.
1009 4071 1058 4123 l5'l

289 4133 416 4185 Canusi.
437 4135 469 4185 [te
492 4135 599 4188 bernardi
623 4137 747 4199 annatim
770 4152 836 4203 quent
850 4141 960 4194 fautorem
974 4147 1059 4199 erroris

319 4209 355 4260 sui
378 4210 429 4261 nori
460 4210 600 4274 dogmatistes
616 4213 673 4264 lalso
695 4213 738 4265 sibi
762 4215 891 4268 vendicant.
914 4220 1059 4285 Explicantur

319 4284 382 4335 illius
406 4284 467 4348 loca,
487 4286 568 4350 quibus
582 4289 619 4339 lsti
633 4289 692 4341 rode
712 4294 813 4341 utuntur.
829 4291 874 4343 Gur
891 4294 920 4345 ab
933 4309 961 4346 co
974 4311 1059 4349 neces·

320 4359 376 4410 sitas
399 4375 484 4424 cogens
501 4368 628 4427 opponatur
653 4364 724 4417 libero
754 4365 857 4419 arbitrio.
888 4369 913 4420 ld
930 4385 958 4422 eo
982 4373 1058 4425 iacere

320 4434 403 4499 ipsum,
419 4437 480 4502 guod
489 4436 519 4487 sit
531 4438 683 4490 determinans
691 4441 719 4492 ad
733 4455 812 4493 unum.
823 4442 851 4493 tot
863 4445 938 4508 agitur
950 4461 977 4499 ea
990 4462 1058 4501 occa·

320 4509 384 4560 sione
399 4510 514 4574 paululum
528 4512 556 4563 de
569 4515 677 4577 violento,
697 4520 720 4567 et
739 4523 831 4579 enactn;
856 4518 931 4585 idque,
948 4524 1014 4588 quale
1027 4526 1057 4576 sit

319 4585 342 4636 in
356 4584 424 4636 rebus
438 4587 571 4651 moralibus,
582 4590 714 4657 expetitum
731 4593 822 4657 quinam
844 4597 956 4661 appetitus
972 4599 1056 4652 tolno·

320 4665 389 4712 tatem
403 4675 486 4726 cogere
499 4663 595 4728 dicatur,
614 4679 641 4716 er
655 4666 784 4733 Scriptura,
803 4673 826 4720 et
847 4670 962 4725 Bernarm
974 4675 1056 4727 decla·

319 4741 391 4789 ratur.
1005 4750 1054 4804 lbi]

285 4810 371 4864 meur
386 4813 422 4864 tt.
442 4815 551 4867 bernardi
565 4830 629 4868 mens
642 4819 770 4871 accuratius
783 4819 844 4872 illius
858 4836 884 4874 ex
894 4824 961 4877 dictis
976 4828 1054 4893 expri-

317 4888 386 4939 mitur
399 4904 468 4955 super
478 4891 565 4942 arbitrii
575 4892 686 4945 libertate.
702 4895 727 4946 ln
740 4895 784 4948 hac
797 4897 842 4949 duo
859 4899 887 4950 ab
901 4903 1051 4968 suspectari:

317 4963 412 5015 alterum
435 4967 551 5032 proprium
565 4969 700 5032 intellectus,
714 4972 774 5036 quod
789 4977 823 5025 cst
839 4975 956 5027 arbitrium
977 4996 983 5028 r
998 4979 1054 5031 alta-

317 5052 367 5089 rum
394 5040 524 5105 voluntatis,
553 5045 613 5109 quod
637 5051 671 5096 est
687 5046 792 5099 liberum.
818 5048 914 5108 Quinam
930 5055 1053 5105 necessitas

316 5111 414 5165 libertati
446 5119 558 5170 contraria
582 5120 619 5172 sit.
648 5120 777 5174 Naturalem
804 5127 959 5179 necessitatem
990 5130 1052 5181 nullo

318 5189 385 5240 modo
399 5190 444 5242 dici
459 5192 591 5255 violentam
611 5210 653 5247 nec
662 5196 934 5260 hujusmodiaBernardo
947 5204 1052 5256 intellec-

318 5267 363 5315 tam
377 5265 455 5318 luisse.
472 5266 521 5328 Quo
538 5284 606 5322 sensu
634 5271 725 5323 libertas
739 5274 908 5329 inamissibilis
921 5279 949 5330 ab
973 5282 1052 5335 eodem

317 5338 378 5391 dicta
394 5340 432 5392 sit.
449 5340 514 5395 laria
527 5345 576 5410 ejus
592 5346 652 5399 diota
670 5347 697 5400 de
707 5348 809 5403 libertate
822 5352 951 5406 voluntatis.
1002 5357 1050 5408 lbi

1041 196 1175 262 INDEX.

1134 365 1220 422 canor
1243 374 1291 426 tlt.
1310 376 1487 448 Propennntnr,
1514 391 1582 453 atoue
1609 391 1748 457 explicantur
1771 403 1905 459 argumenta

1166 447 1250 511 omnia,
1265 465 1315 516 qum
1325 469 1353 507 ex
1362 456 1469 511 Bernardi
1483 465 1601 516 sententiis
1615 468 1667 518 nori
1682 468 1799 533 flegmatis
1811 473 1904 523 antisti-

1164 524 1198 572 tes
1212 523 1329 588 objiciunt.
1345 531 1460 591 Quatenus
1473 538 1497 588 in
1510 540 1603 603 Angelis
1617 542 1714 594 liberum
1731 546 1761 596 sit
1773 546 1901 599 arbitrium.

1164 597 1251 651 Rursus
1265 602 1292 653 de
1302 609 1435 660 necessitate
1450 618 1554 677 cogente,
1569 620 1593 666 et
1605 617 1719 671 dolentia.
1738 623 1901 675 adstruitures

1164 674 1241 725 eodem
1257 678 1371 734 &amardo
1391 699 1444 737 uera
1462 692 1485 738 et
1502 693 1629 743 eommunis
1651 693 1761 746 libertatis
1783 698 1854 750 nodo.
1869 699 1902 751 tte

1163 750 1246 815 triplici
1260 754 1288 805 ab
1303 770 1330 806 eo
1344 760 1466 812 constituta
1483 762 1595 828 libertate,
1607 782 1621 818 a
1632 775 1736 834 peccato.
1751 786 1764 822 a
1777 773 1904 835 miserint

1162 829 1304 883 necessitate.
1319 833 1370 885 llon
1383 836 1406 886 in
1421 850 1458 900 eo,
1469 841 1528 903 quod
1536 843 1616 906 possit,
1630 845 1670 895 sed
1684 847 1746 911 quod
1759 847 1821 910 vebt,
1835 850 1902 915 posi-

1162 904 1208 952 tam
1217 919 1267 956 esse
1282 906 1408 961 libertatem
1422 913 1556 979 voluntatis;
1573 921 1728 984 ermuduntur
1741 923 1863 975 curuare
1875 940 1903 977 ex

1162 975 1277 1033 bernardo
1293 996 1413 1050 perperam
1426 988 1522 1042 collecta
1539 991 1568 1043 ab
1582 994 1652 1047 Nonis
1665 996 1797 1062 theologis.
1852 1001 1902 1052 lii

1128 1049 1218 1105 Garun
1234 1057 1292 1108 tttt.
1311 1059 1344 1110 lie
1359 1062 1454 1127 lingone
1473 1066 1501 1117 S.
1530 1068 1628 1121 lictoris
1655 1073 1683 1123 ad
1698 1073 1807 1126 Lutetiam
1820 1075 1902 1129 Caene·

1159 1128 1217 1192 bita,
1233 1134 1298 1196 cnjus
1308 1135 1436 1191 tmlimonlo
1450 1154 1568 1207 perperam
1586 1146 1655 1197 utitur
1675 1147 1734 1200 Nori
1747 1157 1902 1216 pmpugnator

1160 1203 1285 1270 Dogmatis.
1318 1209 1401 1264 Contra
1419 1228 1486 1280 quern
1509 1217 1583 1283 primo
1598 1223 1741 1275 constituitur
1757 1226 1816 1277 ratio
1829 1227 1901 1279 liber-

1163 1281 1225 1343 tatis,
1243 1288 1266 1334 et
1283 1286 1380 1338 moenis
1402 1288 1490 1355 libere,
1508 1307 1598 1346 necnon
1612 1300 1754 1351 necessitatis
1771 1306 1795 1353 et
1811 1303 1900 1355 dobn-

1161 1355 1208 1409 tte.
1223 1358 1281 1410 Tum
1309 1363 1412 1426 lingonis
1434 1366 1486 1418 loca
1514 1369 1670 1436 declarantur3
1686 1380 1754 1440 atque
1767 1391 1796 1429 ex
1808 1376 1898 1440 iisdem,

1159 1431 1253 1498 aliisque
1268 1439 1395 1490 communis
1408 1444 1430 1491 et
1439 1456 1493 1495 uera
1507 1444 1654 1499 confirmatur
1666 1450 1753 1516 opinio.
1849 1456 1898 1507 lli

1125 1504 1211 1559 Canon
1221 1509 1260 1561 lli.
1281 1511 1312 1562 lle
1326 1513 1435 1566 Richardl
1448 1517 1556 1570 Victorini
1581 1524 1698 1587 manetis,
1719 1527 1831 1591 uidistis,
1845 1531 1900 1595 ord·

1158 1581 1201 1633 bus
1214 1598 1272 1635 noro
1286 1587 1387 1652 dogmati
1400 1590 1520 1657 sutragan·
1536 1596 1632 1649 ridetur.
1648 1599 1820 1653 demonstratur
1831 1605 1898 1658 laisos

1158 1671 1198 1708 eos
1212 1672 1270 1720 esse,
1287 1664 1325 1726 qui
1339 1664 1362 1714 iu
1377 1672 1452 1731 partes
1479 1683 1532 1721 suas
1551 1671 1645 1726 invitum
1666 1676 1729 1727 illum
1751 1680 1896 1744 pertrabunt,

1157 1737 1246 1799 utpote
1260 1738 1298 1802 qni
1326 1739 1353 1790 de
1377 1740 1556 1797 liberoarbltrin
1583 1763 1689 1812 senene
1717 1759 1779 1806 recte
1790 1759 1895 1811 senserit

1157 1808 1299 1864 illustrantur
1314 1816 1362 1879 ejus
1379 1817 1455 1870 rerba.
1474 1819 1507 1878 De
1521 1822 1630 1888 blagislro
1646 1826 1823 1892 Sententiarum,
1833 1834 1897 1898 crpus

1157 1886 1208 1939 loca
1226 1892 1328 1955 quedam
1343 1896 1491 1960 explicantur.
1515 1902 1585 1954 Recte
1607 1905 1681 1968 illum,
1705 1911 1773 1974 atque
1785 1926 1814 1962 ex
1829 1928 1896 1963 cont-

1156 1966 1219 2015 rnuni
1234 1980 1301 2019 sensu
1316 1970 1344 2020 de
1353 1971 1456 2024 libertate
1469 1977 1582 2029 statuisse.
1847 1988 1895 2040 tos

1122 2037 1208 2090 Garun
1225 2041 1253 2092 ll.
1273 2043 1306 2094 lie
1319 2046 1439 2099 Gnilielmo
1458 2049 1589 2104 Parisiensi.
1609 2055 1739 2111 ostenditur
1752 2075 1894 2115 communem

1156 2117 1184 2168 ab
1198 2133 1225 2170 eo
1240 2122 1328 2174 delendi
1345 2125 1460 2178 notionem
1470 2128 1579 2183 libertatis
1592 2134 1689 2198 arbitrii,
1705 2143 1727 2188 et
1740 2140 1831 2204 quidem
1843 2143 1896 2194 Pini-

1155 2193 1257 2260 losopltis
1274 2199 1369 2251 etlrnicis
1384 2210 1566 2258 conmutaneam.
1588 2210 1645 2261 Tum
1662 2212 1714 2265 loca
1726 2216 1803 2267 omnia
1817 2232 1843 2268 es
1855 2220 1894 2271 illo

1155 2276 1244 2334 sumpta
1254 2273 1406 2328 declarantur.
1421 2280 1550 2332 Necessitas
1559 2285 1684 2349 cujusmodi
1701 2288 1730 2339 ab
1753 2290 1792 2343 illo
1805 2296 1893 2345 renai

1155 2348 1201 2395 tuta
1226 2354 1267 2409 cst,
1288 2364 1338 2414 gntae
1352 2368 1404 2404 cum
1427 2354 1530 2407 libertale
1543 2362 1654 2413 consistit.
1668 2363 1771 2417 llbsnrda
1784 2382 1892 2422 novorum

1155 2420 1340 2484 dogmatistarum
1362 2434 1525 2493 argumentatio
1543 2450 1570 2485 en
1593 2438 1669 2489 divina
1683 2441 1797 2495 voluntate
1813 2450 1889 2511 petita

1155 2495 1187 2545 lle
1200 2497 1262 2548 fatali
1283 2504 1425 2567 necessitate,
1441 2512 1551 2572 quatenns
1572 2512 1600 2563 ab
1616 2513 1719 2567 libertate
1736 2519 1840 2583 dissidet,
1855 2530 1891 2574 aet

1153 2581 1367 2631 cumeaconciliari
1380 2588 1461 2649 polest.
1843 2602 1890 2652 idi

1118 2645 1204 2699 Garun
1219 2650 1257 2701 xl.
1277 2653 1310 2703 lle
1327 2656 1491 2722 indifferentia
1516 2664 1644 2727 uoluntatis,
1673 2668 1695 2719 in
1727 2684 1773 2734 gna
1800 2674 1892 2728 libertas

1151 2725 1223 2788 posita
1237 2727 1327 2780 dicitnr.
1345 2731 1377 2782 lia
1390 2732 1471 2800 duplex
1489 2739 1654 2793 constituitur:
1679 2759 1724 2796 una
1736 2761 1788 2812 qua
1810 2764 1890 2802 essem

1152 2799 1204 2850 tiam
1220 2801 1282 2854 illius
1296 2807 1404 2870 continet,
1430 2815 1452 2860 et
1473 2814 1600 2866 electionis
1615 2824 1708 2870 uocatur
1723 2840 1729 2871 ε
1742 2824 1814 2875 altera
1829 2842 1888 2891 pro·

1148 2878 1282 2940 pensionis.
1300 2881 1460 2935 [interminatio
1483 2888 1560 2940 itidem
1575 2891 1666 2956 duplex.
1681 2896 1713 2946 Es
1723 2899 1807 2960 ntdbus
1816 2916 1888 2953 noro-

1149 2962 1199 3000 runt
1230 2953 1416 3017 dogmatistarum
1448 2962 1568 3017 calumnie
1585 2967 1710 3023 diluuntur.
1737 2973 1770 3024 lic
1786 2975 1888 3028 chmate

1148 3029 1336 3082 contrarietatis.
1354 3034 1527 3090 indifferentiam
1553 3056 1597 3092 non
1617 3045 1728 3108 pertinere
1749 3049 1778 3099 ad
1793 3050 1886 3103 liberta-

1146 3107 1203 3227 lliterni.
1217 3106 1275 3158 ialso
1297 3109 1327 3160 ab
1349 3113 1402 3163 nori
1429 3118 1531 3179 patronis
1558 3121 1669 3184 dogmatis
1682 3134 1817 3189 mgnmento
1835 3133 1885 3183 col-

1113 3193 1199 3308 Cann
1212 3260 1261 3312 llll.
1281 3262 1337 3323 Qua
1349 3272 1428 3320 contra
1440 3283 1523 3323 notum
1547 3282 1698 3329 commentum
1711 3280 1823 3335 libertatis
1836 3207 1885 3351 ιἔτί

1146 3334 1257 3386 catholica
1281 3344 1393 3392 sententia
1406 3343 1474 3408 objici
1498 3348 1579 3410 solent,
1599 3366 1626 3401 ea
1648 3366 1767 3420 perperam
1783 3359 1843 3411 eludi
1856 3363 1884 3413 ab

1145 3409 1297 3465 Adversariis.
1316 3415 1374 3468 llira
1385 3424 1653 3491 repugnantiadictnrntn
1667 3432 1718 3481 noni
1733 3433 1882 3500 degneoste,

1144 3489 1167 3534 et
1178 3488 1203 3535 ut
1225 3501 1290 3538 suant
1305 3490 1353 3555 ipse
1371 3496 1505 3548 sonandam
1519 3506 1612 3565 enesim,
1627 3504 1680 3555 dum
1699 3507 1741 3569 ait,
1758 3510 1881 3565 bberhletn

1145 3559 1259 3614 tiatorem
1273 3579 1324 3616 curn
1341 3568 1491 3624 indifferentia
1500 3575 1528 3625 ad
1540 3579 1649 3630 ntntmris
1664 3594 1742 3645 agere.
1766 3587 1880 3654 ilnldplen

1143 3634 1244 3698 ejusdem
1270 3642 1392 3696 cavillatio.
1412 3647 1530 3706 Quomodo
1559 3652 1619 3705 liber
1633 3655 1672 3715 sit,
1703 3664 1727 3708 et
1753 3661 1880 3718 indiilerens

1142 3709 1211 3763 Deus.
1228 3713 1261 3765 tte
1272 3714 1432 3783 indifferentia,
1451 3726 1540 3790 etquid
1566 3742 1593 3780 ea
1606 3730 1644 3780 sit.
1661 3731 1736 3785 Fontis
1754 3739 1806 3788 nesi
1818 3740 1879 3803 dag-

1142 3788 1237 3840 matistee
1251 3791 1273 3842 in
1288 3793 1366 3845 eadem
1383 3799 1547 3853 constituenda.
1830 3817 1877 3867 tal

1108 3861 1194 3914 Gener
1208 3864 1268 3917 lilii.
1286 3868 1318 3919 [ie
1331 3871 1395 3922 novis
1410 3873 1552 3939 dogmatibus
1566 3883 1611 3929 tam
1630 3896 1699 3947 snper
1711 3887 1797 3938 subtuli
1806 3889 1875 3941 liba·-

1143 3941 1196 4000 tate‚
1225 3954 1292 4006 quarn
1318 3948 1415 4010 canteris,
1431 3949 1551 4004 Facultatis
1577 3955 1724 4023 ‘theologicae
1744 3963 1877 4017 emensa

1138 4017 1259 4081 iudicium.
1828 4044 1875 4096 5⁰(

1219 4228 1434 4293 APPENDIX
1455 4237 1509 4297 ΑΙ)
1531 4240 1696 4305 LIBRUM
1718 4247 1759 4307 tt.

1318 4368 1351 4421 tte
1369 4371 1465 4438 Opiticio
1481 4389 1521 4427 ses
1538 4377 1624 4431 dierum

1416 4509 1467 4552 SEU
1485 4513 1510 4553 il.
1531 4515 1555 4553 P.

1177 4630 1489 4721 ANTONII
1555 4641 1798 4733 cnsttlt

1381 4801 1395 4838 a
1412 4787 1526 4842 Societate
1538 4791 1593 4845 insu

1319 4912 1655 4981 CONTROVERSIA.

1261 5056 1411 5120 Dentato
1437 5061 1530 5125 Perre
1558 5073 1686 5131 manre.
1811 5080 1869 5139 509

1100 5207 1249 5262 Anatcuttts
1266 5210 1284 5261 l.
1304 5211 1383 5263 Utrum
1397 5213 1493 5280 bomini,
1508 5222 1532 5270 ui
1545 5218 1612 5273 bomo
1626 5229 1669 5286 eet,
1683 5232 1761 5279 amoti
1782 5230 1866 5294 Galia,

1133 5288 1270 5349 etpeccato,
1287 5286 1347 5339 bona
1374 5288 1414 5341 illa
1427 5293 1562 5357 ementitur
1589 5296 1721 5359 debeantur.
1750 5308 1868 5370 genade

1133 5358 1356 5426 culpaperdidbnns.
1819 5382 1868 5435 51⁰
