3932 6172
313 347 373 408 ete
814 336 1137 402 Tnmmclceattat
1163 337 1381 403 occalluit

312 508 444 570 salutem
456 511 594 571 ncsbsm
621 507 872 570 administramus
886 553 894 583 ,
910 505 1081 586 opitulante
1130 505 1162 565 vi
1177 505 1316 568 adhibita
1322 505 1602 585 incit‚utadunum
1612 507 1746 571 inflectat
1756 526 1864 587 sepum,

312 601 368 662 Dei
381 601 492 680 gratia,
509 600 746 681 chrysostomus
759 599 902 679 exponit,
918 603 948 659 et
961 615 1025 659 esse
1038 602 1082 658 ta-
1129 597 1272 668 sivellet,
1300 599 1434 661 alterum
1447 601 1630 662 nonminus
1641 608 1742 681 posset
1765 602 1866 683 eligere.
1939 634 1940 665 l

312 691 376 754 lem
389 693 487 769 docet,
500 710 570 771 que
585 708 652 754 uon
665 691 795 772 simplici
813 696 885 751 voto
908 708 944 750 sc
966 689 1083 751 deside-
1130 690 1173 751 lle
1187 690 1246 751 hac
1260 708 1334 770 ergo
1348 693 1539 767 necessitate,
1554 711 1619 755 non
1632 693 1671 754 de
1684 696 1868 759 commentitia

313 784 361 846 rio
373 784 583 863 iungitur,scd
596 785 702 846 velens
716 790 762 845 est
773 789 804 845 ct
814 783 991 858 robusta,et
1001 782 1082 843 circa
1130 781 1195 857 illa,
1210 788 1319 861 etque
1333 801 1459 862 prorsus
1472 784 1611 846 accidere
1624 804 1689 846 non
1705 791 1818 865 potest,
1833 787 1869 847 lc-

313 875 366 938 illa
379 895 448 956 quse
471 876 620 937 adfinem
633 876 840 939 conducibilia
863 879 947 951 sunt,
962 873 1079 944 efficax,
1130 873 1237 952 quitur
1251 874 1507 953 chrysostomum
1536 876 1706 956 loquuntur
1717 882 1748 939 ct
1765 879 1869 957 scripte

314 973 346 1029 et
360 976 491 1029 arrecta.
507 969 573 1042 Qus
586 973 650 1029 totu
661 969 870 1048 disputatione
882 977 1035 1050 προαίρεσιν,
1049 966 1082 1027 id
1130 982 1180 1026 res
1194 966 1232 1027 ed
1247 983 1346 1027 unum
1357 984 1478 1042 omnes,
1493 969 1618 1047 quando
1631 987 1702 1030 cem
1719 987 1788 1030 cum
1798 970 1871 1050 plena

315 1065 361 1121 est
372 1059 540 1122 eiectionem
550 1060 717 1136 describit,
747 1078 816 1140 quae
828 1060 991 1121 arbitrium
1003 1060 1081 1120 libe·
1131 1057 1333 1119 etliberrima
1346 1057 1872 1141 voluntate,atquesppetiticnceom
1939 1136 1940 1143 ρ

314 1171 387 1214 rum
400 1152 524 1233 proprie
538 1152 704 1230 dictumst
717 1151 798 1214 eirca
811 1171 859 1229 ea,
885 1171 955 1232 quse
970 1170 1082 1214 recen·
1131 1154 1262 1230 ponunt.
1271 1152 1370 1211 Lucet
1380 1151 1626 1231 insuperiiadem
1639 1153 1872 1233 illisianrpsoe

315 1248 366 1305 tur
378 1246 486 1321 media,
501 1249 658 1322 versatim,
687 1251 828 1323 utsupra
846 1245 1018 1306 luculenter
1032 1262 1082 1305 os·
1131 1242 1207 1303 tomi
1242 1243 1344 1304 verbis
1377 1244 1558 1320 electionis,
1599 1245 1773 1330 arbitriique
1802 1246 1872 1307 liberi

313 1336 483 1414 tendimus3
500 1335 554 1397 ubi
577 1342 609 1399 et
627 1344 743 1409 οὐσιῶδες
756 1336 801 1397 illi
824 1355 889 1398 esse
907 1345 937 1399 τὸ
951 1344 1081 1416 ἀδιάφοροι
1132 1335 1283 1396 naturalis
1295 1335 1438 1415 fimetio,
1465 1350 1536 1416 quae
1549 1337 1629 1399 inter
1656 1339 1718 1401 duo
1744 1339 1873 1399 cosmus
1939 1332 1940 1427 l

314 1430 526 1509 probavimus,
542 1424 618 1490 adeo
632 1434 668 1489 ut
677 1428 888 1490 necessitatem
899 1427 1080 1506 simplicem,
1132 1432 1298 1508 spectatur.
1939 1428 1940 1501 l

274 1520 279 1531 '
304 1528 347 1583 -et
358 1522 488 1583 interius
501 1522 660 1583 admotam
671 1520 811 1582 traditus
824 1521 976 1599 repudiet.
1174 1520 1244 1584 Vll.
1261 1519 1447 1595 Quaretiam,
1464 1526 1499 1581 ut
1511 1527 1671 1601 stuporem
1689 1540 1725 1583 ac
1736 1528 1873 1584 remman
1939 1502 1940 1589 l

354 1616 409 1676 VI.
427 1615 505 1674 Hinc
518 1614 596 1675 illud
605 1613 816 1694 chrysostomi
828 1613 944 1673 ibidem
956 1612 1081 1691 legitur:
1134 1612 1302 1674 excitemus
1320 1613 1537 1674 hereticorum
1551 1660 1560 1683 ‚
1576 1617 1874 1694 caeterommque,q1i

320 1706 525 1785 «Propterea
537 1711 569 1766 te
582 1707 664 1766 Deus
675 1704 766 1765 liberi
776 1704 896 1765 arbitrii
908 1705 989 1779 fecit,
1001 1709 1083 1764 utne
1130 1704 1224 1783 juxta
1236 1723 1310 1765 cnm
1323 1703 1371 1765 his
1383 1705 1573 1767 coactionem
1603 1725 1673 1767 eam
1686 1707 1824 1768 duntaxat
1833 1708 1873 1766 ad·
1939 1724 1940 1781 ι

315 1798 514 1878 postmodum
529 1797 703 1878 expostules
728 1815 799 1858 cum
825 1797 911 1876 ipso,
933 1802 1084 1876 tanquam
1133 1797 1249 1858 versari
1268 1796 1402 1857 libertati
1418 1797 1596 1876 praedicant,
1614 1817 1686 1877 quae
1704 1800 1874 1878 cumipsane
1939 1788 1940 1845 l

316 1892 494 1951 necessitate
514 1890 723 1952 constrictus⁰.
746 1911 761 1949 ιι
794 1890 873 1950 Hinc
894 1889 946 1950 ille
960 1889 1085 1968 querele
1134 1888 1240 1949 divina
1248 1888 1374 1968 quidem
1387 1888 1502 1950 virtute
1515 1890 1665 1967 consistit,
1680 1891 1720 1950 ad
1731 1891 1817 1969 idque
1826 1890 1873 1950 sul·

316 1984 550 2061 quorumdam,
581 2001 677 2062 quem
691 2000 723 2044 sc
734 1982 855 2043 audisse
868 1981 977 2058 refert,
991 1988 1022 2043 et
1034 1999 1084 2043 re·
1134 1981 1321 2060 fregetcrem
1348 1980 1405 2041 sibi
1436 1981 1696 2060 chrysostomum
1708 1988 1875 2063 parant3au·

315 2072 394 2134 lellit
406 2075 658 2153 Chrysostomus:
678 2095 694 2133 ιι
715 2075 815 2148 Querc
833 2074 867 2136 in
878 2078 1038 2154 potestate,
1054 2080 1086 2135 ct
1135 2072 1490 2151 diant,cujusmodivim
1502 2075 1875 2149 etcoectionemiutelligcrc

317 2165 444 2226 arbitrio
459 2184 529 2227 mec
542 2167 689 2228 virtutem
712 2165 855 2247 posuitit
884 2187 899 2224 ι)
933 2167 1021 2240 Quod
1033 2166 1085 2227 ille
1135 2165 1241 2242 soleat,
1255 2165 1375 2226 cumdc
1388 2165 1584 2245 eeloquitur.
1602 2168 1638 2227 ln
1651 2166 1875 2228 homiliarium

316 2256 432 2317 fectum
445 2275 509 2319 non
522 2258 813 2338 negat,imm0,cur
821 2257 938 2319 iactum
951 2258 1001 2332 sit,
1017 2275 1087 2318 cau-
1135 2257 1277 2318 eumdem
1305 2257 1443 2336 priorem
1469 2256 1509 2318 ud
1530 2256 1701 2320 Corinthios
1724 2259 1873 2338 epistolam,
1939 2224 1940 2307 d

319 2367 385 2410 sam
406 2350 516 2430 sperit.
538 2351 617 2426 Quid
638 2357 744 2413 autem
768 2349 853 2411 aliud
866 2356 921 2424 est,
936 2349 1086 2412 domicum
1135 2348 1875 2429 Apostoliverbeillacrpliesns¹zdcaccitisqu'u
1939 2310 1940 2385 d

318 2459 383 2503 essa
396 2442 543 2520 virtutis,
572 2444 636 2505 sive
659 2443 741 2505 hanc
760 2441 863 2504 debere
875 2446 908 2503 ia
922 2450 1084 2520 potestate,
1136 2460 1244 2520 corpus
1251 2441 1874 2524 orarumtemplumcstejiu,quiicaddest,

268 2530 273 2541 “
319 2551 511 2615 quampcsse
524 2536 725 2615 illemscqui,
751 2535 800 2598 vel
813 2534 976 2615 respuere?
990 2536 1085 2610 Bene,
1139 2533 1272 2615 Spiritus
1286 2538 1486 2614 semtipsum
1500 2532 1875 2610 sedicioneesse

320 2627 521 2705 inquamvel
534 2628 614 2689 mele
635 2646 746 2707 egere,
766 2627 826 2689 hoe
846 2632 893 2688 est
918 2636 999 2707 κύριοι
1022 2644 1087 2688 esse
1137 2626 1259 2688 vestri?
1276 2626 1343 2686 haec
1356 2627 1528 2704 pracsertim
1538 2629 1701 2706 expendit:
1716 2627 1759 2688 Et
1766 2625 1876 2687 acautis

319 2717 462 2794 virtutis,
477 2724 514 2780 ut
534 2718 579 2780 ibi
600 2720 837 2799 Chrysostomus
855 2719 1086 2797 interpretatur,
1136 2718 1236 2780 vestri.
1247 2718 1347 2796 Atque
1365 2738 1381 2776 ο
1400 2717 1470 2796 hoc,
1485 2719 1596 2798 inquit,
1618 2738 1685 2780 non
1698 2717 1875 2797 solumpudc·

320 2811 460 2889 adeoque
479 2810 577 2872 libero
586 2811 714 2873 arbitrio
727 2811 908 2891 praeditum3
923 2811 1010 2889 cujus
1023 2811 1088 2871 vim
1136 2810 1275 2873 facientis
1288 2815 1404 2871 vcrest
1417 2810 1485 2883 ista,
1501 2812 1554 2872 scd
1572 2813 1669 2873 etiam
1682 2813 1876 2873 vimaeneces
1939 2794 1940 2879 l

320 2901 402 2964 inter
415 2904 762 2984 contrariasuspensam
779 2902 908 2964 mirifice
921 2903 1085 2982 preciose
1137 2904 1258 2964 sitatem
1269 2901 1435 2963 efferentis.
1451 2904 1533 2970 Quid
1547 2904 1644 2982 enim,
1660 2902 1795 2983 quicum
1809 2876 1875 2975 iacis

321 3012 357 3056 ec
371 3001 517 3058 temantc
530 3001 691 3076 peccatum
703 2996 815 3057 Adami
831 3041 839 3071 ,
861 3012 956 3075 quam
969 3000 1086 3075 postea,
1137 2994 1259 3075 inquit?
1273 2995 1343 3055 Non
1354 3000 1389 3055 tu
1403 2995 1449 3055 tui
1461 2995 1605 3056 domiuus
1619 3014 1652 3057 es
1666 2995 1694 3058 ἀ.
1717 3016 1733 3054 ο
1748 2994 1808 3069 Hic,
1820 2993 1876 3071 qnia

321 3092 443 3149 naturae
455 3087 622 3150 hominum
634 3087 734 3150 inesse
746 3089 951 3165 demonstrat,
966 3105 1087 3150 necnon
1138 3089 1260 3160 βιάζεσθαι
1274 3086 1408 3165 positum
1423 3092 1479 3160 est,
1496 3087 1581 3166 quod
1594 3087 1728 3149 verbum
1741 3103 1837 3167 copae,
1851 3101 1877 3143 ec

322 3179 397 3259 quid
406 3187 512 3260 ἀνάγκης
524 3184 653 3242 nominc
664 3180 823 3260 significet.
840 3182 939 3254 Quam
962 3180 1088 3260 quidem
1138 3174 1196 3235 vim
1210 3174 1325 3255 inferre
1338 3178 1498 3258 significet,
1514 3180 1627 3259 etquis
1639 3179 1782 3255 libertati,
1795 3193 1876 3255 ecpc
1939 3204 1940 3235 l

322 3289 387 3334 non
399 3271 487 3332 illam
500 3290 564 3334 esse
591 3272 828 3353 peremptricem
847 3272 1024 3349 veluntatis,
1040 3272 1088 3333 his
1137 3268 1241 3329 testati
1261 3271 1375 3348 egendi
1394 3271 1554 3350 quodlibet
1566 3275 1753 3352 opponitur,
1767 3268 1825 3351 peri
1840 3272 1877 3328 at
1939 3280 1940 3355 ι

259 3392 262 3397 <
321 3363 424 3424 verbis
432 3363 556 3425 indicat.
568 3365 645 3425 Cum
659 3366 744 3426 enim
755 3364 903 3425 virtutem
916 3364 1004 3424 initio
1024 3381 1088 3424 mo-
1139 3360 1531 3438 potusustentante,
1561 3360 1878 3444 etstuporevimillau

320 3453 439 3529 lcstam,
458 3457 740 3535 posteejucundam
751 3474 816 3517 esse
827 3456 961 3529 dixisset,
978 3473 1087 3535 quem·
1138 3452 1428 3516 noviscmniabunt
1441 3455 1602 3535 theologi,
1629 3474 1702 3535 quae
1715 3456 1878 3517 bbeumar·

321 3547 491 3608 admodum
504 3548 621 3609 artium
646 3548 832 3621 rudimenta,
860 3549 1089 3628 cumprimum
1138 3543 1397 3608 bitriumevertit.
1413 3548 1454 3607 At
1476 3566 1542 3608 non
1564 3553 1697 3627 possunt
1718 3569 1726 3609 ε
1749 3544 1879 3608 nonenim
1939 3552 1940 3605 i

322 3639 495 3717 discutitur,
510 3642 631 3719 ingrata
644 3644 727 3715 sunt,
739 3638 794 3700 ubi
804 3658 879 3701 vero
888 3657 939 3702 ces
953 3642 1090 3720 percepi·
1138 3636 1314 3698 libertatem
1329 3638 1751 3718 cogitaliviolentiecrcdidit
1763 3638 1879 3717 cerpus
1939 3654 1940 3681 ³

322 3748 404 3800 mus,
416 3731 630 3793 incredibilem
644 3730 781 3792 afferunt
793 3730 1001 3810 voluptatem,
1016 3748 1093 3793 mox
1139 3735 1263 3805 tomus3
1285 3736 1317 3791 ct
1329 3732 1460 3793 subinde
1473 3732 1620 3793 admonet
1635 3780 1643 3810 ,
1656 3749 1794 3796 ncneam
1805 3746 1879 3809 prole
1939 3732 1940 3815 ρ

322 3824 365 3884 ita
376 3822 436 3884 sibi
449 3824 570 3902 objicit:
590 3823 714 3902 «Atqui
724 3841 840 3893 nemo,
864 3823 976 3903 inquit,
992 3829 1091 3884 artem
1139 3826 1187 3882 ter
1200 3822 1254 3883 ille
1262 3867 1273 3899 ,
1284 3841 1353 3902 quae
1366 3824 1633 3904 dixitdpostolus,
1645 3844 1714 3887 esse
1725 3824 1877 3886 sublatam&
1939 3832 1940 3903 ρ

321 3915 419 3977 ullam
432 3916 632 3995 aggreditur,
658 3916 719 3977 nisi
732 3925 894 3995 cogentem
908 3915 1021 3977 hebeat
1030 3916 1090 3977 ali-
1179 3914 1330 3976 Desinunt
1342 3932 1415 3994 ergo
1427 3917 1609 3979 contentiosi
1622 3917 1668 3977 illi
1682 3932 1788 3979 vocum
1804 3929 1880 3974 aucu-
1924 3908 1940 3971 ο

321 4026 427 4088 quem.
444 4011 523 4070 Cum
532 4008 617 4070 enim
626 4009 772 4070 dominus
784 4007 1016 4070 suiedolesccns
1025 4026 1090 4072 esse
1139 4012 1273 4085 potores,
1287 4007 1476 4088 ubicumque
1489 4009 1554 4085 vis,
1570 4014 1625 4069 aut
1638 4007 1825 4083 necessitatis,
1838 4006 1880 4064 aut
1896 3980 1940 4077 Ἥ

322 4100 458 4181 caeperit,
471 4102 570 4181 magis
583 4101 676 4180 eliget
688 4100 778 4161 initio
791 4100 907 4161 deliciis
919 4100 991 4175 frui,
1013 4107 1044 4163 et
1057 4103 1090 4163 in
1140 4099 1309 4160 coactionis
1320 4100 1450 4161 nomina
1469 4101 1551 4179 apud
1566 4101 1671 4164 Petras
1684 4095 1877 4183 increpuerint,

322 4192 385 4253 fine
398 4193 661 4254 innumeremala
680 4191 831 4273 perferre,
848 4210 943 4273 quam
955 4193 989 4254 in
1003 4194 1089 4273 prin·
1139 4190 1252 4270 gestire
1265 4198 1359 4271 atque
1370 4192 1543 4253 exclamare
1561 4238 1569 4268 ,
1593 4197 1755 4273 tamquam
1769 4193 1797 4251 id
1808 4205 1879 4267 repe·

322 4283 402 4363 cipio
415 4284 574 4346 laboribus
587 4284 717 4363 confici,
734 4290 765 4346 ct
788 4286 987 4365 postmodum
1006 4284 1091 4347 labo·
1138 4284 1247 4361 serint,
1261 4284 1342 4363 quod
1357 4285 1445 4363 pueri
1459 4283 1493 4344 in
1507 4283 1681 4346 faba.Nam
1702 4300 1802 4364 eogere
1819 4278 1878 4353 illie,
1939 4292 1940 4295 ’

321 4392 394 4436 rum
408 4392 537 4437 suorum
548 4376 685 4438 'ductum
716 4394 825 4456 capere
838 4386 892 4438 ἣν
923 4377 1090 4439 Enimvero
1140 4381 1219 4438 utet
1231 4377 1305 4437 alias
1317 4377 1442 4455 passim,
1467 4381 1515 4437 est
1540 4377 1605 4436 vim
1618 4370 1881 4438 extrinsecussdhi·

322 4467 486 4530 necessitas
498 4468 563 4529 illie
575 4469 701 4529 nonnisi
710 4476 757 4530 est
776 4475 916 4543 externa,
934 4486 1005 4548 quse
1013 4468 1090 4531 libe-
1139 4468 1212 4530 bere
1226 4471 1383 4530 rationum
1402 4470 1579 4543 momentis,
1595 4486 1631 4529 ec
1648 4465 1815 4530 vehementi
1824 4480 1880 4543 per-

322 4578 395 4622 rum
416 4558 580 4621 arbitrium
594 4559 847 4641 volimtetemque
860 4561 1024 4638 nontellit,
1038 4562 1091 4623 sed
1139 4560 1303 4637 sussione3
1331 4561 1381 4621 vel
1410 4566 1513 4631 certe,
1539 4560 1660 4639 docere,
1681 4579 1745 4622 non
1767 4552 1881 4635 snijms

359 4755 380 4795 a
398 4740 498 4796 Canis.
518 4738 565 4792 Διὰ
577 4731 651 4793 codro
666 4739 714 4811 γάρ
734 4757 761 4792 σε
779 4736 930 4800 αὖτεξούσιον
951 4739 1092 4808 ἔποιησενὸ
1141 4740 1213 4812 plote,
1228 4740 1268 4795 sul
1280 4739 1428 4812 καρποῦσθαι
1442 4742 1504 4811 μετὰ
1514 4744 1591 4793 ταῦτα
1605 4737 1691 4793 ἐκτῶν
1704 4739 1780 4792 πόνον
1794 4732 1880 4788 ἐκείνων.

322 4822 384 4887 θεὸς,
393 4823 436 4876 ἵνα
449 4822 482 4895 μὴ
493 4822 594 4894 ὕστερον
608 4820 712 4895 ἔγκαλῇς
721 4822 814 4893 τῷθεὶῥ
825 4820 860 4882 ὣς
869 4820 960 4894 ἀνάγκῃ
971 4824 1054 4885 δεθείς.
1140 4822 1211 4881 Vide
1226 4828 1253 4878 el
1263 4821 1339 4877 hom.
1355 4837 1427 4893 cxxi,
1438 4837 1510 4877 vers.
1525 4821 1561 4877 l7
1575 4820 1659 4877 ellss.

358 4904 463 4964 bibit.
484 4906 531 4959 ilat
546 4904 594 4978 γὰρ
614 4906 717 4960 πολλῶν
737 4906 831 4972 ἤκουσα
849 4903 984 4976 λεγόντων·
1006 4906 1048 4959 διὰ
1067 4907 1091 4960 τὶ
1175 4904 1197 4961 d
1215 4907 1316 4962 Caute.
1336 4906 1414 4959 Τοῦτο
1426 4903 1472 4957 οὐκ
1489 4902 1647 4976 ἔντρέποντος
1663 4905 1736 4976 μόνον
1750 4899 1817 4961 ἐστὶν,
1830 4890 1882 4948 llll

321 4990 369 5062 γάρ
385 5009 414 5062 ps
424 4990 506 5062 οὔριον
518 4987 629 5059 ἐποίησεν
642 4988 746 5061 ἇρετῆςς
1139 4990 1179 5043 καὶ
1194 4990 1339 5060 βιαζομένου
1359 4988 1419 5060 πρὸς
1438 4987 1535 5059 ἀρετὴν.
1557 4988 1582 5042 tl
1601 4986 1649 5059 γὰρ
1662 4979 1881 5059 spiritulibus

359 5089 374 5130 c
393 5072 462 5129 lbid.
488 5072 556 5126 Ἀλλ’
577 5073 665 5138 ubisit,
681 5072 764 5145 φησὶν,
783 5072 863 5145 ἥψατο
882 5074 979 5145 τέχνης,
1002 5071 1091 5146 piris
1140 5073 1222 5145 ρηοὶν·
1236 5070 1279 5125 οὒκ
1294 5066 1317 5124 εἴ
1331 5071 1418 5125 ἑαυτοῦ
1433 5071 1523 5142 κύριος.

323 5157 493 5230 ἀναγκάζοντα
507 5156 582 5229 ἔχων.
597 5154 693 5211 ἐπειδὰν
706 5153 783 5230 γὰρῇ
798 5156 878 5229 οὔριος
895 5155 992 5223 ἑαυτοῦ,
1007 5156 1090 5228 φησὶν,
1176 5172 1192 5211 e
1210 5154 1277 5212 lbid.
1297 5149 1378 5209 Ταῦτα
1397 5155 1424 5209 δὲ
1437 5153 1531 5227 ἔλεγεν,
1550 5151 1607 5226 οὗχὶ
1627 5152 1656 5206 τὸ
1672 5148 1815 5212 alcidae
1827 5142 1882 5196 bu·

323 5241 412 5307 δνέος,
430 5240 526 5313 μᾶλλον
539 5239 664 5313 αἱρήσεται
678 5242 768 5313 τρορᾷν
783 5237 808 5294 ἔν
826 5238 902 5313 ἀρχῆ,
925 5240 966 5293 καὶ
980 5239 1042 5311 πρὸς
1054 5243 1091 5312 τῷ
1142 5244 1202 5313 ρῶν,
1218 5243 1271 5295 ele.

322 5327 387 5381 τέλει
403 5324 477 5398 μυρία
487 5325 571 5379 παθεῖν
584 5323 616 5379 τὰ
628 5322 701 5394 guid,
716 5324 731 5394 ἡ
746 5316 992 5396 ταλαιπωρεῖσθαιέν
1006 5341 1091 5395 προοι-

350 5495 362 5539 i
377 5493 445 5543 lccr.
460 5505 490 5545 vt,
505 5494 538 5538 19.
