4122 6184
684 390 736 455 nr
755 386 930 471 mamis,
951 388 1024 455 nn.
1047 386 1085 470 rr,
1108 386 1191 453 cur.
1215 386 1238 453 r.
1737 394 1755 456 r

169 562 340 644 Seriptcms
370 568 539 642 numque
567 561 736 641 colligitur,
771 560 938 622 novenaria
988 559 1140 622 AEonibus
1160 560 1203 620 sic
1230 560 1385 636 meminit,
1410 572 1559 641 muqtram
1576 560 1757 622 substantie

168 672 293 718 somma
317 654 599 735 comprehenditur.
629 656 750 715 Primus
772 652 938 732 Dionysius
986 653 1048 714 sint
1058 650 1232 732 aliqum3ut
1241 670 1312 714 cum
1324 655 1367 714 ait
1378 652 1401 731 ⁸,
1415 671 1471 733 per
1480 654 1592 715 Filium
1604 652 1681 714 iacta
1690 670 1757 715 esse

167 764 284 809 norem
293 747 485 827 Angelorum
499 748 634 823 ordines,
644 753 675 807 et
687 746 801 825 gradis
809 745 936 807 distinc-
987 745 1110 806 succida.
1140 747 1219 805 Tum
1247 763 1321 806 vero
1349 747 1523 825 complures
1552 764 1590 806 ex
1621 746 1757 825 antiquis

167 846 212 917 te,
226 858 263 900 ac
279 839 405 901 definite
424 840 541 920 posuit3
565 838 658 918 idque
676 855 708 899 sa
731 837 770 898 ab
789 837 937 913 magistro
987 837 1193 898 eternitatem
1216 836 1285 897 Filii
1305 842 1412 898 contra
1430 838 1562 899 Arianm
1575 840 1755 916 asserentes,

169 949 239 1007 suo,
256 936 288 991 et
306 931 463 991 initiatore
478 930 616 991 didicisse
630 930 804 991 confirmat.
820 929 885 988 Htsi
899 928 938 990 de
987 936 1058 989 ante
1072 931 1177 990 omnia
1193 938 1248 1000 rot<
1257 936 1348 1001 αἰῶνας
1366 930 1529 991 fabricatos
1549 947 1614 991 esse
1627 931 1754 1006 dicunt;

168 1017 206 1082 iis
221 1028 345 1083 tantum
367 1022 526 1101 gradibus,
552 1028 582 1081 et
594 1020 775 1082 nominibus
793 1021 880 1100 loqui
905 1038 937 1081 se
986 1022 1085 1100 iisque
1113 1023 1207 1083 ctiam
1234 1022 1423 1082 anteriorem
1450 1040 1516 1083 essa
1543 1022 1665 1082 Filium.
1693 1024 1756 1085 Nee

169 1113 335 1192 significat,
359 1114 413 1193 qui
437 1115 505 1175 noti
526 1120 599 1174 sunt
619 1114 809 1187 hominibus,
825 1118 938 1190 prater
988 1114 1179 1192 Angelorum
1193 1120 1338 1175 naturam
1352 1130 1479 1175 omnem
1499 1114 1687 1191 intelligunt,
1703 1115 1757 1175 sed

168 1223 326 1284 quosesse
339 1205 416 1266 alios
428 1205 619 1266 demonstrat
631 1205 690 1266 soii
710 1205 773 1265 Deo
787 1205 937 1283 cognitus,
988 1212 1107 1266 eertum
1120 1224 1219 1285 genus
1232 1206 1439 1286 spiritualium
1451 1212 1676 1283 creaturarum,
1691 1207 1758 1286 qui-

166 1298 245 1359 dum
257 1298 303 1359 itu
313 1303 407 1378 eaput
417 1303 542 1359 sextum
552 1298 683 1358 orditam.
699 1297 939 1375 ‹Quotquidem
988 1296 1046 1357 bus
1068 1299 1251 1377 posteriores
1274 1298 1398 1383 iaciunt⁸
1412 1299 1556 1377 Angelos.
1576 1299 1665 1359 Hunc
1679 1299 1756 1360 adeo

164 1389 239 1467 sint,
253 1394 286 1451 et
296 1390 403 1469 quales
429 1389 647 1450 sublimiorum
661 1388 737 1449 coeio
751 1387 939 1449 substantia·
988 1389 1095 1468 primis
1106 1390 1247 1451 Ecclesiae
1255 1388 1448 1469 temporibus
1457 1407 1657 1451 communem
1665 1389 1757 1452 luisse

164 1499 238 1542 rum
252 1483 395 1543 ordines:
411 1488 443 1543 et
457 1481 722 1561 quamadmodum
736 1479 862 1541 iHorum
874 1480 940 1540 hie·
988 1499 1126 1552 sensum,
1141 1482 1191 1543 vel
1204 1501 1242 1542 ex
1254 1500 1291 1543 eo
1306 1482 1481 1560 conjectura
1491 1482 1538 1559 fit,
1554 1483 1638 1562 quod
1653 1488 1755 1543 vetus·

163 1573 294 1634 rarchiss
307 1572 585 1653 perficiantur,soli
594 1572 811 1635 iHisacrorum
824 1570 939 1650 prinei·
987 1573 1097 1633 tissimi
1118 1574 1255 1635 haretici
1276 1573 1432 1635 fabulosos
1458 1575 1531 1635 inde
1551 1592 1623 1635 suos
1641 1574 1757 1636 Ᾱῑοιιαε

163 1665 262 1744 patui,
292 1682 464 1746 perquem
485 1665 583 1725 divini
618 1664 710 1739 fiunt,
742 1670 848 1724 exacte
869 1663 938 1724 dico
988 1667 1218 1728 commentandi
1241 1667 1431 1727 occasionem
1454 1671 1664 1746 sumpserunt.
1679 1667 1757 1727 Vide

164 1765 496 1838 eneperspectumffiu
989 1776 1059 1837 quae
1084 1759 1123 1820 de
1143 1754 1295 1820 AEonibus
1317 1761 1510 1838 scripsimus,
1536 1777 1608 1821 eum
1634 1759 1673 1819 de
1700 1760 1757 1822 Dei

203 1850 322 1911 Auctor
349 1849 634 1914 connectendum
661 1844 938 1925 iaPsolmos¹,qui
988 1852 1158 1912 eternitate
1172 1851 1395 1931 disputavimus
1403 1848 1425 1913 ⁸.

165 1942 358 2022 Hieronymo
372 1942 598 2016 inscribuntur,
618 1954 733 2001 norem
750 1939 859 1999 itidem
871 1941 936 1998 An·
1026 1942 1116 2003 XIV.
1136 1945 1306 2020 Postremo,
1324 1944 1472 2024 quoniam
1485 1961 1524 2004 ex
1537 1942 1757 2005 traditionibus
1807 1950 1901 1997 aomina

164 2034 307 2114 gaiorum
322 2035 448 2096 ordines
457 2051 524 2095 esse
535 2033 617 2094 dicit.
630 2033 690 2094 Sed
699 2037 819 2093 nonest
832 2030 939 2091 Hiero-
988 2034 1189 2096 Hebraeorum
1202 2055 1300 2115 pauca
1314 2037 1456 2115 quaedam
1465 2036 1656 2113 Angelorum
1670 2055 1757 2097 voca·
1785 2005 1922 2102 officiorum

162 2129 254 2206 nymi
266 2144 346 2207 opus
356 2128 433 2189 iilud
445 2147 454 2202 ;
465 2143 650 2206 nequevero
659 2139 828 2186 numerum
841 2123 937 2183 istum
987 2124 1060 2186 bula
1075 2126 1215 2189 didicisse
1230 2128 1362 2188 Paulum
1373 2129 1583 2206 Hieronymus
1592 2127 1757 2188 arbitratus

163 2225 229 2280 tam
251 2225 336 2280 certo
355 2220 526 2281 affirmasse
546 2219 671 2279 ridetur
706 2217 934 2296 Hieronymus,
989 2224 1044 2294 est,
1066 2236 1130 2279 non
1141 2218 1260 2298 pigebit
1276 2238 1315 2280 ex
1334 2219 1517 2280 corumdem
1529 2220 1757 2281 commentariis

163 2311 218 2389 qui
240 2311 280 2372 de
306 2317 442 2390 qustrmr
464 2311 527 2371 illis
544 2309 724 2370 nominibus
737 2308 777 2368 ab
790 2310 937 2387 Apostolo
989 2309 1026 2371 de
1052 2329 1088 2371 ea
1112 2328 1146 2372 re
1171 2311 1315 2372 nonnihil
1342 2312 1500 2372 adnotare.
1530 2310 1640 2372 liecem
1661 2311 1758 2391 igitur

162 2405 344 2464 memoratis
357 2403 369 2437 ¹
383 2404 427 2464 ita
452 2402 616 2478 dubitarit,
645 2408 691 2473 ut,
704 2400 787 2461 unde
805 2400 937 2462 hae-cille
987 2401 1178 2481 Angelorum
1198 2403 1311 2482 gradrm
1337 2404 1468 2464 totidem
1490 2402 1649 2464 distinctos
1665 2423 1756 2466 voca-

163 2494 330 2567 didicisset,
351 2496 444 2557 anxie
465 2499 627 2574 quareret.
650 2495 839 2555 Nectemere
853 2494 936 2572 apud
987 2492 1069 2556 bulis
1096 2494 1239 2557 describit
1266 2497 1308 2557 R.
1335 2494 1434 2557 Moses
1460 2495 1522 2556 ben
1549 2494 1705 2558 Maiemon
1723 2498 1756 2558 in

162 2588 373 2667 antiquiorem
381 2589 530 2667 quuem‚
548 2587 663 2667 quique
676 2585 784 2665 primis
798 2586 936 2664 quinque
986 2587 1074 2644 tract.
1099 2583 1134 2645 de
1155 2583 1366 2645 Fbudomeott’s
1389 2583 1471 2667 lepti,
1485 2587 1585 2665 capite
1617 2602 1648 2647 11.
1677 2587 1758 2648 Sunt

163 2680 284 2740 mecho
306 2680 429 2753 vixerit,
457 2678 663 2740 novenarium
687 2676 771 2737 hune
789 2677 936 2737 ordinum
986 2680 1091 2737 autem
1113 2676 1164 2736 isti
1189 2680 1217 2739 l.
1239 2693 1330 2761 urps
1345 2692 1415 2746 nult
1435 2676 1579 2737 animalia
1596 2684 1707 2738 sancta.
1723 2678 1755 2740 2.

163 2788 335 2833 nummum
357 2773 510 2845 invenias,
535 2786 607 2833 cum
627 2770 770 2830 nondum
782 2774 937 2831 exstarent
986 2784 1099 2839 niuniu
1113 2776 1196 2830 rotoe.
1213 2771 1241 2830 3.
1260 2762 1378 2837 nabsan
1390 2767 1564 2850 proeuolidr'.
1578 2770 1608 2829 l.
1622 2760 1756 2839 othnam

163 2863 278 2944 scripta
292 2866 448 2944 Dionysii,
465 2883 485 2925 a
504 2882 566 2944 quo
579 2863 718 2943 primum
732 2861 783 2922 iile
796 2862 935 2941 proditus
984 2857 1097 2921 ebeno.
1106 2862 1136 2922 5.
1146 2860 1429 2943 nrbtheroplrim,
1441 2860 1621 2921 ardentesd.
1631 2852 1754 2931 ntcnbm

163 2961 218 3017 est.
233 2958 318 3030 Quos
330 2956 457 3036 quidem
470 2957 567 3017 libros
578 2974 619 3017 ne
635 2956 700 3034 ipsc
716 2955 842 3033 quidem
856 2956 933 3015 tire·
983 2951 1308 3029 Angeliidestuuntii.
1318 2954 1348 3013 l.
1360 2943 1573 3020 machamati.
1584 2944 1682 3020 :tibba
1693 2968 1754 3032 πῃ,

162 3050 269 3127 gorius
292 3049 378 3129 Papo
404 3049 531 3127 legerat,
555 3049 610 3126 qui
630 3064 682 3108 eos
701 3046 783 3107 citat.
800 3047 878 3107 Nam
890 3048 934 3108 sio
983 3038 1062 3102 Filii
1073 3042 1213 3118 Beatum,
1226 3046 1254 3105 9.
1264 3058 1383 3117 niati),
1394 3040 1563 3105 cremum.
1581 3044 1630 3104 itl.
1643 3058 1754 3125 usurp,

162 3158 272 3201 eorum
297 3140 451 3217 meminit,
475 3146 510 3200 ut
531 3158 570 3201 ex
589 3136 723 3199 alitum
736 3138 931 3209 fidereierat,
984 3133 1053 3194 uiri.
1085 3136 1160 3208 Qua
1179 3135 1308 3196 nomina
1332 3133 1426 3195 variis
1448 3152 1466 3195 e
1488 3134 1654 3215 Scripturas
1667 3137 1752 3209 locis,

162 3232 247 3311 quod
264 3233 340 3292 inde
360 3233 493 3311 promit:
523 3232 671 3300 «Fertur,
685 3230 799 3309 iuquit,
813 3230 931 3310 Diony·
983 3225 1119 3287 maxime
1151 3226 1375 3306 Prophetarum
1415 3239 1563 3305 usurpata
1595 3233 1679 3290 sunt.
1714 3228 1755 3289 Ea

162 3325 227 3383 sius
239 3323 437 3403 Areopagita,
460 3324 606 3402 antiquus
625 3321 776 3388 videlicet,
793 3326 823 3381 et
835 3339 933 3383 vene·
983 3334 1076 3395 porro
1087 3316 1272 3379 scholiastes
1295 3320 1338 3378 ita
1359 3317 1512 3379 declarat:
1528 3318 1668 3380 Primum
1681 3320 1755 3381 Ani·

161 3415 268 3476 rabilis
301 3421 391 3495 pater
423 3416 544 3483 dicere,
579 3414 663 3494 qsrod
697 3431 736 3474 ex
775 3413 933 3474 minorum
983 3408 1075 3469 maiia
1089 3414 1204 3483 sanem,
1218 3409 1251 3470 id
1265 3414 1311 3470 est
1322 3409 1444 3485 bestias,
1468 3408 1527 3470 diei
1539 3427 1578 3470 ex
1589 3408 1754 3473 Ezechielis

162 3508 356 3587 Angelorum
381 3508 557 3586 agminibus
582 3506 664 3568 toras
688 3506 728 3566 ad
745 3506 933 3585 explendum
983 3500 1186 3563 vaticiniozet
1200 3500 1754 3582 animaliaquidem,quodhestiarum

161 3600 373 3660 ministerium
391 3600 442 3659 vel
471 3598 645 3674 visibiliter,
673 3598 722 3659 vel
741 3598 933 3659 invisibiliter
976 3593 1084 3671 specie
1100 3600 1262 3673 conspecta
1276 3595 1348 3668 siut,
1364 3612 1429 3654 non
1447 3593 1623 3670 humana⁸3
1638 3596 1683 3657 uti
1699 3614 1753 3676 pe-

161 3692 343 3752 mittuntur.
366 3713 383 3749 s
409 3692 561 3771 Plerique,
580 3694 616 3751 ut
626 3691 701 3758 dixi,
715 3696 857 3751 veterum
872 3708 932 3749 nu·
983 3685 1071 3745 riade
1080 3685 1120 3745 ab
1128 3686 1181 3747 Dei
1192 3686 1350 3764 maJ‘estate
1364 3685 1477 3747 distare
1490 3687 1625 3764 Angelos
1637 3688 1752 3750 intelli-

160 3798 287 3844 merum
313 3802 378 3843 non
401 3783 574 3857 deliniunt3
603 3800 638 3843 ac
658 3781 804 3843 ridentur
817 3781 932 3841 horum
982 3794 1102 3855 gamus,
1127 3775 1224 3857 'atque
1250 3778 1290 3839 ab
1315 3776 1452 3838 hominis
1473 3777 1595 3855 bestias,
1614 3779 1664 3839 rel
1680 3794 1752 3849 nitu

160 3876 259 3955 aliqui
276 3877 360 3936 inter
384 3875 545 3953 Angelicos
564 3874 687 3936 ordines
709 3882 765 3943 τοὺς
779 3880 868 3943 αἰῶνας
882 3891 932 3934 re·
982 3869 1140 3947 appeHari,
1168 3870 1252 3948 quod
1274 3871 1371 3931 citam
1384 3871 1417 3929 in
1432 3868 1580 3931 inferiora
1598 3871 1749 3936 damnent.

159 3968 253 4039 ferre,
280 3973 316 4027 ut
343 3968 483 4046 Ignatius
506 3966 574 4027 loco
600 3983 649 4041 co,
677 3982 771 4044 qrrcm
792 3964 933 4043 superius
984 3959 1096 4021 Sancta
1123 3979 1217 4040 porro
1244 3961 1460 4037 nominantur,
1496 3962 1570 4041 quia
1591 3965 1752 4026 sanctitate

159 4058 668 4134 adduximus,ubiinrecenscndis
679 4056 748 4116 aliis
757 4056 930 4134 ordinibus,
981 4052 1107 4132 reliquis
1116 4054 1265 4114 eminent.
1291 4052 1436 4114 Botorum
1459 4071 1574 4115 nomen
1589 4072 1627 4115 ex
1642 4057 1752 4118 eodem

159 4149 727 4231 ordinumqueproprietatibtrs,atdsos
743 4157 933 4228 μεγαλειότητα
982 4144 1133 4224 Propheta
1144 4147 1292 4214 manavit,
1309 4150 1563 4207 autcerteavoce
1579 4164 1650 4221 0th
1660 4150 1752 4230 facies

76 4236 79 4240 ’
123 4241 276 4321 ·posuit.
981 4236 1091 4311 oritur,
1107 4256 1176 4316 quas
1196 4236 1382 4309 bonoculum,
1404 4243 1435 4297 et
1453 4238 1640 4318 spectabilem
1659 4238 1751 4321 signi-

87 4320 94 4331 ’
199 4334 284 4394 ΧΙΙῙ.
300 4334 478 4400 Quinetiam
502 4332 636 4393 Hilarius
650 4331 684 4391 in
701 4331 836 4391 seeundo
851 4331 931 4392 libro
980 4327 1061 4388 ficut.
1078 4330 1217 4390 Tertium
1233 4347 1348 4390 nomen
1363 4322 1481 4399 orbum
1495 4330 1637 4393 crlsnioe
1649 4350 1749 4413 mrsu,

158 4426 272 4487 eodem
285 4444 378 4486 sensu
400 4431 431 4486 et
448 4424 623 4487 semlerum
639 4441 757 4485 nomen
768 4442 932 4503 usurpasse
981 4423 1013 4496 ¹1,
1025 4420 1079 4480 ubi
1093 4421 1261 4482 Hebraieus
1270 4427 1431 4483 contextus
1443 4440 1513 4483 eam
1522 4440 1630 4484 vocem
1643 4425 1747 4505 habet,

157 4518 297 4594 videtur,
317 4535 389 4579 cum
411 4517 450 4578 de
478 4515 630 4577 ineffabili
649 4516 849 4594 generatione
863 4515 931 4576 Filii
980 4530 1076 4591 quam
1097 4514 1235 4574 euntium
1264 4514 1518 4593 interpretantur.
1541 4516 1693 4589 Quartum
1711 4538 1749 4581 er

157 4608 318 4688 loquitur:
337 4610 438 4688 «Ego,
455 4608 566 4687 inquit,
581 4607 696 4675 nescio,
713 4625 777 4667 non
790 4607 928 4685 requiro,
979 4602 1147 4665 Ezechielis
1161 4606 1186 4678 l,
1208 4623 1253 4673 rr.
1277 4606 1358 4684 quod
1383 4606 1522 4667 electrum
1541 4609 1650 4687 Greci,
1667 4612 1750 4672 Lati·

157 4699 382 4761 etcousoiabor
395 4707 571 4761 meismes.
582 4698 766 4777 Archangeli
775 4698 928 4776 nesciunt,
980 4696 1075 4775 nique
1095 4702 1231 4773 vertunt,
1251 4696 1376 4757 Hebraei
1389 4698 1524 4759 colorem
1543 4700 1745 4780 flammeum3

156 4792 271 4870 Acgeii
298 4809 363 4851 non
388 4792 564 4866 audierunt,
593 4791 704 4852 sucula
725 4808 790 4851 non
809 4796 928 4863 tenent,
979 4788 1140 4867 proprium
1153 4808 1227 4850 vero
1240 4789 1379 4868 Angelici
1393 4790 1510 4851 ordinis
1519 4810 1593 4862 esse,
1612 4794 1647 4855 H.
1664 4796 1748 4857 Seio

157 4884 318 4962 Propheta
334 4901 398 4943 nou
418 4883 523 4955 sensit,
543 4883 706 4963 Apostolus
718 4900 784 4942 non
796 4882 928 4942 interro·
979 4880 1074 4957 moh,
1095 4887 1127 4941 et
1153 4882 1294 4942 Kimbius
1316 4881 1430 4943 ibidem
1455 4884 1576 4945 docent.
1597 4887 1745 4959 Quintum

155 4975 254 5052 gavit,
281 4975 376 5035 Filius
398 4975 463 5053 ipsc
490 4992 556 5034 non
578 4973 683 5035 edidit.
705 4995 720 5031 »
746 4973 823 5034 Huic
836 4992 929 5054 porro
979 4972 1063 5051 apud
1076 4972 1188 5034 isaiam
1203 4979 1301 5035 exstat
1313 4975 1411 5054 capite
1425 4992 1469 5035 rr.
1486 4977 1615 5040 Sextum
1629 4998 1745 5043 nomen

156 5065 263 5126 locum
278 5066 417 5147 opinioni
431 5064 504 5127 dare
517 5065 618 5147 potuit
633 5065 809 5147 Apostolus,
824 5065 878 5144 qui
891 5064 929 5127 de
979 5062 1122 5146 Angelus,
1139 5084 1209 5127 cum
1228 5066 1267 5127 sit
1283 5060 1417 5145 generis,
1431 5068 1471 5128 ad
1483 5070 1617 5149 speciem
1627 5092 1746 5135 arcum·

1815 2070 1827 2101 s
1843 2058 1910 2103 raico.

192 5284 216 5325 a
235 5271 314 5327 Dior.
331 5285 393 5340 cap.
417 5285 446 5324 vr
463 5268 500 5325 de
521 5268 591 5326 Goel.
615 5273 695 5325 Hier.
718 5267 791 5322 Ὅσοι
806 5269 849 5341 μέν
865 5268 926 5331 εἰσι,
977 5268 1043 5331 ὅπως
1057 5267 1082 5320 αἱ
1091 5267 1146 5323 κατ’
1161 5266 1248 5329 airobc
1259 5264 1379 5343 ἱεραρχῖαι
1394 5268 1529 5340 retorna,
1551 5273 1744 5347 puchritudine

155 5353 198 5406 zai
226 5347 276 5406 aior
296 5359 344 5406 τῶν
371 5351 659 5425 manumisissent
682 5352 706 5406 oi
728 5354 868 5424 tricorpor,
889 5350 929 5404 usi
978 5350 1064 5404 εἰδέναι
1078 5352 1140 5423 φημὶ
1154 5349 1322 5420 mibanatis
1337 5348 1417 5407 cirta
1432 5353 1599 5427 τελεταρχῖαν.

182 5491 285 5598 mss.
298 5505 372 5543 nan,
386 5488 474 5535 naas
487 5498 509 5534 α
522 5492 558 5535 rs.
571 5476 679 5541 a11,io.
693 5491 749 5537 m-
765 5490 823 5535 tao
833 5503 880 5545 αμ.
894 5501 900 5533 ι
914 5489 979 5545 episi.
989 5491 1018 5533 aa
1028 5492 1110 5543 spn-
1121 5491 1135 5534 s
1146 5490 1197 5545 esp.
1211 5490 1258 5535 ras
1274 5492 1459 5537 aem-arom.
1470 5491 1488 5541 l.
1501 5492 1516 5535 r.
1529 5491 1570 5546 ru,
1584 5504 1605 5538 α.
1615 5505 1638 5548 v,
1650 5505 1673 5538 α.
1685 5498 1742 5540 c.-

255 5587 261 5596 .
274 5565 303 5598 Π.
