4122 6184
690 325 741 386 DE
760 323 935 398 ANGELIS,
949 322 1022 386 LlB.
1040 322 1078 396 ll,
1097 322 1180 384 ele.
1195 322 1274 384 Vlll.
1732 321 1768 382 st

181 487 249 567 ejus
259 498 314 549 est.
343 491 388 551 De
407 490 579 570 civitatum,
594 510 631 552 ac
644 491 833 572 populorum
846 495 953 571 praesi-
1044 489 1182 552 Isidorus
1209 488 1303 551 etiam
1338 488 1529 569 Hispalensis
1563 487 1643 549 libro
1670 486 1773 566 primo

182 579 274 640 dibus
287 583 354 661 agit
370 583 477 645 multis
499 586 533 646 in
551 588 662 665 quarto
678 591 777 646 eontra
797 583 955 645 lulianum
1005 580 1135 644 Smteuc.
1152 582 1250 661 capite
1272 598 1315 643 xa
1329 587 1360 642 et
1377 581 1514 659 singulas
1528 584 1634 660 gentes
1649 597 1773 658 priapo·

183 672 333 751 (tyrillus.
1004 674 1078 734 sitos
1090 673 1205 734 babere
1224 674 1359 752 Angelos
1373 673 1427 749 ait,
1445 679 1476 734 et
1493 672 1636 734 homines
1653 689 1773 746 amnes,

224 766 279 826 ill.
289 768 336 827 Ex
349 768 466 829 Latinis
484 788 569 845 vero,
589 769 777 850 populorum
795 769 967 849 praeieetos·
1004 766 1114 839 iisdem
1129 766 1384 846 Scripturaelocis
1397 766 1535 843 innixus,
1552 764 1775 844 quiasuperius

183 858 319 937 Angelos
366 868 549 941 agnoscunt,
600 861 735 922 Hilarius
785 862 818 921 in
864 860 954 923 Psal·
1005 857 1201 918 adduximus.

183 967 266 1009 raum
289 968 397 1029 cxxix,
415 953 470 1014 ubi
494 955 697 1034 Septuaginta
724 955 909 1034 interpretas
921 954 955 1014 in
1044 951 1086 1010 X.
1104 946 1247 1011 Ceterum
1261 966 1333 1010 oum
1347 963 1455 1009 omnes
1475 947 1537 1024 isti,
1552 949 1675 1029 aliique,
1698 966 1776 1028 quos

182 1038 274 1102 Masis
292 1042 419 1106 Cantica
432 1048 585 1127 sequitur,
608 1047 863 1125 Hieronymusin
876 1047 955 1109 Eze-
1005 1042 1188 1116 omittimus,
1227 1042 1342 1116 Patres,
1379 1041 1432 1101 illa
1461 1040 1555 1101 Masis
1585 1042 1619 1102 in
1654 1040 1776 1105 Curetim

183 1131 284 1194 odietis
311 1142 405 1216 caput
430 1156 538 1214 suurn,
567 1157 606 1200 ex
629 1138 751 1200 daniele
777 1139 895 1207 itidem,
926 1144 957 1200 et
1004 1133 1155 1195 rerbasic
1170 1134 1468 1196 exGraecaeditioue
1481 1133 1612 1211 capiant,
1626 1139 1777 1213 tanquam

182 1224 405 1290 Meronomii
425 1231 576 1306 Cantico;
598 1232 655 1292 etsi
670 1231 874 1291 Hebraeorum
894 1230 955 1292 lec·
1005 1227 1196 1305 Angelorum
1225 1245 1281 1307 per
1305 1227 1447 1287 nationes
1481 1225 1582 1286 officia
1614 1226 1777 1287 distributa

183 1318 302 1380 tionem
322 1322 435 1383 Graecis
454 1323 613 1384 codicibus
638 1324 673 1383 in
700 1324 869 1403 posteriore
895 1323 956 1384 hoe
1005 1317 1077 1393 sint,
1109 1319 1233 1380 difficile
1255 1324 1300 1379 est
1327 1324 1432 1380 tamen
1457 1336 1567 1380 eornm
1590 1320 1776 1380 sententiam

183 1408 251 1470 loeo
264 1412 419 1491 praeferat.
444 1418 487 1475 At
505 1416 540 1475 in
562 1415 794 1477 commentariis
811 1415 851 1475 ad
865 1416 956 1494 septi·
1005 1428 1171 1490 exponere.
1186 1412 1266 1472 Nam
1282 1412 1356 1490 quid
1376 1412 1434 1472 sibi
1453 1411 1510 1472 ista
1523 1411 1643 1487 volunt,
1664 1408 1777 1472 Consti·

182 1519 271 1562 mum
281 1503 427 1581 Daniele,
438 1508 577 1568 Graecam
586 1508 721 1582 asciscit;
738 1512 769 1568 et
782 1508 953 1583 «Quatuor,
1004 1501 1091 1563 tumre
1102 1502 1196 1565 Deum
1210 1508 1348 1565 terminos
1365 1502 1557 1584 populorum,
1567 1507 1663 1582 juata
1677 1521 1776 1563 uome-

181 1593 294 1673 inqnit,
309 1603 420 1659 uentos
433 1599 504 1660 aoeli
515 1606 648 1679 quatuor
655 1600 789 1661 arbitror
802 1599 956 1678 angelieas
1004 1613 1071 1655 rum
1092 1595 1273 1677 Angelorum
1292 1595 1352 1657 Dei
1361 1594 1375 1656 l
1392 1598 1441 1656 An
1470 1596 1574 1675 plures
1587 1595 1699 1675 Angeli
1712 1613 1776 1656 non

180 1693 358 1766 potestates,
388 1691 503 1770 quibus
539 1692 723 1772 principalia
748 1709 845 1771 regna
873 1710 956 1753 com·
1004 1692 1088 1755 sunt,
1104 1707 1199 1767 quam
1212 1688 1391 1768 popidi,vel
1404 1688 1559 1764 regiones,
1584 1692 1640 1748 aut
1653 1690 1776 1768 provin·

181 1779 461 1861 mssasuntjuxta
479 1784 567 1859 illud,
583 1785 667 1864 quod
684 1785 718 1845 in
731 1783 956 1844 Deuteronomio
1005 1779 1081 1842 ciae?
1109 1780 1257 1858 Origenes
1285 1780 1413 1860 quidem
1437 1780 1517 1840 libro
1544 1780 1653 1859 quinto
1675 1787 1774 1842 eontra

181 1870 338 1950 legirmm
362 1874 482 1950 Quando
498 1875 648 1937 dividebat
668 1875 835 1937 Altissimar
847 1884 953 1957 pentes,
1007 1868 1133 1948 Celsum,
1157 1873 1355 1952 partitionem
1375 1872 1459 1932 illam
1480 1871 1680 1951 populorum,
1705 1891 1775 1951 quae

181 1965 300 2043 quando
321 1966 478 2047 separabat
503 1967 582 2048 filios
603 1966 711 2040 Adam,
727 1967 881 2029 coustituit
895 1977 955 2029 ter·
1004 1980 1062 2041 pro
1089 1982 1222 2025 numero
1259 1965 1450 2043 Angelorum
1477 1965 1618 2024 instituta
1651 1963 1773 2042 dicitur,

182 2057 278 2116 minoe
289 2059 471 2139 populorum
485 2064 582 2138 juata
602 2078 757 2121 numerum
775 2059 955 2139 Angelorum
1004 2054 1099 2116 refert
1113 2056 1151 2115 nd
1178 2074 1247 2117 eam
1272 2057 1452 2136 linguarum
1479 2055 1673 2129 divisionem,
1703 2075 1773 2136 quea

183 2146 252 2209 Dei.
266 2171 283 2206 n
314 2151 353 2211 Et
366 2150 406 2212 ad
432 2152 572 2231 primum
602 2152 755 2213 Zachariae
781 2153 952 2232 propbctae,
1007 2145 1142 2208 Geneseos
1155 2149 1320 2209 undecimo
1335 2150 1434 2228 capite
1448 2155 1651 2223 memoratur,
1666 2147 1698 2209 in
1712 2168 1776 2227 qna

182 2258 366 2320 regnorum,
393 2262 430 2304 ac
458 2245 620 2306 nationum
650 2244 796 2325 presides
822 2246 955 2324 Angelos
1004 2239 1075 2300 duae
1094 2246 1125 2301 et
1144 2243 1340 2320 septuaginta
1357 2241 1483 2320 baguae,
1499 2241 1690 2319 totidemque
1710 2241 1774 2320 pri-

184 2341 419 2397 oommemorat.
447 2338 564 2398 Rursus
585 2337 625 2398 ad
653 2336 741 2399 Isaiae
760 2341 852 2415 caput
885 2354 954 2398 unu
1003 2332 1132 2411 migenii
1155 2334 1263 2412 populi
1288 2333 1447 2395 numerari
1474 2332 1585 2393 solent.
1617 2332 1678 2393 Sed
1705 2334 1774 2412 quis

184 2426 320 2502 Angelos
333 2427 377 2487 ait
390 2450 402 2484 r
415 2435 507 2489 terrae
520 2428 723 2489 bradamenta
735 2434 890 2507 portares
908 2431 954 2490 Ac
1002 2422 1091 2497 terat,
1107 2443 1172 2485 non
1183 2426 1288 2505 plures
1301 2426 1362 2487 dici
1375 2426 1520 2503 Angelos,
1535 2442 1631 2504 quam
1649 2431 1773 2504 septua-

184 2517 330 2578 nonnulli
340 2518 436 2580 rerba
446 2519 500 2580 illa
511 2519 582 2581 lobi
590 2537 632 2581 rx.
648 2521 698 2580 ll.
726 2518 791 2581 Sub
813 2539 870 2600 quo
888 2539 954 2582 cur·
1002 2517 1091 2594 ginta
1104 2517 1207 2579 duos?
1221 2521 1280 2594 An,
1305 2525 1341 2579 ut
1354 2519 1504 2598 praecipui
1527 2517 1654 2596 qaudam
1667 2519 1775 2597 papuli

184 2616 304 2682 uantur,
319 2616 375 2691 qui
396 2618 520 2691 portant
543 2611 652 2685 orbern,
667 2612 705 2672 de
720 2612 847 2691 Angelis
860 2613 952 2674 intel-
1002 2610 1228 2688 significantur,
1253 2612 1296 2671 sic
1323 2612 1417 2672 etiam
1451 2611 1537 2685 certi,
1563 2628 1599 2670 ac
1626 2612 1774 2691 praecipui

182 2699 295 2779 ligant,
306 2704 363 2782 qui
374 2703 530 2764 mundum
539 2703 767 2776 administrant,
783 2722 818 2766 ao
827 2711 950 2784 regunt,
1002 2701 1193 2781 intelligendi
1218 2709 1292 2765 sunt
1314 2703 1442 2783 Angeli;
1472 2703 1586 2782 quibas
1613 2702 1775 2782 peculiaris

182 2795 267 2872 quod
276 2804 397 2875 portare
410 2796 534 2872 dieitur,
549 2802 585 2856 ut
595 2796 685 2858 Hebr.
700 2796 812 2875 primo,
826 2797 953 2859 Portam
1003 2800 1048 2855 est
1058 2795 1183 2856 illorum
1193 2795 1458 2858 auracommissal
1469 2795 1679 2874 Hieronymus
1692 2801 1774 2857 carte

181 2887 279 2947 onnia
293 2886 378 2947 umbo
392 2888 515 2948 uirtutis
537 2906 608 2950 sua.
628 2888 806 2949 Victorinus
828 2908 952 2969 quoque
1002 2885 1037 2946 in
1049 2885 1183 2949 Danielis
1196 2888 1363 2968 septimum
1370 2891 1473 2966 caput,
1492 2908 1507 2942 a
1518 2892 1652 2965 quatuor
1665 2891 1774 2948 ventos

183 2976 378 3039 Pictariensis
386 2978 684 3058 quatuorAngelos¹,
694 2980 748 3060 qui
757 2998 813 3060 per
823 2981 951 3042 totidem
1003 2979 1083 3053 omli,
1107 2980 1161 3059 qui
1183 2980 1370 3060 aPropbeta
1383 2983 1678 3055 commemorantur,
1696 2997 1772 3057 qua-

180 3071 312 3149 sngulos
333 3077 427 3132 terrae
449 3071 604 3133 distributi
624 3072 772 3151 leguntur
785 3073 819 3132 in
831 3074 951 3153 Apoea-
1002 3075 1074 3131 tuor
1091 3072 1259 3133 arbitratur
1282 3072 1436 3151 angelicas
1453 3076 1635 3151 potestates,
1661 3071 1774 3149 quibus

181 3160 252 3243 lysi,
274 3181 313 3224 eo
327 3165 485 3244 pertinere
505 3168 614 3243 putat;
636 3164 722 3243 quod
738 3185 753 3223 a
767 3166 851 3225 omni
865 3166 952 3244 genti
1003 3162 1185 3242 principalia
1209 3182 1305 3242 regna
1330 3163 1493 3224 commissa
1516 3168 1600 3238 sunt,
1629 3163 1714 3242 quod
1740 3164 1774 3225 in

178 3256 285 3316 alteo
308 3256 477 3335 deputatus
502 3263 547 3316 est
573 3257 719 3335 Angelus,
752 3255 831 3317 sicut
853 3257 948 3319 dicit:
1002 3252 1222 3316 Deuteronomio
1246 3256 1406 3334 legimus»
1437 3273 1494 3317 :aa
1508 3255 1600 3318 Mosis
1619 3272 1636 3316 e
1656 3256 1773 3317 cantico

177 3344 355 3409 Statuiteos
374 3366 464 3429 super
477 3366 631 3409 numerum
645 3347 826 3428 Angelorum
850 3348 946 3411 Dei.»
1001 3345 1095 3407 verba
1108 3346 1161 3407 illa
1175 3347 1310 3426 subjicit.

216 3439 363 3501 Rudinus
376 3442 410 3502 ia
424 3438 597 3521 Symbolum
611 3438 828 3519 Apostolorum,
849 3443 949 3503 alite·
1042 3438 1093 3499 Sia
1100 3440 1291 3519 Epiphanius
1300 3438 1469 3501 haeresin’¹
1482 3439 1617 3519 Angelos
1626 3446 1771 3519 quatuor,

177 3531 257 3607 nim,
268 3531 322 3609 ait,
340 3538 376 3593 ut
389 3532 524 3594 breviter
537 3533 741 3613 aliquaetiam
754 3533 792 3595 de
805 3534 948 3595 secretio-
1001 3548 1079 3609 quos
1092 3530 1125 3591 in
1138 3531 1320 3613 Apocalypsi
1322 3533 1338 3593 l
1341 3550 1457 3593 oannes
1471 3529 1643 3604 describit³,
1658 3533 1773 3613 quique

176 3624 265 3684 ribus
288 3625 546 3705 perstringamus,
571 3624 611 3684 ab
636 3624 725 3684 initio
751 3624 842 3701 Deus,
877 3644 950 3687 cum
1001 3622 1040 3682 ad
1052 3623 1242 3702 Euphratem
1255 3624 1349 3686 fuisse
1367 3624 1523 3702 dicuntur,
1538 3624 1686 3705 praesides
1700 3625 1773 3686 toti-

175 3715 299 3777 ieaisset
320 3715 487 3792 mundum,
512 3715 649 3796 praefecit
668 3716 709 3790 ei,
731 3721 762 3776 et
783 3719 952 3797 praeposuit
1001 3714 1073 3775 dem
1099 3715 1263 3776 nationum
1289 3716 1523 3796 interpretatur,
1558 3717 1770 3795 Assyriorum,

177 3809 329 3886 quasdam
340 3809 495 3869 virtutum
507 3809 675 3869 coelestium
688 3813 864 3888 potestates,
880 3812 949 3888 qui·
1000 3805 1256 3885 Babyloniorum,
1281 3808 1455 3881 Medorum,
1478 3814 1570 3888 atque
1593 3809 1770 3871 Persarum.

177 3900 237 3959 bus
261 3906 434 3979 rffleretur,
463 3906 495 3961 et
520 3901 750 3980 dispensaretur
769 3900 951 3962 mortalium
1000 3898 1049 3959 An
1062 3898 1166 3977 plures
1178 3899 1289 3977 Angeb
1306 3900 1436 3978 singulis
1449 3901 1572 3980 populis
1590 3900 1770 3980 praesident,

177 4009 288 4071 genus.
319 3990 410 4058 Quod
433 3992 477 4053 ita
502 3991 618 4052 iactum
641 3993 741 4052 Moses
768 3991 883 4053 indicat
915 3994 949 4054 in
993 3994 1032 4050 -et
1043 3990 1205 4050 turmatim
1219 3990 1265 4051 illi
1282 4009 1339 4070 pro
1353 3992 1542 4071 populorum
1555 4009 1770 4072 numeropar·

178 4083 404 4145 Deuterortomii
426 4082 559 4159 Castico,
584 4083 639 4144 ubi
653 4082 749 4143 dioit:
777 4081 851 4144 Cum
865 4082 949 4146 diui·
999 4081 1049 4141 titi
1072 4081 1167 4142 sunt?
1187 4082 1272 4143 Nihil
1295 4083 1408 4143 bonam
1427 4089 1482 4159 est,
1514 4083 1548 4144 in
1566 4101 1627 4162 quo
1647 4084 1771 4146 animus

177 4175 258 4238 deret
271 4176 405 4237 excelsus
416 4181 525 4255 pentes,
545 4176 652 4236 statuit
668 4174 807 4235 laminas
819 4177 950 4255 gentium
999 4173 1180 4252 acquiescat.
1193 4174 1254 4235 Sed
1267 4192 1369 4253 neque
1387 4175 1527 4254 Gregorii
1535 4176 1630 4254 Papae
1640 4172 1650 4207 ⁸
1660 4175 1771 4255 proba·

177 4267 333 4329 mudum
348 4286 504 4328 numerum
517 4265 696 4348 Angelorum
711 4266 769 4328 Dei
771 4312 777 4327 .
794 4287 810 4324 n
998 4265 1069 4326 bilis
1082 4271 1128 4326 est
1136 4266 1225 4333 ratio,
1236 4267 1290 4345 qrri
1300 4272 1423 4328 tantum
1432 4267 1597 4328 bominum
1609 4268 1642 4327 in
1657 4269 1770 4330 caelum

218 4361 399 4421 Paschasius
423 4361 499 4420 item
525 4360 697 4421 Radbertus
720 4358 857 4437 singulos
879 4379 951 4440 pro·
999 4359 1174 4435 madere,
1206 4364 1365 4438 aquantos
1399 4360 1461 4421 illio
1491 4361 1620 4438 contigit
1658 4361 1770 4423 electos

179 4454 301 4529 dariis,
324 4452 491 4532 regnisque
511 4452 642 4530 singulis
663 4468 795 4530 praesse
818 4451 946 4514 scribit:
998 4451 1133 4526 Angelos
1155 4452 1338 4513 remansisse
1361 4472 1392 4529 n,
1414 4470 1452 4513 er
1475 4452 1698 4514 deuteronomii
1708 4453 1769 4515 illis

184 4545 299 4605 «Noni
312 4545 454 4619 dubiam,
473 4543 527 4619 ait,
543 4561 608 4604 essa
627 4544 729 4620 credo,
746 4547 777 4604 et
789 4561 828 4603 ex
841 4550 947 4604 aucto-
998 4543 1100 4604 verbis
1118 4544 1247 4623 colligit3
1263 4549 1413 4624 tanquam
1434 4546 1532 4607 Moses
1552 4545 1680 4623 dixerit,
1695 4546 1768 4608 defi·

180 4638 270 4698 ritate
299 4636 477 4697 divinarum
515 4635 744 4716 Scripturarum
776 4634 945 4713 firmatum,
998 4636 1112 4713 nitum,
1138 4654 1174 4696 ao
1198 4637 1402 4699 terminatum
1421 4655 1486 4699 esse
1504 4638 1670 4698 hominum
1688 4638 1767 4700 elea·

179 4729 314 4808 Angelos
335 4731 371 4790 in
400 4728 571 4789 ministerio
592 4745 656 4789 esse
683 4727 799 4807 positos
826 4745 945 4805 eoram,
999 4734 1104 4789 tarum
1122 4746 1292 4789 nnmerum
1311 4730 1667 4791 secundumnumerum
1684 4730 1766 4792 elec-

179 4823 233 4901 qui
247 4821 458 4883 haereditatem
472 4820 628 4900 accepturi
649 4820 710 4879 sint
723 4825 847 4880 aeternae
864 4822 946 4897 vitae,
998 4825 1102 4881 tarium
1121 4821 1333 4909 Angelorum:
1372 4823 1421 4883 aui
1447 4840 1551 4895 nemo,
1578 4827 1614 4883 ut
1642 4822 1763 4902 opinor,

181 4921 216 4974 nt
233 4914 349 4993 singuli
367 4932 423 4993 per
436 4912 573 4991 singulas
585 4912 800 4992 principentur
818 4915 947 4992 provin·
997 4914 1190 4974 assentietur.

181 5007 253 5082 cias,
266 5006 438 5085 velregna,
454 5006 488 5064 in
509 5010 642 5079 tantum,
668 5009 704 5063 nt
717 5004 810 5064 etiam
833 5004 948 5083 singuli
1038 5004 1091 5064 XI.
1104 5005 1175 5065 lam
1188 5023 1262 5065 vero
1272 5024 1361 5067 suam
1372 5005 1457 5067 illam
1467 5007 1500 5068 in
1508 5007 1762 5087 populoscuram.
1808 5056 1919 5108 Quam

182 5115 252 5157 suos
271 5098 408 5158 babeant
433 5096 577 5175 Angelos,
604 5096 739 5156 maxime
762 5096 816 5175 qui
841 5115 860 5156 a
886 5098 949 5157 Deo
997 5115 1033 5157 aa
1066 5097 1294 5176 providentiam
1321 5104 1437 5178 quanto
1472 5100 1573 5161 studio
1603 5104 1764 5168 exerceant
1796 5110 1931 5164 populorum

182 5190 388 5269 praedestinati
424 5193 509 5263 sunt,
545 5205 679 5266 quorum
710 5187 871 5249 baereditas
904 5193 950 5249 est
998 5189 1118 5268 Angeli,
1134 5208 1172 5250 ex
1186 5190 1310 5252 Daniele
1330 5191 1526 5273 potissimum
1547 5192 1762 5270 lieetcognos-
1821 5175 1903 5270 ltili

182 5279 605 5362 oeoemaerdoepromissiom
998 5299 1085 5357 cere;
1113 5283 1168 5362 qai
1196 5283 1322 5345 illorum
1348 5302 1469 5365 pugnas
1482 5284 1588 5359 etiam,
1617 5289 1648 5344 et
1667 5286 1763 5345 ecda-
1817 5276 1904 5323 ΨΜ·

1 5517 2 5578 1
207 5475 256 5521 tia
267 5475 324 5521 Con.
337 5476 364 5520 to
377 5472 468 5529 moal.
478 5492 506 5505 -
515 5469 530 5515 t
539 5469 605 5519 Num.
617 5468 652 5516 at.
662 5493 690 5504 -
700 5470 715 5515 a
726 5470 777 5527 Cap.
791 5481 818 5519 rr.
833 5470 865 5515 lt.
876 5469 928 5514 -t
941 5470 1003 5515 llam.
1016 5482 1086 5517 xxxiv.
