3984 6176
352 583 1340 781 PROOEMIUM

83 910 351 1000 Quemadmodum
377 934 416 985 eu
439 913 541 986 rebus
562 934 582 985 a
600 914 671 986 Deo
692 914 837 986 conditis
857 914 900 986 ad
926 914 999 1008 eius
1027 915 1182 987 notitiam
1206 917 1437 1009 perducantur
1465 920 1638 1007 homines,

247 1035 394 1106 maxime
418 1036 647 1108 sensibilibus.
677 1037 747 1107 Has
772 1036 861 1108 solas
886 1057 906 1108 a
932 1037 1026 1110 Mose
1051 1049 1331 1112 commemoratas
1356 1063 1441 1114 esse.

156 1155 307 1247 origenis
327 1157 507 1250 allegorica
519 1158 764 1250 interpretandi
791 1160 875 1231 ratio
896 1160 1066 1252 castigata.
1087 1158 1268 1234 cautiones
1289 1163 1489 1238 adhibendae
1503 1165 1544 1236 ad

539 1281 641 1353 Musis
660 1282 890 1353 narrationem
916 1282 1160 1373 explicandam.

111 1635 131 1695 l.
147 1635 294 1696 Veterum
319 1633 576 1716 pbilosophorum
589 1655 684 1714 unns,
699 1636 821 1716 opinor,
872 1637 1086 1719 contemplari,
1106 1644 1138 1700 et
1158 1656 1263 1701 amare
1280 1641 1391 1717 Deum,
1406 1640 1477 1702 finis
1489 1641 1539 1716 sit,
1555 1641 1644 1722 cidus

82 1728 184 1805 alterne,
194 1746 263 1789 eum
277 1747 296 1789 a
310 1728 448 1808 quodam
456 1735 628 1808 rogaretur,
639 1747 734 1810 quem
747 1746 780 1791 se
791 1730 827 1791 in
873 1729 968 1790 bomo
982 1731 1080 1806 gratia
1094 1730 1133 1792 sit
1146 1731 1384 1793 introductusin
1396 1735 1562 1798 mundum.

82 1819 154 1881 luem
163 1819 280 1882 editum
303 1826 428 1901 putaret
448 1821 483 1882 in
496 1822 662 1895 mundum,
677 1822 728 1884 ille
743 1822 824 1897 eceli,
914 1823 955 1884 ΙΙ.
985 1823 1058 1900 Sed,
1083 1841 1156 1885 curn
1178 1825 1240 1885 sint
1264 1825 1327 1886 duo
1350 1832 1523 1888 creatarum
1545 1830 1644 1890 aDeo

82 1912 135 1973 eolis
152 1912 209 1975 iste
227 1912 459 1993 contemplandi
479 1932 573 1975 causa
589 1920 699 1976 natum
717 1933 750 1976 se
761 1933 826 1976 esse
874 1933 990 1994 genera
1009 1934 1128 1994 rerum,
1148 1935 1282 1996 quarum
1296 1917 1364 1980 aliae
1384 1924 1554 1998 corporatae
1572 1926 1646 1982 sunt

81 2005 225 2085 respondit.
245 2007 288 2066 Ea
310 2024 373 2067 nox
385 2005 570 2085 quibusdam
586 2006 652 2067 visa
663 2006 828 2086 magnifica
875 2012 906 2067 et
928 2007 1138 2088 aspectabiles,
1158 2009 1227 2070 aliea
1247 2011 1386 2090 eorporis
1401 2017 1552 2092 expertes,
1567 2013 1646 2075 etin

82 2102 124 2173 est,
142 2103 169 2159 et
191 2095 326 2178 sapiente
354 2097 459 2178 digna,
480 2116 552 2160 cum
574 2098 614 2160 sit
635 2099 825 2161 stultissima.
875 2099 1036 2181 utriusque
1047 2100 1309 2178 tenudoribus,vel
1323 2101 1642 2183 insignioribusnotis,

81 2189 142 2250 Nam
152 2189 220 2270 quis
237 2191 277 2251 ad
290 2189 535 2269 majoraiactum
546 2208 580 2252 se
593 2208 657 2252 non
672 2190 826 2268 intelligit,
876 2209 933 2271 pro
960 2192 1108 2272 cujusque
1135 2193 1227 2253 modo
1253 2198 1285 2254 et
1309 2199 1413 2273 captu,
1430 2195 1469 2255 sit
1486 2214 1647 2275 expressus

83 2300 156 2360 qnam
173 2301 244 2363 quuae
263 2281 424 2359 culicibus,
444 2287 630 2362 utmagnus
644 2282 695 2344 ille
709 2280 829 2344 dicebat
876 2282 1001 2344 illarum
1019 2284 1159 2360 ,artilex3
1182 2303 1238 2364 per
1262 2286 1447 2364 posteriores
1470 2291 1587 2364 tamen,
1617 2294 1648 2350 et
1726 2317 1766 2362 p„-

17 2406 54 2447 ,ι
83 2375 218 2453 lnbnius,
233 2380 307 2436 sunt
328 2374 705 2437 eommunianobiseuml
718 2374 829 2451 llut,si
876 2392 1040 2456 corporeas
1053 2374 1428 2456 publica,etquasiregia
1441 2378 1530 2440 nobis
1540 2379 1580 2439 ad
1588 2379 1648 2442 Dei
1690 2383 1806 2470 gffiffig

17 2456 69 2553 2„
83 2464 137 2527 ideo
149 2467 341 2547 praestantius
355 2466 473 2546 aliquid
483 2467 543 2528 boc
557 2467 714 2546 ingemere
725 2467 828 2529 tribu-
877 2466 1310 2546 cognitionemviasternitur.
1323 2469 1403 2530 Nam
1413 2469 1547 2550 priorem
1563 2471 1647 2534 illam
1689 2478 1776 2542 ‚rosis
1805 2532 1819 2575 d

17 2560 53 2607 i·
84 2561 136 2619 lum
154 2559 273 2621 uidetur
290 2558 425 2636 bomini,
447 2558 532 2639 quod
550 2560 726 2638 nonipsum
735 2559 829 2620 modo
879 2558 1006 2637 quidem
1039 2558 1161 2639 ingredi
1184 2558 1274 2639 pauci
1301 2566 1448 2640 possunt,
1476 2564 1650 2642 prasertim
1673 2532 1804 2628 ''³⁰33‘'

17 2626 61 2711 i*
84 2649 139 2711 solis
148 2650 262 2726 orbem,
276 2651 407 2731 eiusque
420 2651 532 2726 radios,
549 2670 585 2712 ac
597 2649 702 2713 lucem
715 2651 830 2713 intueri
878 2649 982 2726 rudes,
997 2655 1029 2711 et
1041 2650 1135 2712 nudlis
1149 2650 1362 2722 doctrinarum
1378 2651 1495 2714 artibus
1508 2655 1647 2736 expoliti,
1673 2638 1820 2735 ῃξξξῖἷῗξῖ.

17 2720 54 2767 Ι*
83 2742 399 2820 antesaecularem
409 2749 585 2820 semotum,
595 2742 831 2805 etcfficientiam
880 2761 1015 2822 quorum
1038 2743 1131 2822 longe
1155 2743 1189 2803 in
1215 2745 1375 2806 communi
1402 2745 1466 2806 nita
1484 2747 1585 2826 major
1604 2751 1650 2809 est
1723 2752 1769 2789 ‘¹¹‘-

83 2834 167 2896 animo
183 2835 332 2915 consequi
351 2834 447 2915 possit
455 2857 464 2910 5
475 2834 575 2915 magis
589 2834 658 2912 erit,
673 2835 832 2898 utsuimet
882 2852 1042 2912 numerus,
1064 2835 1129 2915 qui,
1152 2842 1188 2896 ut
1207 2835 1282 2897 olim
1296 2835 1401 2898 aiebat
1414 2837 1511 2914 Plato,
1525 2838 1603 2899 nibil
1616 2839 1650 2899 in

82 2925 184 2989 ridendi
207 2927 475 3008 cognoscendique
497 2926 597 3004 gratia
618 2932 729 2988 natum
745 2932 833 3008 putet
880 2945 987 2988 rerum
1001 2946 1065 2989 esse
1078 2940 1193 2989 natura
1205 2932 1327 3009 putant,
1342 2927 1402 2988 nisi
1411 2929 1495 3008 quod
1508 2935 1608 2991 exstat
1620 2937 1652 2992 et

81 3016 229 3093 hominem,
246 3019 335 3098 cujus
351 3025 400 3080 cst
418 3018 493 3088 sole,
515 3038 552 3080 ac
570 3020 751 3100 corporibus
765 3019 834 3080 uni·
881 3018 998 3079 eminet
1008 3018 1093 3096 loris,
1106 3018 1190 3098 quod
1204 3018 1349 3079 manibus
1361 3020 1509 3100 arripere,
1519 3022 1652 3102 amplae

81 3112 158 3172 uersis
176 3119 289 3175 natura
311 3111 518 3193 praestantior.
541 3110 603 3173 Sed
621 3130 679 3173 nee
696 3112 755 3187 sui,
775 3132 833 3175 nec
882 3112 967 3191 tique
990 3116 1130 3192 possunt,
1155 3111 1240 3172 velut
1266 3111 1392 3172 arbores
1414 3115 1445 3174 et
1471 3131 1565 3191 saxa3
1583 3132 1652 3176 rem

81 3201 188 3266 tulliusu
208 3206 278 3266 Deo
297 3203 431 3265 conditae
450 3203 496 3264 rei
508 3202 703 3283 perfruendae
718 3204 831 3267 intelli·
883 3210 999 3280 autem,
1017 3210 1130 3283 preater
1151 3203 1230 3277 hee,
1245 3203 1342 3265 ullam
1352 3222 1428 3279 esse,
1442 3224 1512 3285 quae
1523 3225 1652 3286 corpore

80 3294 227 3376 gaudiaque
249 3314 342 3358 causa
365 3295 462 3357 lactus
481 3296 652 3371 csth0m03
668 3297 831 3376 quoniam,
883 3313 948 3356 non
968 3300 1096 3372 constet,
1116 3296 1245 3357 omnino
1265 3315 1330 3357 non
1343 3296 1529 3359 existimant.
1545 3300 1653 3360 Poste·

81 3386 272 3467 elsipulcbra,
286 3388 381 3460 bona,
399 3387 555 3468 praeclara,
573 3389 675 3450 studio
693 3395 725 3450 et
737 3390 835 3451 admi·
883 3386 948 3448 rius
962 3405 1055 3449 nemo
1065 3387 1172 3467 estqui
1184 3388 1253 3456 iter,
1266 3388 1292 3448 si
1301 3388 1387 3464 velit,
1398 3407 1463 3450 nom
1473 3395 1504 3451 et
1511 3386 1653 3453 invenire

80 3479 180 3541 ratium
205 3481 304 3560 digna
329 3487 404 3542 sunt
432 3480 576 3542 nruiversa
589 3499 660 3560 quae
676 3481 832 3553 condidit;
882 3477 981 3556 facile,
995 3485 1026 3540 et
1039 3478 1176 3548 invento,
1193 3483 1369 3541 constanter
1379 3498 1435 3560 per
1441 3481 1519 3542 illud
1525 3482 1654 3545 tendere

81 3576 175 3645 tumen,
189 3573 214 3635 si
228 3575 265 3634 in
278 3572 317 3634 iis
330 3572 404 3653 ipsis
415 3572 553 3633 consistit
568 3572 704 3649 animus,
717 3575 834 3635 vanita-
883 3571 980 3651 possit
988 3572 1028 3632 ad
1037 3573 1148 3648 Deum,
1157 3572 1327 3633 dummodo
1339 3571 1417 3648 aliis,
1430 3591 1526 3653 quam
1539 3573 1653 3654 quibus

81 3666 140 3732 tem,
160 3664 216 3727 boc
243 3671 291 3726 est
314 3665 476 3726 stultitiam
499 3665 615 3726 euitare
635 3683 701 3726 non
721 3671 832 3745 potest,
882 3662 990 3725 bestia
1004 3682 1040 3725 ac
1054 3664 1188 3745 pecudes
1201 3670 1347 3739 utuntur,
1364 3666 1460 3726 oculis
1478 3666 1654 3746 prospicere

81 3772 136 3832 quc
159 3763 202 3817 ert
221 3754 362 3818 felicitati
382 3773 447 3817 non
467 3756 572 3817 minus
585 3757 723 3833 adversa,
739 3777 835 3838 quam
883 3755 942 3816 ista
967 3761 1157 3818 consuescat.
1179 3756 1291 3830 Quoia
1304 3763 1489 3837 argumento
1507 3758 1655 3837 praeclare

81 3841 186 3908 inimica
210 3846 391 3930 sapientia:
424 3846 498 3909 Vani
517 3847 628 3929 quippe
646 3857 715 3909 sent
738 3868 834 3911 omnes
883 3846 965 3909 inter
974 3853 1101 3910 caeteros
1114 3854 1252 3910 versatus
1274 3854 1320 3911 est
1333 3849 1519 3912 Athanasius
1536 3849 1570 3910 in
1584 3868 1654 3911 ora·

81 3934 199 4017 lenium,
225 3942 271 4001 ait
292 3939 373 4001 liber
393 3939 585 4021 Sapientia,
608 3941 641 4000 ire
655 3940 762 4023 quibus
775 3960 835 4004 mom
883 3938 968 4001 tione
979 3938 1089 4002 Cmrtra
1098 3948 1215 4022 pentem
1232 3940 1285 4002 ubi
1300 3943 1399 4002 Deum
1412 3941 1538 4021 quidem
1552 3941 1651 4002 excel-

80 4027 158 4092 abst
178 4032 303 4095 aemio
331 4030 408 4101 nem
432 4030 516 4094 etde
539 4030 597 4108 luia,
620 4051 687 4112 puoe
701 4032 834 4095 uidentur
883 4031 982 4094 lenter
995 4031 1029 4093 im
1041 4031 1179 4093 bominis
1192 4031 1308 4109 anima,
1329 4038 1479 4112 tanquam
1497 4032 1531 4093 in
1552 4032 1653 4113 effigie

82 4118 149 4192 bel,
163 4144 218 4186 eon
232 4132 397 4197 potuerunt
421 4123 586 4205 intellegere
612 4143 690 4201 cum,
712 4125 768 4206 pai
779 4134 831 4201 est,
882 4141 949 4195 sua,
965 4123 1025 4184 hoe
1044 4129 1091 4184 est
1107 4122 1252 4204 spiritum
1266 4122 1300 4183 in
1314 4124 1424 4203 spiritu
1443 4122 1540 4185 rideri
1552 4123 1607 4199 ait,
1622 4128 1654 4185 et

81 4229 156 4295 mque
176 4215 313 4299 opmidru
339 4220 517 4277 attendentes
543 4222 735 4297 agnoverant,
768 4222 834 4298 qnia
883 4212 1024 4294 intelligi.
1047 4214 1109 4276 Sed
1129 4233 1198 4276 eam
1219 4213 1313 4275 mimis
1326 4214 1483 4292 subtilem,
1498 4215 1654 4296 nimisque

81 4316 135 4365 earet
151 4309 275 4389 artifex.
296 4308 403 4387 Neque
426 4326 500 4370 uero
523 4308 618 4370 soltus
632 4327 687 4389 per
700 4328 764 4370 sese
779 4310 833 4371 Dei
883 4306 1040 4368 difficilem
1067 4325 1132 4367 esse
1158 4305 1323 4383 rationem,
1355 4306 1583 4389 quodpropter
1605 4308 1654 4369 af-

82 4398 208 4477 mgnitio,
231 4406 270 4462 ut
287 4399 414 4461 interim
435 4400 474 4460 de
495 4417 600 4462 amore
620 4406 747 4478 taceam,
762 4402 834 4463 finis
882 4398 1064 4459 fluentescx
1076 4417 1135 4458 usu
1149 4415 1309 4473 sensurum,
1334 4403 1365 4459 et
1385 4397 1653 4463 infimarumtrac·

82 4495 117 4549 eat
136 4491 190 4554 bac
215 4492 344 4573 quidem
371 4491 405 4552 in
425 4491 489 4553 nita
511 4493 686 4573 propositus
698 4493 832 4570 homini,
882 4491 998 4552 tatione
1024 4508 1143 4564 rerum,
1166 4507 1282 4551 crassas
1305 4488 1456 4570 imagines
1478 4511 1514 4553 ac
1531 4492 1652 4572 spissas,

83 4582 149 4658 qued
160 4584 247 4647 dicia
258 4584 412 4666 plerisque
425 4583 519 4662 vulgo
527 4584 604 4645 solet
613 4605 622 4660 ;
635 4584 782 4665 quoniam
793 4603 834 4646 ne
883 4584 995 4645 mentis
1004 4583 1141 4645 hebescit
1157 4581 1249 4659 acies,
1267 4588 1304 4644 nt
1322 4602 1362 4645 nc
1380 4583 1513 4664 seipsam
1527 4584 1654 4664 quidem

83 4671 196 4738 obtineri
208 4676 381 4757 quidemin
392 4677 450 4738 luae
462 4676 527 4738 uita
540 4682 650 4757 potest.
666 4678 735 4739 Non
749 4677 833 4738 enim
882 4677 967 4751 satis,
994 4675 1112 4735 nedum
1138 4675 1172 4735 in
1192 4693 1224 4735 se
1242 4676 1344 4736 Deum
1365 4675 1526 4757 pervidere
1539 4674 1652 4756 possit:

84 4764 175 4841 solum,
190 4789 227 4831 ac
238 4788 296 4851 per
309 4787 342 4830 se
356 4770 468 4844 Deum,
478 4768 676 4848 quantumvis
685 4769 832 4846 enitatur,
888 4788 903 4825 u
925 4767 994 4827 Non
1021 4766 1141 4843 sufficit,
1170 4766 1282 4846 inquit,
1308 4767 1372 4845 illa,
1392 4785 1462 4847 quae
1482 4767 1603 4847 eapitur
1615 4786 1655 4829 ex

85 4855 201 4924 humone
225 4879 336 4942 capere
355 4860 559 4941 intelligentia
580 4866 691 4941 potest,
711 4860 758 4921 uti
776 4879 834 4922 nec
883 4859 999 4936 anima,
1028 4858 1200 4938 disciplina,
1225 4866 1502 4940 proptereaque
1514 4865 1654 4922 mentem

85 4948 227 5016 adeersum
247 4954 316 5017 luce
340 4953 443 5015 media
468 4953 565 5015 solem
588 4952 751 5015 oculorum
769 4954 835 5015 acie
883 4949 1072 5012 extrinsecus
1080 4949 1238 5012 turbidam
1248 4950 1428 5013 reddunttm
1446 4952 1656 5025 Quamobrem

85 5045 268 5109 manemus.
278 5046 418 5110 uentum
429 5044 525 5125 igitur
534 5045 682 5125 quiddam
696 5051 836 5127 superest
883 5061 939 5123 per
951 5060 1002 5104 eas
1015 5059 1076 5117 res,
1089 5061 1160 5123 quaa
1170 5060 1299 5122 corpore
1309 5047 1461 5117 constant,
1472 5062 1543 5125 qum
1556 5043 1654 5106 oculis

33 5214 42 5237 ο
84 5133 166 5216 ntis,
185 5139 273 5202 utin
289 5138 385 5201 rebus
404 5157 424 5200 a
445 5140 508 5200 Deo
531 5137 650 5216 creatis,
665 5158 702 5201 ac
715 5156 770 5219 per
783 5155 835 5201 eas
883 5139 1124 5213 contrectantur,
1139 5133 1481 5215 aureliquissemsibue,
1496 5134 1654 5217 perveniri

112 5289 243 5347 alma.
268 5289 319 5346 (tta
344 5288 465 5363 αὐτάρκης
485 5286 548 5344 ἐστὶν
571 5286 587 5357 ἡ
612 5287 677 5363 παρὰ
698 5291 741 5357 τῆς
753 5288 833 5363 ψυχῆς
880 5287 1036 5352 διδασκαλία,
1050 5285 1091 5341 διὰ
1105 5285 1265 5341 laudabatur«
1278 5284 1367 5355 ταύτης
1377 5284 1465 5349 ἔξωθεν
1479 5285 1521 5342 τὸν
1534 5288 1600 5338 νοῦν.

1458 5496 1498 5555 lu
