<?xml version="1.0" encoding="UTF-8"?>
<!DOCTYPE html PUBLIC "-//W3C//DTD XHTML 1.0 Transitional//EN"
    "http://www.w3.org/TR/xhtml1/DTD/xhtml1-transitional.dtd">
<html xmlns="http://www.w3.org/1999/xhtml" xml:lang="en" lang="en">
 <head>
  <title>
</title>
<meta http-equiv="Content-Type" content="text/html;charset=utf-8" />
  <meta name='ocr-system' content='tesseract 3.04.00' />
  <meta name='ocr-capabilities' content='ocr_page ocr_carea ocr_par ocr_line ocrx_word'/>
</head>
<body>
  <div class='ocr_page' id='page_1' title='image "./dogmatatheologi00goog_0568.png"; bbox 0 0 3948 6172; ppageno 0'>
   <div class='ocr_carea' id='block_1_1' title="bbox 653 347 1703 431">
    <p class='ocr_par' dir='ltr' id='par_1_1' title="bbox 653 347 1703 431">
     <span class='ocr_line' id='line_1_1' title="bbox 653 347 1703 431; baseline 0.03 -17"><span class='ocrx_word' id='word_1_1' title='bbox 653 347 704 415; x_wconf 71' lang='lat' dir='ltr'><strong>DE</strong></span> <span class='ocrx_word' id='word_1_2' title='bbox 721 348 886 423; x_wconf 68' lang='lat' dir='ltr'><strong>bruleio</strong></span> <span class='ocrx_word' id='word_1_3' title='bbox 909 357 984 427; x_wconf 71' lang='lat' dir='ltr'><strong>SEX</strong></span> <span class='ocrx_word' id='word_1_4' title='bbox 1004 362 1168 431; x_wconf 74' lang='lat' dir='ltr'><strong>arenant.</strong></span> <span class='ocrx_word' id='word_1_5' title='bbox 1643 366 1703 431; x_wconf 69' lang='lat' dir='ltr'><em>m</em></span> 
     </span>
    </p>
   </div>
   <div class='ocr_carea' id='block_1_2' title="bbox 17 494 1795 5304">
    <p class='ocr_par' dir='ltr' id='par_1_2' title="bbox 17 494 1795 5304">
     <span class='ocr_line' id='line_1_2' title="bbox 103 494 1705 613; baseline 0.029 -64.663"><span class='ocrx_word' id='word_1_6' title='bbox 103 504 184 551; x_wconf 85' lang='lat' dir='ltr'><strong>aum</strong></span> <span class='ocrx_word' id='word_1_7' title='bbox 196 508 235 553; x_wconf 88' lang='lat' dir='ltr'><strong>ex</strong></span> <span class='ocrx_word' id='word_1_8' title='bbox 249 494 379 563; x_wconf 78' lang='lat' dir='ltr'><strong>adverso</strong></span> <span class='ocrx_word' id='word_1_9' title='bbox 393 500 543 585; x_wconf 86' lang='lat' dir='ltr'><strong>audieris,</strong></span> <span class='ocrx_word' id='word_1_10' title='bbox 558 507 673 587; x_wconf 81' lang='lat' dir='ltr'><strong>proba3</strong></span> <span class='ocrx_word' id='word_1_11' title='bbox 688 531 753 581; x_wconf 85' lang='lat' dir='ltr'><strong>nou</strong></span> <span class='ocrx_word' id='word_1_12' title='bbox 779 518 885 585; x_wconf 66' lang='lat' dir='ltr'><strong>coum</strong></span> <span class='ocrx_word' id='word_1_13' title='bbox 933 525 1108 604; x_wconf 59' lang='lat' dir='ltr'><strong>subernun</strong></span> <span class='ocrx_word' id='word_1_14' title='bbox 1144 547 1217 595; x_wconf 83' lang='lat' dir='ltr'><strong>eum</strong></span> <span class='ocrx_word' id='word_1_15' title='bbox 1245 530 1280 595; x_wconf 86' lang='lat' dir='ltr'><strong>in</strong></span> <span class='ocrx_word' id='word_1_16' title='bbox 1315 529 1375 595; x_wconf 86' lang='lat' dir='ltr'><strong>hoe</strong></span> <span class='ocrx_word' id='word_1_17' title='bbox 1403 531 1545 613; x_wconf 84' lang='lat' dir='ltr'><strong>ipsorum</strong></span> <span class='ocrx_word' id='word_1_18' title='bbox 1571 530 1705 611; x_wconf 84' lang='lat' dir='ltr'><strong>pruden-</strong></span> 
     </span>
     <span class='ocr_line' id='line_1_3' title="bbox 20 580 1703 703; baseline 0.028 -64"><span class='ocrx_word' id='word_1_19' title='bbox 20 596 23 627; x_wconf 72' lang='grc' dir='ltr'>ι</span> <span class='ocrx_word' id='word_1_20' title='bbox 102 580 228 660; x_wconf 62' lang='grc' dir='ltr'><strong>εἰειηᾱ</strong></span> <span class='ocrx_word' id='word_1_21' title='bbox 243 588 433 673; x_wconf 84' lang='lat' dir='ltr'><strong>exemplaria</strong></span> <span class='ocrx_word' id='word_1_22' title='bbox 446 597 583 678; x_wconf 88' lang='lat' dir='ltr'><strong>veriora,</strong></span> <span class='ocrx_word' id='word_1_23' title='bbox 605 602 655 664; x_wconf 90' lang='lat' dir='ltr'><strong>vel</strong></span> <span class='ocrx_word' id='word_1_24' title='bbox 668 604 807 685; x_wconf 83' lang='lat' dir='ltr'><strong>plurium</strong></span> <span class='ocrx_word' id='word_1_25' title='bbox 832 633 885 676; x_wconf 89' lang='lat' dir='ltr'><strong>oo·</strong></span> <span class='ocrx_word' id='word_1_26' title='bbox 932 617 1026 696; x_wconf 87' lang='lat' dir='ltr'><strong>tiam,</strong></span> <span class='ocrx_word' id='word_1_27' title='bbox 1069 621 1266 703; x_wconf 79' lang='lat' dir='ltr'><strong>equitatem,</strong></span> <span class='ocrx_word' id='word_1_28' title='bbox 1314 622 1497 702; x_wconf 73' lang='lat' dir='ltr'><strong>religionem</strong></span> <span class='ocrx_word' id='word_1_29' title='bbox 1542 623 1703 698; x_wconf 68' lang='lat' dir='ltr'><strong>desidum</strong></span> 
     </span>
     <span class='ocr_line' id='line_1_4' title="bbox 21 672 1705 796; baseline 0.03 -64"><span class='ocrx_word' id='word_1_30' title='bbox 21 738 22 741; x_wconf 47' lang='lat'><strong>,</strong></span> <span class='ocrx_word' id='word_1_31' title='bbox 102 672 229 759; x_wconf 67' lang='lat' dir='ltr'><strong>meum,</strong></span> <span class='ocrx_word' id='word_1_32' title='bbox 257 676 308 741; x_wconf 83' lang='lat' dir='ltr'><strong>rel</strong></span> <span class='ocrx_word' id='word_1_33' title='bbox 336 685 537 766; x_wconf 77' lang='lat' dir='ltr'><strong>aanuorurn</strong></span> <span class='ocrx_word' id='word_1_34' title='bbox 565 712 573 754; x_wconf 93' lang='lat'><strong>:</strong></span> <span class='ocrx_word' id='word_1_35' title='bbox 604 695 658 759; x_wconf 86' lang='lat' dir='ltr'><strong>sed</strong></span> <span class='ocrx_word' id='word_1_36' title='bbox 684 697 780 763; x_wconf 86' lang='lat' dir='ltr'><strong>dieas.</strong></span> <span class='ocrx_word' id='word_1_37' title='bbox 808 703 883 769; x_wconf 85' lang='lat' dir='ltr'><strong>iude</strong></span> <span class='ocrx_word' id='word_1_38' title='bbox 932 714 1001 773; x_wconf 87' lang='lat' dir='ltr'><strong>tum</strong></span> <span class='ocrx_word' id='word_1_39' title='bbox 1032 710 1109 777; x_wconf 90' lang='lat' dir='ltr'><strong>iilud</strong></span> <span class='ocrx_word' id='word_1_40' title='bbox 1137 715 1273 779; x_wconf 81' lang='lat' dir='ltr'><strong>maxlme</strong></span> <span class='ocrx_word' id='word_1_41' title='bbox 1301 730 1422 791; x_wconf 70' lang='lat' dir='ltr'><strong>aanor,</strong></span> <span class='ocrx_word' id='word_1_42' title='bbox 1454 717 1607 796; x_wconf 86' lang='lat' dir='ltr'><strong>nequod</strong></span> <span class='ocrx_word' id='word_1_43' title='bbox 1638 720 1705 781; x_wconf 80' lang='lat' dir='ltr'><strong>tam</strong></span> 
     </span>
     <span class='ocr_line' id='line_1_5' title="bbox 19 764 1705 885; baseline 0.013 -35"><span class='ocrx_word' id='word_1_44' title='bbox 19 818 20 821; x_wconf 36' lang='lat'>¹</span> <span class='ocrx_word' id='word_1_45' title='bbox 101 764 221 857; x_wconf 68' lang='lat' dir='ltr'><strong>Pfflb⁰v</strong></span> <span class='ocrx_word' id='word_1_46' title='bbox 237 771 393 838; x_wconf 63' lang='lat' dir='ltr'>h⁰⁰fl¹5¹¹⁸</span> <span class='ocrx_word' id='word_1_47' title='bbox 416 798 492 859; x_wconf 67' lang='lat'>⁰⁸³0,</span> <span class='ocrx_word' id='word_1_48' title='bbox 508 785 581 865; x_wconf 82' lang='lat' dir='ltr'><strong>quia</strong></span> <span class='ocrx_word' id='word_1_49' title='bbox 605 787 666 851; x_wconf 88' lang='lat' dir='ltr'><strong>hoo</strong></span> <span class='ocrx_word' id='word_1_50' title='bbox 682 809 740 875; x_wconf 89' lang='lat' dir='ltr'><strong>pro</strong></span> <span class='ocrx_word' id='word_1_51' title='bbox 763 813 883 861; x_wconf 84' lang='lat' dir='ltr'><strong>meso-</strong></span> <span class='ocrx_word' id='word_1_52' title='bbox 931 809 1088 885; x_wconf 66' lang='lat' dir='ltr'><strong>praelatu</strong></span> <span class='ocrx_word' id='word_1_53' title='bbox 1120 807 1248 871; x_wconf 86' lang='lat' dir='ltr'><strong>editioni</strong></span> <span class='ocrx_word' id='word_1_54' title='bbox 1274 826 1313 869; x_wconf 86' lang='lat' dir='ltr'><strong>ex</strong></span> <span class='ocrx_word' id='word_1_55' title='bbox 1339 807 1398 869; x_wconf 88' lang='lat' dir='ltr'><strong>hae</strong></span> <span class='ocrx_word' id='word_1_56' title='bbox 1424 808 1604 871; x_wconf 81' lang='lat' dir='ltr'><strong>Corbeiensi</strong></span> <span class='ocrx_word' id='word_1_57' title='bbox 1631 806 1705 871; x_wconf 78' lang='lat' dir='ltr'><strong>imos</strong></span> 
     </span>
     <span class='ocr_line' id='line_1_6' title="bbox 18 862 1704 982; baseline 0.026 -63"><span class='ocrx_word' id='word_1_58' title='bbox 18 880 21 959; x_wconf 50' lang='lat' dir='ltr'>i</span> <span class='ocrx_word' id='word_1_59' title='bbox 102 865 175 935; x_wconf 83' lang='lat' dir='ltr'><strong>nst,</strong></span> <span class='ocrx_word' id='word_1_60' title='bbox 192 862 271 926; x_wconf 85' lang='lat' dir='ltr'><strong>illud</strong></span> <span class='ocrx_word' id='word_1_61' title='bbox 286 875 392 933; x_wconf 87' lang='lat' dir='ltr'><strong>eontra</strong></span> <span class='ocrx_word' id='word_1_62' title='bbox 406 889 468 937; x_wconf 88' lang='lat' dir='ltr'><strong>me.</strong></span> <span class='ocrx_word' id='word_1_63' title='bbox 484 875 531 939; x_wconf 83' lang='lat' dir='ltr'><strong>Tu</strong></span> <span class='ocrx_word' id='word_1_64' title='bbox 545 896 663 959; x_wconf 76' lang='lat' dir='ltr'><strong>esergo</strong></span> <span class='ocrx_word' id='word_1_65' title='bbox 678 886 787 963; x_wconf 78' lang='lat' dir='ltr'><strong>regula</strong></span> <span class='ocrx_word' id='word_1_66' title='bbox 800 891 882 953; x_wconf 86' lang='lat' dir='ltr'><strong>veri-</strong></span> <span class='ocrx_word' id='word_1_67' title='bbox 930 899 1159 982; x_wconf 80' lang='lat' dir='ltr'><strong>insperserunt,</strong></span> <span class='ocrx_word' id='word_1_68' title='bbox 1197 898 1405 978; x_wconf 69' lang='lat' dir='ltr'>suspicionem</span> <span class='ocrx_word' id='word_1_69' title='bbox 1431 898 1460 962; x_wconf 86' lang='lat' dir='ltr'><strong>ei</strong></span> <span class='ocrx_word' id='word_1_70' title='bbox 1490 900 1607 981; x_wconf 84' lang='lat' dir='ltr'><strong>aliquid</strong></span> <span class='ocrx_word' id='word_1_71' title='bbox 1632 900 1704 971; x_wconf 83' lang='lat' dir='ltr'><strong>alli-</strong></span> 
     </span>
     <span class='ocr_line' id='line_1_7' title="bbox 17 954 1705 1075; baseline 0.03 -64"><span class='ocrx_word' id='word_1_72' title='bbox 17 986 19 1047; x_wconf 22' lang='grc' dir='ltr'><strong><em>ἓ</em></strong></span> <span class='ocrx_word' id='word_1_73' title='bbox 102 954 192 1019; x_wconf 72' lang='lat' dir='ltr'><strong>asts</strong></span> <span class='ocrx_word' id='word_1_74' title='bbox 211 978 225 1015; x_wconf 86' lang='lat' dir='ltr'><strong>s</strong></span> <span class='ocrx_word' id='word_1_75' title='bbox 242 960 285 1019; x_wconf 79' lang='lat' dir='ltr'><strong>at</strong></span> <span class='ocrx_word' id='word_1_76' title='bbox 298 961 384 1025; x_wconf 89' lang='lat' dir='ltr'><strong>enim</strong></span> <span class='ocrx_word' id='word_1_77' title='bbox 396 965 533 1033; x_wconf 84' lang='lat' dir='ltr'><strong>rationes</strong></span> <span class='ocrx_word' id='word_1_78' title='bbox 551 971 669 1057; x_wconf 78' lang='lat' dir='ltr'><strong>aliquot</strong></span> <span class='ocrx_word' id='word_1_79' title='bbox 686 981 881 1063; x_wconf 74' lang='lat' dir='ltr'><strong>excogitavit,</strong></span> <span class='ocrx_word' id='word_1_80' title='bbox 931 998 986 1057; x_wconf 76' lang='lat' dir='ltr'><strong>net</strong></span> <span class='ocrx_word' id='word_1_81' title='bbox 1007 991 1275 1075; x_wconf 71' lang='lat' dir='ltr'><strong>qeminoumdem</strong></span> <span class='ocrx_word' id='word_1_82' title='bbox 1290 992 1420 1055; x_wconf 71' lang='lat' dir='ltr'><strong>omrem</strong></span> <span class='ocrx_word' id='word_1_83' title='bbox 1447 996 1480 1059; x_wconf 82' lang='lat' dir='ltr'><strong>si</strong></span> <span class='ocrx_word' id='word_1_84' title='bbox 1498 992 1705 1073; x_wconf 69' lang='lat' dir='ltr'><strong>suspicionem</strong></span> 
     </span>
     <span class='ocr_line' id='line_1_8' title="bbox 101 1052 1705 1165; baseline 0.027 -59"><span class='ocrx_word' id='word_1_85' title='bbox 101 1063 164 1113; x_wconf 78' lang='lat' dir='ltr'><strong>cnr</strong></span> <span class='ocrx_word' id='word_1_86' title='bbox 177 1062 219 1110; x_wconf 86' lang='lat' dir='ltr'><strong>eo</strong></span> <span class='ocrx_word' id='word_1_87' title='bbox 233 1052 327 1114; x_wconf 91' lang='lat' dir='ltr'><strong>modo</strong></span> <span class='ocrx_word' id='word_1_88' title='bbox 341 1055 669 1142; x_wconf 78' lang='lat' dir='ltr'><strong>legendumjudiearet</strong></span> <span class='ocrx_word' id='word_1_89' title='bbox 686 1087 694 1130; x_wconf 74' lang='lat' dir='ltr'><strong>s</strong></span> <span class='ocrx_word' id='word_1_90' title='bbox 710 1072 823 1152; x_wconf 88' lang='lat' dir='ltr'><strong>oppido</strong></span> <span class='ocrx_word' id='word_1_91' title='bbox 836 1073 882 1137; x_wconf 83' lang='lat' dir='ltr'><strong>le·</strong></span> <span class='ocrx_word' id='word_1_92' title='bbox 931 1085 1096 1151; x_wconf 74' lang='lat' dir='ltr'><strong>uenatus</strong></span> <span class='ocrx_word' id='word_1_93' title='bbox 1132 1088 1226 1163; x_wconf 82' lang='lat' dir='ltr'><strong>atquo</strong></span> <span class='ocrx_word' id='word_1_94' title='bbox 1262 1082 1317 1145; x_wconf 81' lang='lat' dir='ltr'><strong>illa</strong></span> <span class='ocrx_word' id='word_1_95' title='bbox 1338 1083 1466 1147; x_wconf 86' lang='lat' dir='ltr'><strong>demum</strong></span> <span class='ocrx_word' id='word_1_96' title='bbox 1490 1084 1595 1163; x_wconf 88' lang='lat' dir='ltr'><strong>opinio</strong></span> <span class='ocrx_word' id='word_1_97' title='bbox 1621 1083 1705 1165; x_wconf 87' lang='lat' dir='ltr'><strong>apud</strong></span> 
     </span>
     <span class='ocr_line' id='line_1_9' title="bbox 100 1142 1706 1256; baseline 0.025 -57"><span class='ocrx_word' id='word_1_98' title='bbox 100 1156 171 1213; x_wconf 80' lang='lat' dir='ltr'><strong>res,</strong></span> <span class='ocrx_word' id='word_1_99' title='bbox 190 1160 229 1204; x_wconf 88' lang='lat' dir='ltr'><strong>ae</strong></span> <span class='ocrx_word' id='word_1_100' title='bbox 241 1142 354 1223; x_wconf 79' lang='lat' dir='ltr'><strong>futiles,</strong></span> <span class='ocrx_word' id='word_1_101' title='bbox 370 1162 508 1233; x_wconf 70' lang='lat' dir='ltr'><strong>piasque</strong></span> <span class='ocrx_word' id='word_1_102' title='bbox 520 1156 608 1219; x_wconf 86' lang='lat' dir='ltr'><strong>nullo</strong></span> <span class='ocrx_word' id='word_1_103' title='bbox 629 1162 754 1240; x_wconf 75' lang='lat' dir='ltr'><strong>negotio</strong></span> <span class='ocrx_word' id='word_1_104' title='bbox 768 1164 882 1230; x_wconf 84' lang='lat' dir='ltr'><strong>refellit</strong></span> <span class='ocrx_word' id='word_1_105' title='bbox 933 1194 1042 1241; x_wconf 73' lang='lat' dir='ltr'><strong>omnes</strong></span> <span class='ocrx_word' id='word_1_106' title='bbox 1055 1177 1202 1251; x_wconf 74' lang='lat' dir='ltr'>invaleat,</span> <span class='ocrx_word' id='word_1_107' title='bbox 1212 1195 1253 1239; x_wconf 94' lang='lat' dir='ltr'><strong>ne</strong></span> <span class='ocrx_word' id='word_1_108' title='bbox 1262 1176 1303 1236; x_wconf 87' lang='lat' dir='ltr'><strong>sit</strong></span> <span class='ocrx_word' id='word_1_109' title='bbox 1313 1176 1405 1256; x_wconf 85' lang='lat' dir='ltr'><strong>plano</strong></span> <span class='ocrx_word' id='word_1_110' title='bbox 1419 1177 1503 1255; x_wconf 88' lang='lat' dir='ltr'><strong>quod</strong></span> <span class='ocrx_word' id='word_1_111' title='bbox 1511 1177 1642 1254; x_wconf 85' lang='lat' dir='ltr'><strong>intersit,</strong></span> <span class='ocrx_word' id='word_1_112' title='bbox 1651 1182 1706 1239; x_wconf 87' lang='lat' dir='ltr'><strong>aut</strong></span> 
     </span>
     <span class='ocr_line' id='line_1_10' title="bbox 101 1232 1705 1345; baseline 0.026 -52"><span class='ocrx_word' id='word_1_113' title='bbox 101 1232 295 1298; x_wconf 62' lang='lat' dir='ltr'><strong>maisons</strong></span> <span class='ocrx_word' id='word_1_114' title='bbox 316 1241 460 1304; x_wconf 71' lang='lat' dir='ltr'><strong>innatus</strong></span> <span class='ocrx_word' id='word_1_115' title='bbox 470 1249 599 1326; x_wconf 86' lang='lat' dir='ltr'><strong>tom.ll,</strong></span> <span class='ocrx_word' id='word_1_116' title='bbox 620 1249 677 1314; x_wconf 85' lang='lat' dir='ltr'><strong>lib.</strong></span> <span class='ocrx_word' id='word_1_117' title='bbox 692 1254 732 1329; x_wconf 86' lang='lat' dir='ltr'><strong>V,</strong></span> <span class='ocrx_word' id='word_1_118' title='bbox 748 1274 815 1336; x_wconf 84' lang='lat' dir='ltr'><strong>oap.</strong></span> <span class='ocrx_word' id='word_1_119' title='bbox 837 1276 877 1337; x_wconf 83' lang='lat' dir='ltr'><strong>ur,</strong></span> <span class='ocrx_word' id='word_1_120' title='bbox 931 1269 1055 1335; x_wconf 80' lang='lat' dir='ltr'><strong>differat</strong></span> <span class='ocrx_word' id='word_1_121' title='bbox 1082 1289 1102 1332; x_wconf 84' lang='lat' dir='ltr'><strong>o</strong></span> <span class='ocrx_word' id='word_1_122' title='bbox 1131 1267 1352 1333; x_wconf 78' lang='lat' dir='ltr'><strong>Gothosehsloo</strong></span> <span class='ocrx_word' id='word_1_123' title='bbox 1385 1269 1561 1345; x_wconf 85' lang='lat' dir='ltr'><strong>Jansenius,</strong></span> <span class='ocrx_word' id='word_1_124' title='bbox 1589 1268 1624 1331; x_wconf 91' lang='lat' dir='ltr'><strong>in</strong></span> <span class='ocrx_word' id='word_1_125' title='bbox 1645 1269 1705 1331; x_wconf 87' lang='lat' dir='ltr'><strong>hoo</strong></span> 
     </span>
     <span class='ocr_line' id='line_1_11' title="bbox 101 1324 1705 1438; baseline 0.026 -54"><span class='ocrx_word' id='word_1_126' title='bbox 101 1324 169 1405; x_wconf 67' lang='lat'><strong>52,</strong></span> <span class='ocrx_word' id='word_1_127' title='bbox 187 1334 225 1388; x_wconf 86' lang='lat' dir='ltr'><strong>ui</strong></span> <span class='ocrx_word' id='word_1_128' title='bbox 238 1329 346 1401; x_wconf 80' lang='lat' dir='ltr'><strong>mirari</strong></span> <span class='ocrx_word' id='word_1_129' title='bbox 360 1335 510 1400; x_wconf 84' lang='lat' dir='ltr'><strong>satisnon</strong></span> <span class='ocrx_word' id='word_1_130' title='bbox 533 1358 646 1421; x_wconf 81' lang='lat' dir='ltr'><strong>queam</strong></span> <span class='ocrx_word' id='word_1_131' title='bbox 667 1345 810 1410; x_wconf 83' lang='lat' dir='ltr'><strong>homines</strong></span> <span class='ocrx_word' id='word_1_132' title='bbox 826 1350 885 1413; x_wconf 83' lang='lat' dir='ltr'><strong>ola·</strong></span> <span class='ocrx_word' id='word_1_133' title='bbox 932 1361 1026 1425; x_wconf 87' lang='lat' dir='ltr'><strong>etiam</strong></span> <span class='ocrx_word' id='word_1_134' title='bbox 1040 1359 1364 1436; x_wconf 78' lang='lat' dir='ltr'><strong>maximenonvenire,</strong></span> <span class='ocrx_word' id='word_1_135' title='bbox 1382 1364 1426 1434; x_wconf 89' lang='lat' dir='ltr'><strong>ut,</strong></span> <span class='ocrx_word' id='word_1_136' title='bbox 1441 1361 1705 1438; x_wconf 83' lang='lat' dir='ltr'><strong>quemadmodum</strong></span> 
     </span>
     <span class='ocr_line' id='line_1_12' title="bbox 101 1416 1705 1533; baseline 0.038 -56"><span class='ocrx_word' id='word_1_137' title='bbox 101 1416 262 1496; x_wconf 86' lang='lat' dir='ltr'><strong>rissimos,</strong></span> <span class='ocrx_word' id='word_1_138' title='bbox 278 1427 371 1507; x_wconf 80' lang='lat' dir='ltr'><strong>atque</strong></span> <span class='ocrx_word' id='word_1_139' title='bbox 392 1427 625 1510; x_wconf 78' lang='lat' dir='ltr'><strong>eruditissimos,</strong></span> <span class='ocrx_word' id='word_1_140' title='bbox 642 1438 697 1521; x_wconf 82' lang='lat' dir='ltr'><strong>qui</strong></span> <span class='ocrx_word' id='word_1_141' title='bbox 719 1440 884 1519; x_wconf 77' lang='lat' dir='ltr'><strong>Augustini</strong></span> <span class='ocrx_word' id='word_1_142' title='bbox 932 1453 988 1529; x_wconf 83' lang='lat' dir='ltr'><strong>illi,</strong></span> <span class='ocrx_word' id='word_1_143' title='bbox 1009 1453 1229 1533; x_wconf 67' lang='lat' dir='ltr'><strong>manuscriptis</strong></span> <span class='ocrx_word' id='word_1_144' title='bbox 1242 1452 1316 1529; x_wconf 69' lang='lat' dir='ltr'><strong>sub,</strong></span> <span class='ocrx_word' id='word_1_145' title='bbox 1329 1451 1473 1533; x_wconf 64' lang='lat' dir='ltr'><strong>opiiffltii</strong></span> <span class='ocrx_word' id='word_1_146' title='bbox 1485 1453 1613 1532; x_wconf 67' lang='lat' dir='ltr'><strong>‘luidam</strong></span> <span class='ocrx_word' id='word_1_147' title='bbox 1631 1457 1705 1515; x_wconf 62' lang='lat' dir='ltr'><strong>&#39;ussi</strong></span> 
     </span>
     <span class='ocr_line' id='line_1_13' title="bbox 100 1514 1705 1624; baseline 0.024 -55"><span class='ocrx_word' id='word_1_148' title='bbox 100 1526 206 1591; x_wconf 87' lang='lat' dir='ltr'><strong>opera</strong></span> <span class='ocrx_word' id='word_1_149' title='bbox 235 1514 400 1578; x_wconf 87' lang='lat' dir='ltr'><strong>novissime</strong></span> <span class='ocrx_word' id='word_1_150' title='bbox 437 1521 614 1603; x_wconf 88' lang='lat' dir='ltr'><strong>ediderunt,</strong></span> <span class='ocrx_word' id='word_1_151' title='bbox 645 1530 788 1595; x_wconf 82' lang='lat' dir='ltr'><strong>Jansenii</strong></span> <span class='ocrx_word' id='word_1_152' title='bbox 817 1553 883 1599; x_wconf 87' lang='lat' dir='ltr'><strong>non</strong></span> <span class='ocrx_word' id='word_1_153' title='bbox 932 1547 1041 1624; x_wconf 76' lang='lat' dir='ltr'><strong>magni</strong></span> <span class='ocrx_word' id='word_1_154' title='bbox 1065 1546 1204 1609; x_wconf 90' lang='lat' dir='ltr'><strong>nominis</strong></span> <span class='ocrx_word' id='word_1_155' title='bbox 1236 1544 1402 1620; x_wconf 81' lang='lat' dir='ltr'><strong>monaehi3</strong></span> <span class='ocrx_word' id='word_1_156' title='bbox 1439 1547 1482 1605; x_wconf 86' lang='lat' dir='ltr'><strong>ita</strong></span> <span class='ocrx_word' id='word_1_157' title='bbox 1503 1544 1577 1607; x_wconf 88' lang='lat' dir='ltr'><strong>huin</strong></span> <span class='ocrx_word' id='word_1_158' title='bbox 1610 1545 1705 1608; x_wconf 87' lang='lat' dir='ltr'><strong>etiarn</strong></span> 
     </span>
     <span class='ocr_line' id='line_1_14' title="bbox 100 1603 1705 1701; baseline 0.029 -38"><span class='ocrx_word' id='word_1_159' title='bbox 100 1603 205 1666; x_wconf 89' lang='lat' dir='ltr'><strong>modo</strong></span> <span class='ocrx_word' id='word_1_160' title='bbox 230 1605 411 1685; x_wconf 85' lang='lat' dir='ltr'><strong>lectionem,</strong></span> <span class='ocrx_word' id='word_1_161' title='bbox 436 1613 488 1675; x_wconf 87' lang='lat' dir='ltr'><strong>sed</strong></span> <span class='ocrx_word' id='word_1_162' title='bbox 521 1622 553 1678; x_wconf 86' lang='lat' dir='ltr'><strong>et</strong></span> <span class='ocrx_word' id='word_1_163' title='bbox 577 1620 713 1684; x_wconf 87' lang='lat' dir='ltr'><strong>rationes</strong></span> <span class='ocrx_word' id='word_1_164' title='bbox 751 1632 879 1689; x_wconf 77' lang='lat' dir='ltr'><strong>secutos.</strong></span> <span class='ocrx_word' id='word_1_165' title='bbox 932 1639 1078 1701; x_wconf 79' lang='lat' dir='ltr'><strong>monaehi</strong></span> <span class='ocrx_word' id='word_1_166' title='bbox 1104 1657 1169 1700; x_wconf 84' lang='lat' dir='ltr'><strong>non</strong></span> <span class='ocrx_word' id='word_1_167' title='bbox 1193 1655 1266 1699; x_wconf 85' lang='lat' dir='ltr'><strong>saue</strong></span> <span class='ocrx_word' id='word_1_168' title='bbox 1288 1636 1393 1698; x_wconf 82' lang='lat' dir='ltr'><strong>minus</strong></span> <span class='ocrx_word' id='word_1_169' title='bbox 1425 1635 1555 1701; x_wconf 57' lang='lat' dir='ltr'><strong>illusit&amp;</strong></span> <span class='ocrx_word' id='word_1_170' title='bbox 1588 1637 1705 1700; x_wconf 60' lang='lat' dir='ltr'><strong>auxilii)</strong></span> 
     </span>
     <span class='ocr_line' id='line_1_15' title="bbox 102 1694 1705 1811; baseline 0.013 -40"><span class='ocrx_word' id='word_1_171' title='bbox 102 1694 193 1761; x_wconf 70' lang='lat' dir='ltr'><strong>Quid</strong></span> <span class='ocrx_word' id='word_1_172' title='bbox 216 1696 322 1777; x_wconf 61' lang='lat' dir='ltr'><strong>igitur,</strong></span> <span class='ocrx_word' id='word_1_173' title='bbox 347 1703 486 1767; x_wconf 66' lang='lat' dir='ltr'><strong>Jssssstssii</strong></span> <span class='ocrx_word' id='word_1_174' title='bbox 504 1726 544 1771; x_wconf 90' lang='lat' dir='ltr'><strong>ne</strong></span> <span class='ocrx_word' id='word_1_175' title='bbox 565 1719 639 1774; x_wconf 74' lang='lat' dir='ltr'><strong>suni</strong></span> <span class='ocrx_word' id='word_1_176' title='bbox 661 1717 795 1778; x_wconf 71' lang='lat' dir='ltr'><strong>rationes</strong></span> <span class='ocrx_word' id='word_1_177' title='bbox 808 1719 881 1797; x_wconf 69' lang='lat' dir='ltr'><strong>illie,</strong></span> <span class='ocrx_word' id='word_1_178' title='bbox 932 1729 1004 1803; x_wconf 85' lang='lat' dir='ltr'><strong>sint,</strong></span> <span class='ocrx_word' id='word_1_179' title='bbox 1030 1736 1124 1811; x_wconf 87' lang='lat' dir='ltr'><strong>atque</strong></span> <span class='ocrx_word' id='word_1_180' title='bbox 1144 1730 1317 1792; x_wconf 78' lang='lat' dir='ltr'><strong>allaborent</strong></span> <span class='ocrx_word' id='word_1_181' title='bbox 1338 1726 1527 1791; x_wconf 73' lang='lat' dir='ltr'><strong>editionibus</strong></span> <span class='ocrx_word' id='word_1_182' title='bbox 1542 1729 1616 1791; x_wconf 78' lang='lat' dir='ltr'><strong>suis.</strong></span> <span class='ocrx_word' id='word_1_183' title='bbox 1643 1727 1705 1792; x_wconf 84' lang='lat' dir='ltr'><strong>Sed</strong></span> 
     </span>
     <span class='ocr_line' id='line_1_16' title="bbox 101 1788 1705 1904; baseline 0.024 -58"><span class='ocrx_word' id='word_1_184' title='bbox 101 1804 185 1868; x_wconf 85' lang='lat' dir='ltr'><strong>quas</strong></span> <span class='ocrx_word' id='word_1_185' title='bbox 201 1788 881 1889; x_wconf 73' lang='lat' dir='ltr'><strong>afferunttom.1vtduotaesuntexrapnu,</strong></span> <span class='ocrx_word' id='word_1_186' title='bbox 933 1822 992 1885; x_wconf 64' lang='lat' dir='ltr'><strong>ha„</strong></span> <span class='ocrx_word' id='word_1_187' title='bbox 1002 1822 1040 1884; x_wconf 80' lang='lat' dir='ltr'><strong>de</strong></span> <span class='ocrx_word' id='word_1_188' title='bbox 1064 1841 1099 1885; x_wconf 84' lang='lat' dir='ltr'><strong>re</strong></span> <span class='ocrx_word' id='word_1_189' title='bbox 1121 1823 1224 1904; x_wconf 86' lang='lat' dir='ltr'><strong>plura,</strong></span> <span class='ocrx_word' id='word_1_190' title='bbox 1240 1840 1336 1902; x_wconf 87' lang='lat' dir='ltr'><strong>quam</strong></span> <span class='ocrx_word' id='word_1_191' title='bbox 1350 1821 1570 1883; x_wconf 89' lang='lat' dir='ltr'><strong>eonstitueram</strong></span> <span class='ocrx_word' id='word_1_192' title='bbox 1587 1842 1594 1881; x_wconf 75' lang='grc' dir='ltr'><strong><em>ε</em></strong></span> <span class='ocrx_word' id='word_1_193' title='bbox 1609 1820 1705 1884; x_wconf 80' lang='lat' dir='ltr'><strong>affero</strong></span> 
     </span>
     <span class='ocr_line' id='line_1_17' title="bbox 101 1878 1704 1996; baseline 0.027 -56"><span class='ocrx_word' id='word_1_194' title='bbox 101 1878 189 1941; x_wconf 90' lang='lat' dir='ltr'><strong>libro</strong></span> <span class='ocrx_word' id='word_1_195' title='bbox 204 1882 249 1943; x_wconf 84' lang='grc' dir='ltr'><strong>ΙΙΙ</strong></span> <span class='ocrx_word' id='word_1_196' title='bbox 276 1882 312 1946; x_wconf 77' lang='lat' dir='ltr'><strong>cie</strong></span> <span class='ocrx_word' id='word_1_197' title='bbox 327 1892 408 1949; x_wconf 70' lang='lat' dir='ltr'><strong>noto</strong></span> <span class='ocrx_word' id='word_1_198' title='bbox 420 1908 510 1977; x_wconf 79' lang='lat' dir='ltr'><strong>puro</strong></span> <span class='ocrx_word' id='word_1_199' title='bbox 523 1902 651 1975; x_wconf 70' lang='lat' dir='ltr'><strong>notorie,</strong></span> <span class='ocrx_word' id='word_1_200' title='bbox 667 1904 760 1980; x_wconf 87' lang='lat' dir='ltr'><strong>atque</strong></span> <span class='ocrx_word' id='word_1_201' title='bbox 773 1902 883 1969; x_wconf 87' lang='lat' dir='ltr'><strong>iisdem</strong></span> <span class='ocrx_word' id='word_1_202' title='bbox 931 1914 1061 1977; x_wconf 85' lang='lat' dir='ltr'><strong>tandem</strong></span> <span class='ocrx_word' id='word_1_203' title='bbox 1088 1914 1123 1977; x_wconf 91' lang='lat' dir='ltr'><strong>in</strong></span> <span class='ocrx_word' id='word_1_204' title='bbox 1149 1915 1230 1977; x_wconf 82' lang='lat' dir='ltr'><strong>bsoo</strong></span> <span class='ocrx_word' id='word_1_205' title='bbox 1255 1915 1355 1996; x_wconf 79' lang='lat' dir='ltr'><strong>ipsam</strong></span> <span class='ocrx_word' id='word_1_206' title='bbox 1389 1914 1575 1977; x_wconf 69' lang='lat' dir='ltr'><strong>muniam</strong></span> <span class='ocrx_word' id='word_1_207' title='bbox 1598 1913 1704 1983; x_wconf 71' lang='lat' dir='ltr'><strong>laeum</strong></span> 
     </span>
     <span class='ocr_line' id='line_1_18' title="bbox 102 1968 1704 2086; baseline 0.024 -55"><span class='ocrx_word' id='word_1_208' title='bbox 102 1968 170 2033; x_wconf 84' lang='lat' dir='ltr'><strong>iere</strong></span> <span class='ocrx_word' id='word_1_209' title='bbox 203 1974 307 2037; x_wconf 84' lang='lat' dir='ltr'><strong>verbis</strong></span> <span class='ocrx_word' id='word_1_210' title='bbox 328 1996 490 2067; x_wconf 76' lang='lat' dir='ltr'><strong>expressa.</strong></span> <span class='ocrx_word' id='word_1_211' title='bbox 517 1988 617 2061; x_wconf 80' lang='lat' dir='ltr'><strong>Quare</strong></span> <span class='ocrx_word' id='word_1_212' title='bbox 645 1998 750 2056; x_wconf 87' lang='lat' dir='ltr'><strong>autem</strong></span> <span class='ocrx_word' id='word_1_213' title='bbox 776 1996 882 2059; x_wconf 81' lang='lat' dir='ltr'><strong>ienae·</strong></span> <span class='ocrx_word' id='word_1_214' title='bbox 931 2005 1086 2086; x_wconf 79' lang='lat' dir='ltr'><strong>insignem</strong></span> <span class='ocrx_word' id='word_1_215' title='bbox 1107 2025 1147 2071; x_wconf 76' lang='lat' dir='ltr'><strong>en</strong></span> <span class='ocrx_word' id='word_1_216' title='bbox 1166 2006 1221 2069; x_wconf 88' lang='lat' dir='ltr'><strong>lib.</strong></span> <span class='ocrx_word' id='word_1_217' title='bbox 1246 2006 1282 2069; x_wconf 73' lang='lat' dir='ltr'><strong>(ie</strong></span> <span class='ocrx_word' id='word_1_218' title='bbox 1296 2004 1440 2069; x_wconf 67' lang='lat' dir='ltr'><strong>Pendere.</strong></span> <span class='ocrx_word' id='word_1_219' title='bbox 1455 2013 1483 2067; x_wconf 83' lang='lat' dir='ltr'><strong>et</strong></span> <span class='ocrx_word' id='word_1_220' title='bbox 1498 2004 1585 2068; x_wconf 85' lang='lat' dir='ltr'><strong>Grot.</strong></span> <span class='ocrx_word' id='word_1_221' title='bbox 1609 2024 1704 2086; x_wconf 82' lang='lat' dir='ltr'><strong>quem</strong></span> 
     </span>
     <span class='ocr_line' id='line_1_19' title="bbox 102 2062 1704 2179; baseline 0.022 -55"><span class='ocrx_word' id='word_1_222' title='bbox 102 2062 201 2127; x_wconf 84' lang='lat' dir='ltr'><strong>nium</strong></span> <span class='ocrx_word' id='word_1_223' title='bbox 214 2069 318 2148; x_wconf 88' lang='lat' dir='ltr'><strong>ipsum</strong></span> <span class='ocrx_word' id='word_1_224' title='bbox 333 2090 398 2134; x_wconf 91' lang='lat' dir='ltr'><strong>non</strong></span> <span class='ocrx_word' id='word_1_225' title='bbox 412 2075 526 2139; x_wconf 82' lang='lat' dir='ltr'><strong>citant?</strong></span> <span class='ocrx_word' id='word_1_226' title='bbox 540 2080 736 2159; x_wconf 72' lang='lat' dir='ltr'><strong>eiusnomen</strong></span> <span class='ocrx_word' id='word_1_227' title='bbox 750 2105 881 2153; x_wconf 89' lang='lat' dir='ltr'><strong>ournon</strong></span> <span class='ocrx_word' id='word_1_228' title='bbox 931 2098 1001 2161; x_wconf 82' lang='lat' dir='ltr'><strong>iae.</strong></span> <span class='ocrx_word' id='word_1_229' title='bbox 1038 2100 1243 2172; x_wconf 80' lang='lat' dir='ltr'><strong>Sirmandus,</strong></span> <span class='ocrx_word' id='word_1_230' title='bbox 1278 2098 1468 2179; x_wconf 84' lang='lat' dir='ltr'><strong>Theophilus</strong></span> <span class='ocrx_word' id='word_1_231' title='bbox 1498 2099 1704 2177; x_wconf 85' lang='lat' dir='ltr'><strong>Raynaudus,</strong></span> 
     </span>
     <span class='ocr_line' id='line_1_20' title="bbox 102 2156 1706 2270; baseline 0.029 -54"><span class='ocrx_word' id='word_1_232' title='bbox 102 2156 313 2223; x_wconf 82' lang='lat' dir='ltr'><strong>adscribunt?</strong></span> <span class='ocrx_word' id='word_1_233' title='bbox 333 2162 366 2226; x_wconf 86' lang='lat' dir='ltr'><strong>id</strong></span> <span class='ocrx_word' id='word_1_234' title='bbox 389 2166 515 2246; x_wconf 84' lang='lat' dir='ltr'><strong>quidem</strong></span> <span class='ocrx_word' id='word_1_235' title='bbox 533 2177 635 2238; x_wconf 88' lang='lat' dir='ltr'><strong>neseio</strong></span> <span class='ocrx_word' id='word_1_236' title='bbox 657 2196 664 2241; x_wconf 72' lang='grc' dir='ltr'>ε</span> <span class='ocrx_word' id='word_1_237' title='bbox 684 2176 831 2254; x_wconf 66' lang='lat' dir='ltr'><strong>foruna,</strong></span> <span class='ocrx_word' id='word_1_238' title='bbox 847 2181 883 2243; x_wconf 89' lang='lat' dir='ltr'><strong>in</strong></span> <span class='ocrx_word' id='word_1_239' title='bbox 932 2191 1047 2270; x_wconf 79' lang='lat' dir='ltr'><strong>aliique</strong></span> <span class='ocrx_word' id='word_1_240' title='bbox 1075 2191 1134 2253; x_wconf 86' lang='lat' dir='ltr'><strong>hos</strong></span> <span class='ocrx_word' id='word_1_241' title='bbox 1164 2192 1262 2253; x_wconf 80' lang='lat' dir='ltr'><strong>seculi</strong></span> <span class='ocrx_word' id='word_1_242' title='bbox 1297 2191 1439 2253; x_wconf 75' lang='lat' dir='ltr'><strong>tribuunt</strong></span> <span class='ocrx_word' id='word_1_243' title='bbox 1458 2188 1631 2268; x_wconf 71' lang='lat' dir='ltr'><strong>Fulssessiio·</strong></span> <span class='ocrx_word' id='word_1_244' title='bbox 1655 2190 1706 2252; x_wconf 62' lang='lat' dir='ltr'><strong>Sis</strong></span> 
     </span>
     <span class='ocr_line' id='line_1_21' title="bbox 103 2248 1705 2363; baseline 0.029 -53"><span class='ocrx_word' id='word_1_245' title='bbox 103 2248 220 2314; x_wconf 85' lang='lat' dir='ltr'><strong>odium</strong></span> <span class='ocrx_word' id='word_1_246' title='bbox 240 2257 386 2320; x_wconf 85' lang='lat' dir='ltr'><strong>auctoris.</strong></span> <span class='ocrx_word' id='word_1_247' title='bbox 402 2260 480 2335; x_wconf 82' lang='lat' dir='ltr'><strong>Quid</strong></span> <span class='ocrx_word' id='word_1_248' title='bbox 492 2264 627 2343; x_wconf 87' lang='lat' dir='ltr'><strong>quodibi</strong></span> <span class='ocrx_word' id='word_1_249' title='bbox 642 2270 762 2334; x_wconf 87' lang='lat' dir='ltr'><strong>addunt</strong></span> <span class='ocrx_word' id='word_1_250' title='bbox 774 2272 813 2335; x_wconf 88' lang='lat' dir='ltr'><strong>de</strong></span> <span class='ocrx_word' id='word_1_251' title='bbox 826 2292 882 2339; x_wconf 86' lang='lat' dir='ltr'><strong>eo·</strong></span> <span class='ocrx_word' id='word_1_252' title='bbox 932 2282 1028 2358; x_wconf 77' lang='lat' dir='ltr'><strong>igitur</strong></span> <span class='ocrx_word' id='word_1_253' title='bbox 1052 2282 1097 2345; x_wconf 91' lang='lat' dir='ltr'><strong>ibi</strong></span> <span class='ocrx_word' id='word_1_254' title='bbox 1119 2302 1187 2363; x_wconf 81' lang='lat' dir='ltr'><strong>cap.</strong></span> <span class='ocrx_word' id='word_1_255' title='bbox 1212 2300 1280 2345; x_wconf 82' lang='lat' dir='ltr'><strong>xrr.</strong></span> <span class='ocrx_word' id='word_1_256' title='bbox 1310 2282 1569 2345; x_wconf 75' lang='lat' dir='ltr'><strong>«sinemurum</strong></span> <span class='ocrx_word' id='word_1_257' title='bbox 1594 2300 1705 2362; x_wconf 73' lang='lat' dir='ltr'><strong>genno,</strong></span> 
     </span>
     <span class='ocr_line' id='line_1_22' title="bbox 102 2342 1705 2454; baseline 0.021 -52"><span class='ocrx_word' id='word_1_258' title='bbox 102 2342 173 2404; x_wconf 81' lang='lat' dir='ltr'><strong>diae</strong></span> <span class='ocrx_word' id='word_1_259' title='bbox 201 2346 402 2412; x_wconf 85' lang='lat' dir='ltr'><strong>Corbeiensi?</strong></span> <span class='ocrx_word' id='word_1_260' title='bbox 416 2352 449 2417; x_wconf 82' lang='lat' dir='ltr'><strong>ld</strong></span> <span class='ocrx_word' id='word_1_261' title='bbox 463 2373 537 2417; x_wconf 83' lang='lat' dir='ltr'><strong>vero</strong></span> <span class='ocrx_word' id='word_1_262' title='bbox 556 2375 618 2421; x_wconf 89' lang='lat' dir='ltr'><strong>non</strong></span> <span class='ocrx_word' id='word_1_263' title='bbox 640 2360 698 2441; x_wconf 87' lang='lat' dir='ltr'><strong>ipsi</strong></span> <span class='ocrx_word' id='word_1_264' title='bbox 721 2364 880 2443; x_wconf 81' lang='lat' dir='ltr'><strong>iansenio,</strong></span> <span class='ocrx_word' id='word_1_265' title='bbox 932 2375 1016 2453; x_wconf 90' lang='lat' dir='ltr'><strong>quod</strong></span> <span class='ocrx_word' id='word_1_266' title='bbox 1034 2380 1171 2438; x_wconf 82' lang='lat' dir='ltr'><strong>creatum</strong></span> <span class='ocrx_word' id='word_1_267' title='bbox 1185 2375 1329 2454; x_wconf 85' lang='lat' dir='ltr'><strong>primitus</strong></span> <span class='ocrx_word' id='word_1_268' title='bbox 1342 2380 1463 2436; x_wconf 73' lang='lat' dir='ltr'><strong>oonstm</strong></span> <span class='ocrx_word' id='word_1_269' title='bbox 1475 2392 1514 2436; x_wconf 86' lang='lat' dir='ltr'><strong>ex</strong></span> <span class='ocrx_word' id='word_1_270' title='bbox 1528 2373 1705 2451; x_wconf 90' lang='lat' dir='ltr'><strong>nihilo,non</strong></span> 
     </span>
     <span class='ocr_line' id='line_1_23' title="bbox 103 2434 1704 2546; baseline 0.022 -52"><span class='ocrx_word' id='word_1_271' title='bbox 103 2435 157 2495; x_wconf 88' lang='lat' dir='ltr'><strong>sed</strong></span> <span class='ocrx_word' id='word_1_272' title='bbox 174 2434 255 2516; x_wconf 88' lang='lat' dir='ltr'><strong>ipsis</strong></span> <span class='ocrx_word' id='word_1_273' title='bbox 269 2440 434 2507; x_wconf 85' lang='lat' dir='ltr'><strong>Jansenins</strong></span> <span class='ocrx_word' id='word_1_274' title='bbox 450 2445 552 2511; x_wconf 80' lang='lat' dir='ltr'><strong>debet.</strong></span> <span class='ocrx_word' id='word_1_275' title='bbox 569 2451 713 2531; x_wconf 88' lang='lat' dir='ltr'><strong>Ipsorum</strong></span> <span class='ocrx_word' id='word_1_276' title='bbox 723 2457 837 2530; x_wconf 86' lang='lat' dir='ltr'><strong>studio,</strong></span> <span class='ocrx_word' id='word_1_277' title='bbox 853 2464 884 2521; x_wconf 89' lang='lat' dir='ltr'><strong>ot</strong></span> <span class='ocrx_word' id='word_1_278' title='bbox 931 2467 1116 2531; x_wconf 77' lang='lat' dir='ltr'><strong>eumdsbits</strong></span> <span class='ocrx_word' id='word_1_279' title='bbox 1133 2467 1256 2542; x_wconf 75' lang='lat' dir='ltr'><strong>morlia</strong></span> <span class='ocrx_word' id='word_1_280' title='bbox 1271 2471 1304 2529; x_wconf 87' lang='lat' dir='ltr'><strong>et</strong></span> <span class='ocrx_word' id='word_1_281' title='bbox 1325 2466 1443 2546; x_wconf 85' lang='lat' dir='ltr'><strong>pseusti</strong></span> <span class='ocrx_word' id='word_1_282' title='bbox 1458 2465 1580 2545; x_wconf 76' lang='lat' dir='ltr'><strong>origine</strong></span> <span class='ocrx_word' id='word_1_283' title='bbox 1594 2484 1704 2529; x_wconf 74' lang='lat' dir='ltr'><strong>nmen-</strong></span> 
     </span>
     <span class='ocr_line' id='line_1_24' title="bbox 104 2524 1704 2637; baseline 0.021 -50"><span class='ocrx_word' id='word_1_284' title='bbox 104 2524 265 2595; x_wconf 85' lang='lat' dir='ltr'><strong>industria</strong></span> <span class='ocrx_word' id='word_1_285' title='bbox 284 2531 343 2597; x_wconf 87' lang='lat' dir='ltr'><strong>hoa</strong></span> <span class='ocrx_word' id='word_1_286' title='bbox 360 2536 543 2603; x_wconf 85' lang='lat' dir='ltr'><strong>tandemille</strong></span> <span class='ocrx_word' id='word_1_287' title='bbox 557 2548 884 2623; x_wconf 66' lang='lat' dir='ltr'><strong>estesseeutusntno·</strong></span> <span class='ocrx_word' id='word_1_288' title='bbox 932 2564 1030 2633; x_wconf 87' lang='lat' dir='ltr'><strong>retur,</strong></span> <span class='ocrx_word' id='word_1_289' title='bbox 1046 2564 1191 2622; x_wconf 85' lang='lat' dir='ltr'><strong>ettamen</strong></span> <span class='ocrx_word' id='word_1_290' title='bbox 1203 2575 1242 2620; x_wconf 87' lang='lat' dir='ltr'><strong>ex</strong></span> <span class='ocrx_word' id='word_1_291' title='bbox 1255 2559 1299 2620; x_wconf 88' lang='lat' dir='ltr'><strong>eis</strong></span> <span class='ocrx_word' id='word_1_292' title='bbox 1313 2559 1442 2619; x_wconf 85' lang='lat' dir='ltr'><strong>Oreator</strong></span> <span class='ocrx_word' id='word_1_293' title='bbox 1459 2557 1664 2637; x_wconf 85' lang='lat' dir='ltr'><strong>Omnipotens</strong></span> <span class='ocrx_word' id='word_1_294' title='bbox 1671 2560 1704 2621; x_wconf 86' lang='lat' dir='ltr'><strong>in</strong></span> 
     </span>
     <span class='ocr_line' id='line_1_25' title="bbox 103 2616 1706 2714; baseline 0.019 -35"><span class='ocrx_word' id='word_1_295' title='bbox 103 2616 169 2696; x_wconf 91' lang='lat' dir='ltr'><strong>bis,</strong></span> <span class='ocrx_word' id='word_1_296' title='bbox 205 2640 272 2685; x_wconf 92' lang='lat' dir='ltr'><strong>non</strong></span> <span class='ocrx_word' id='word_1_297' title='bbox 299 2626 426 2707; x_wconf 88' lang='lat' dir='ltr'><strong>quidem</strong></span> <span class='ocrx_word' id='word_1_298' title='bbox 445 2631 551 2695; x_wconf 86' lang='lat' dir='ltr'><strong>minus</strong></span> <span class='ocrx_word' id='word_1_299' title='bbox 576 2639 692 2713; x_wconf 83' lang='lat' dir='ltr'><strong>tutum,</strong></span> <span class='ocrx_word' id='word_1_300' title='bbox 718 2639 772 2701; x_wconf 88' lang='lat' dir='ltr'><strong>sed</strong></span> <span class='ocrx_word' id='word_1_301' title='bbox 801 2647 884 2704; x_wconf 86' lang='lat' dir='ltr'><strong>carte</strong></span> <span class='ocrx_word' id='word_1_302' title='bbox 933 2656 1087 2713; x_wconf 75' lang='lat' dir='ltr'><strong>aeternnm</strong></span> <span class='ocrx_word' id='word_1_303' title='bbox 1108 2650 1277 2714; x_wconf 88' lang='lat' dir='ltr'><strong>nonnullos</strong></span> <span class='ocrx_word' id='word_1_304' title='bbox 1303 2650 1451 2713; x_wconf 88' lang='lat' dir='ltr'><strong>damnare</strong></span> <span class='ocrx_word' id='word_1_305' title='bbox 1481 2649 1575 2713; x_wconf 82' lang='lat' dir='ltr'><strong>vellat</strong></span> <span class='ocrx_word' id='word_1_306' title='bbox 1595 2649 1706 2713; x_wconf 67' lang='lat' dir='ltr'><strong>inbri-</strong></span> 
     </span>
     <span class='ocr_line' id='line_1_26' title="bbox 103 2712 1705 2822; baseline 0.022 -50"><span class='ocrx_word' id='word_1_307' title='bbox 103 2712 216 2775; x_wconf 89' lang='lat' dir='ltr'><strong>minns</strong></span> <span class='ocrx_word' id='word_1_308' title='bbox 229 2724 421 2801; x_wconf 81' lang='lat' dir='ltr'><strong>promptum,</strong></span> <span class='ocrx_word' id='word_1_309' title='bbox 432 2729 525 2804; x_wconf 87' lang='lat' dir='ltr'><strong>atque</strong></span> <span class='ocrx_word' id='word_1_310' title='bbox 542 2728 765 2811; x_wconf 84' lang='lat' dir='ltr'><strong>expeditumsit</strong></span> <span class='ocrx_word' id='word_1_311' title='bbox 780 2736 885 2797; x_wconf 76' lang='lat' dir='ltr'><strong>eoelu-</strong></span> <span class='ocrx_word' id='word_1_312' title='bbox 932 2748 1016 2818; x_wconf 89' lang='lat' dir='ltr'><strong>tum;</strong></span> <span class='ocrx_word' id='word_1_313' title='bbox 1028 2743 1098 2822; x_wconf 87' lang='lat' dir='ltr'><strong>quis</strong></span> <span class='ocrx_word' id='word_1_314' title='bbox 1110 2743 1317 2822; x_wconf 71' lang='lat' dir='ltr'><strong>omnipotenti</strong></span> <span class='ocrx_word' id='word_1_315' title='bbox 1328 2740 1597 2817; x_wconf 82' lang='lat' dir='ltr'><strong>oreatorirlioeret3</strong></span> <span class='ocrx_word' id='word_1_316' title='bbox 1608 2760 1705 2822; x_wconf 89' lang='lat' dir='ltr'><strong>quaro</strong></span> 
     </span>
     <span class='ocr_line' id='line_1_27' title="bbox 102 2806 1705 2911; baseline 0.021 -46"><span class='ocrx_word' id='word_1_317' title='bbox 102 2806 228 2883; x_wconf 74' lang='lat' dir='ltr'><strong>gussini</strong></span> <span class='ocrx_word' id='word_1_318' title='bbox 256 2812 435 2875; x_wconf 84' lang='lat' dir='ltr'><strong>testimonio</strong></span> <span class='ocrx_word' id='word_1_319' title='bbox 468 2822 577 2889; x_wconf 67' lang='lat' dir='ltr'><strong>annua</strong></span> <span class='ocrx_word' id='word_1_320' title='bbox 606 2821 708 2902; x_wconf 85' lang='lat' dir='ltr'><strong>ipsum</strong></span> <span class='ocrx_word' id='word_1_321' title='bbox 730 2840 882 2903; x_wconf 77' lang='lat' dir='ltr'><strong>pugnare,</strong></span> <span class='ocrx_word' id='word_1_322' title='bbox 932 2834 1033 2895; x_wconf 82' lang='lat' dir='ltr'><strong>feeisti</strong></span> <span class='ocrx_word' id='word_1_323' title='bbox 1055 2832 1122 2895; x_wconf 70' lang='lat' dir='ltr'><strong>nol</strong></span> <span class='ocrx_word' id='word_1_324' title='bbox 1144 2834 1200 2908; x_wconf 84' lang='lat' dir='ltr'><strong>Qui</strong></span> <span class='ocrx_word' id='word_1_325' title='bbox 1219 2833 1315 2908; x_wconf 89' lang='lat' dir='ltr'><strong>enim,</strong></span> <span class='ocrx_word' id='word_1_326' title='bbox 1339 2851 1412 2896; x_wconf 86' lang='lat' dir='ltr'><strong>aum</strong></span> <span class='ocrx_word' id='word_1_327' title='bbox 1433 2851 1498 2894; x_wconf 88' lang='lat' dir='ltr'><strong>non</strong></span> <span class='ocrx_word' id='word_1_328' title='bbox 1512 2839 1624 2911; x_wconf 69' lang='lat' dir='ltr'><strong>eueni,</strong></span> <span class='ocrx_word' id='word_1_329' title='bbox 1640 2852 1705 2897; x_wconf 84' lang='lat' dir='ltr'><strong>asso</strong></span> 
     </span>
     <span class='ocr_line' id='line_1_28' title="bbox 103 2897 1706 3004; baseline 0.019 -45"><span class='ocrx_word' id='word_1_330' title='bbox 103 2897 307 2978; x_wconf 81' lang='lat' dir='ltr'><strong>Quanquam,</strong></span> <span class='ocrx_word' id='word_1_331' title='bbox 323 2908 359 2967; x_wconf 89' lang='lat' dir='ltr'><strong>ut</strong></span> <span class='ocrx_word' id='word_1_332' title='bbox 368 2902 482 2985; x_wconf 86' lang='lat' dir='ltr'><strong>aliquid</strong></span> <span class='ocrx_word' id='word_1_333' title='bbox 495 2909 584 2972; x_wconf 89' lang='lat' dir='ltr'><strong>uobis</strong></span> <span class='ocrx_word' id='word_1_334' title='bbox 592 2912 707 2992; x_wconf 75' lang='lat' dir='ltr'><strong>nepoui</strong></span> <span class='ocrx_word' id='word_1_335' title='bbox 720 2914 814 2993; x_wconf 86' lang='lat' dir='ltr'><strong>foret,</strong></span> <span class='ocrx_word' id='word_1_336' title='bbox 830 2923 885 2980; x_wconf 87' lang='lat' dir='ltr'><strong>aut</strong></span> <span class='ocrx_word' id='word_1_337' title='bbox 934 2925 1116 3000; x_wconf 82' lang='lat' dir='ltr'><strong>donaverat,</strong></span> <span class='ocrx_word' id='word_1_338' title='bbox 1144 2943 1207 3004; x_wconf 85' lang='lat' dir='ltr'><strong>quo</strong></span> <span class='ocrx_word' id='word_1_339' title='bbox 1229 2925 1293 2987; x_wconf 83' lang='lat' dir='ltr'><strong>iine</strong></span> <span class='ocrx_word' id='word_1_340' title='bbox 1315 2930 1417 2986; x_wconf 76' lang='lat' dir='ltr'><strong>essent</strong></span> <span class='ocrx_word' id='word_1_341' title='bbox 1438 2924 1549 2985; x_wconf 84' lang='lat' dir='ltr'><strong>habuit</strong></span> <span class='ocrx_word' id='word_1_342' title='bbox 1573 2929 1706 3003; x_wconf 80' lang='lat' dir='ltr'><strong>potesta·</strong></span> 
     </span>
     <span class='ocr_line' id='line_1_29' title="bbox 102 2992 1703 3093; baseline 0.028 -42"><span class='ocrx_word' id='word_1_343' title='bbox 102 3008 206 3053; x_wconf 83' lang='lat' dir='ltr'><strong>morae</strong></span> <span class='ocrx_word' id='word_1_344' title='bbox 224 2992 266 3054; x_wconf 83' lang='lat' dir='ltr'><strong>ab</strong></span> <span class='ocrx_word' id='word_1_345' title='bbox 283 2992 340 3059; x_wconf 84' lang='lat' dir='ltr'><strong>isto</strong></span> <span class='ocrx_word' id='word_1_346' title='bbox 359 2996 463 3061; x_wconf 88' lang='lat' dir='ltr'><strong>eodiee</strong></span> <span class='ocrx_word' id='word_1_347' title='bbox 482 3000 673 3083; x_wconf 68' lang='lat' dir='ltr'><strong>corbeiensi,</strong></span> <span class='ocrx_word' id='word_1_348' title='bbox 698 3006 884 3071; x_wconf 84' lang='lat' dir='ltr'><strong>alterutrum</strong></span> <span class='ocrx_word' id='word_1_349' title='bbox 933 3022 1007 3081; x_wconf 77' lang='lat' dir='ltr'><strong>tem.</strong></span> <span class='ocrx_word' id='word_1_350' title='bbox 1023 3018 1111 3092; x_wconf 73' lang='lat' dir='ltr'><strong>»Qui</strong></span> <span class='ocrx_word' id='word_1_351' title='bbox 1123 3017 1241 3081; x_wconf 87' lang='lat' dir='ltr'><strong>librum</strong></span> <span class='ocrx_word' id='word_1_352' title='bbox 1260 3017 1357 3082; x_wconf 81' lang='lat' dir='ltr'><strong>isram</strong></span> <span class='ocrx_word' id='word_1_353' title='bbox 1370 3035 1390 3077; x_wconf 74' lang='lat' dir='ltr'><strong>a</strong></span> <span class='ocrx_word' id='word_1_354' title='bbox 1404 3014 1568 3093; x_wconf 79' lang='lat' dir='ltr'><strong>Fulgentio</strong></span> <span class='ocrx_word' id='word_1_355' title='bbox 1581 3015 1703 3093; x_wconf 57' lang='lat' dir='ltr'><strong>iiiiii*</strong></span> 
     </span>
     <span class='ocr_line' id='line_1_30' title="bbox 103 3082 1704 3187; baseline 0.013 -36"><span class='ocrx_word' id='word_1_356' title='bbox 103 3082 201 3146; x_wconf 75' lang='lat' dir='ltr'><strong>nobis</strong></span> <span class='ocrx_word' id='word_1_357' title='bbox 220 3086 885 3170; x_wconf 80' lang='lat' dir='ltr'><strong>proheredebuiuent‚enteumexiisunun</strong></span> <span class='ocrx_word' id='word_1_358' title='bbox 933 3114 1016 3185; x_wconf 85' lang='lat' dir='ltr'><strong>eant,</strong></span> <span class='ocrx_word' id='word_1_359' title='bbox 1029 3110 1119 3171; x_wconf 88' lang='lat' dir='ltr'><strong>aiunt</strong></span> <span class='ocrx_word' id='word_1_360' title='bbox 1139 3108 1245 3171; x_wconf 83' lang='lat' dir='ltr'><strong>laeum</strong></span> <span class='ocrx_word' id='word_1_361' title='bbox 1267 3109 1436 3171; x_wconf 84' lang='lat' dir='ltr'><strong>nitatuma</strong></span> <span class='ocrx_word' id='word_1_362' title='bbox 1460 3107 1615 3187; x_wconf 83' lang='lat' dir='ltr'><strong>Fulgentii</strong></span> <span class='ocrx_word' id='word_1_363' title='bbox 1629 3109 1704 3172; x_wconf 85' lang='lat' dir='ltr'><strong>doe-</strong></span> 
     </span>
     <span class='ocr_line' id='line_1_31' title="bbox 103 3178 1795 3289; baseline 0.019 -54"><span class='ocrx_word' id='word_1_364' title='bbox 103 3193 172 3239; x_wconf 91' lang='lat' dir='ltr'><strong>non</strong></span> <span class='ocrx_word' id='word_1_365' title='bbox 195 3194 274 3256; x_wconf 84' lang='lat' dir='ltr'><strong>esse,</strong></span> <span class='ocrx_word' id='word_1_366' title='bbox 290 3178 343 3261; x_wconf 89' lang='lat' dir='ltr'><strong>qui</strong></span> <span class='ocrx_word' id='word_1_367' title='bbox 359 3182 522 3268; x_wconf 70' lang='lat' dir='ltr'><strong>conscripti</strong></span> <span class='ocrx_word' id='word_1_368' title='bbox 540 3193 614 3249; x_wconf 87' lang='lat' dir='ltr'><strong>sunt</strong></span> <span class='ocrx_word' id='word_1_369' title='bbox 632 3207 718 3253; x_wconf 91' lang='lat' dir='ltr'><strong>nono</strong></span> <span class='ocrx_word' id='word_1_370' title='bbox 736 3193 884 3257; x_wconf 82' lang='lat' dir='ltr'><strong>saeeuloa</strong></span> <span class='ocrx_word' id='word_1_371' title='bbox 932 3202 1016 3265; x_wconf 82' lang='lat' dir='ltr'><strong>trine</strong></span> <span class='ocrx_word' id='word_1_372' title='bbox 1029 3202 1157 3267; x_wconf 83' lang='lat' dir='ltr'><strong>omnino</strong></span> <span class='ocrx_word' id='word_1_373' title='bbox 1170 3201 1311 3265; x_wconf 83' lang='lat' dir='ltr'><strong>alienum</strong></span> <span class='ocrx_word' id='word_1_374' title='bbox 1330 3199 1440 3263; x_wconf 80' lang='lat' dir='ltr'><strong>rideri.</strong></span> <span class='ocrx_word' id='word_1_375' title='bbox 1461 3200 1526 3280; x_wconf 67' lang='lat' dir='ltr'><strong>ligo</strong></span> <span class='ocrx_word' id='word_1_376' title='bbox 1544 3202 1706 3269; x_wconf 72' lang='lat' dir='ltr'><strong>uerenini</strong></span> <span class='ocrx_word' id='word_1_377' title='bbox 1787 3276 1795 3289; x_wconf 24' lang='grc' dir='ltr'>ἱ</span> 
     </span>
     <span class='ocr_line' id='line_1_32' title="bbox 103 3276 1704 3375; baseline 0.012 -36"><span class='ocrx_word' id='word_1_378' title='bbox 103 3276 273 3355; x_wconf 69' lang='lat' dir='ltr'><strong>menophis</strong></span> <span class='ocrx_word' id='word_1_379' title='bbox 287 3280 532 3363; x_wconf 78' lang='lat' dir='ltr'><strong>corbeiensibus,</strong></span> <span class='ocrx_word' id='word_1_380' title='bbox 545 3305 624 3368; x_wconf 84' lang='lat' dir='ltr'><strong>quos</strong></span> <span class='ocrx_word' id='word_1_381' title='bbox 636 3298 757 3355; x_wconf 84' lang='lat' dir='ltr'><strong>onustat</strong></span> <span class='ocrx_word' id='word_1_382' title='bbox 769 3294 883 3361; x_wconf 81' lang='lat' dir='ltr'><strong>Gotho·</strong></span> <span class='ocrx_word' id='word_1_383' title='bbox 933 3310 984 3357; x_wconf 88' lang='lat' dir='ltr'><strong>me</strong></span> <span class='ocrx_word' id='word_1_384' title='bbox 997 3294 1169 3357; x_wconf 72' lang='lat' dir='ltr'><strong>rennueret</strong></span> <span class='ocrx_word' id='word_1_385' title='bbox 1182 3293 1255 3373; x_wconf 82' lang='lat' dir='ltr'><strong>styli</strong></span> <span class='ocrx_word' id='word_1_386' title='bbox 1265 3290 1493 3366; x_wconf 79' lang='lat' dir='ltr'><strong>dissimilitudo,</strong></span> <span class='ocrx_word' id='word_1_387' title='bbox 1509 3309 1618 3372; x_wconf 81' lang='lat' dir='ltr'><strong>eaque,</strong></span> <span class='ocrx_word' id='word_1_388' title='bbox 1633 3312 1704 3375; x_wconf 74' lang='lat' dir='ltr'><strong>qna</strong></span> 
     </span>
     <span class='ocr_line' id='line_1_33' title="bbox 103 3369 1706 3466; baseline 0.016 -37"><span class='ocrx_word' id='word_1_389' title='bbox 103 3369 208 3431; x_wconf 83' lang='lat' dir='ltr'><strong>soaleo</strong></span> <span class='ocrx_word' id='word_1_390' title='bbox 226 3370 348 3448; x_wconf 70' lang='lat' dir='ltr'><strong>babae,</strong></span> <span class='ocrx_word' id='word_1_391' title='bbox 363 3381 406 3449; x_wconf 84' lang='lat' dir='ltr'><strong>ot,</strong></span> <span class='ocrx_word' id='word_1_392' title='bbox 422 3396 493 3457; x_wconf 72' lang='lat' dir='ltr'><strong>qaae</strong></span> <span class='ocrx_word' id='word_1_393' title='bbox 513 3379 643 3461; x_wconf 85' lang='lat' dir='ltr'><strong>quisque</strong></span> <span class='ocrx_word' id='word_1_394' title='bbox 661 3383 706 3445; x_wconf 91' lang='lat' dir='ltr'><strong>illi</strong></span> <span class='ocrx_word' id='word_1_395' title='bbox 721 3386 821 3465; x_wconf 77' lang='lat' dir='ltr'><strong>magis</strong></span> <span class='ocrx_word' id='word_1_396' title='bbox 838 3386 883 3451; x_wconf 86' lang='lat' dir='ltr'><strong>ei-</strong></span> <span class='ocrx_word' id='word_1_397' title='bbox 933 3385 972 3449; x_wconf 87' lang='lat' dir='ltr'><strong>do</strong></span> <span class='ocrx_word' id='word_1_398' title='bbox 995 3386 1093 3447; x_wconf 83' lang='lat' dir='ltr'><strong>bbere</strong></span> <span class='ocrx_word' id='word_1_399' title='bbox 1112 3385 1241 3447; x_wconf 85' lang='lat' dir='ltr'><strong>arbitrio</strong></span> <span class='ocrx_word' id='word_1_400' title='bbox 1262 3385 1470 3466; x_wconf 74' lang='lat' dir='ltr'><strong>dioputsmnr,</strong></span> <span class='ocrx_word' id='word_1_401' title='bbox 1494 3401 1562 3465; x_wconf 77' lang='lat' dir='ltr'><strong>esp·</strong></span> <span class='ocrx_word' id='word_1_402' title='bbox 1577 3400 1612 3447; x_wconf 67' lang='grc' dir='ltr'><strong>[ι</strong></span> <span class='ocrx_word' id='word_1_403' title='bbox 1629 3390 1661 3447; x_wconf 76' lang='lat' dir='ltr'><strong>oi</strong></span> <span class='ocrx_word' id='word_1_404' title='bbox 1673 3402 1706 3450; x_wconf 81' lang='lat'><strong>11</strong></span> 
     </span>
     <span class='ocr_line' id='line_1_34' title="bbox 102 3460 1706 3558; baseline 0.012 -36"><span class='ocrx_word' id='word_1_405' title='bbox 102 3460 203 3525; x_wconf 84' lang='lat' dir='ltr'><strong>tinere</strong></span> <span class='ocrx_word' id='word_1_406' title='bbox 215 3465 354 3544; x_wconf 81' lang='lat' dir='ltr'><strong>putabat,</strong></span> <span class='ocrx_word' id='word_1_407' title='bbox 365 3468 442 3531; x_wconf 86' lang='lat' dir='ltr'><strong>alios</strong></span> <span class='ocrx_word' id='word_1_408' title='bbox 455 3469 516 3533; x_wconf 85' lang='lat' dir='ltr'><strong>alie</strong></span> <span class='ocrx_word' id='word_1_409' title='bbox 530 3474 656 3537; x_wconf 87' lang='lat' dir='ltr'><strong>Petrum</strong></span> <span class='ocrx_word' id='word_1_410' title='bbox 665 3476 733 3539; x_wconf 87' lang='lat' dir='ltr'><strong>looa</strong></span> <span class='ocrx_word' id='word_1_411' title='bbox 741 3478 882 3556; x_wconf 66' lang='lat' dir='ltr'><strong>vitiosam</strong></span> <span class='ocrx_word' id='word_1_412' title='bbox 932 3483 1001 3541; x_wconf 88' lang='lat' dir='ltr'><strong>tum</strong></span> <span class='ocrx_word' id='word_1_413' title='bbox 1010 3478 1049 3541; x_wconf 89' lang='lat' dir='ltr'><strong>de</strong></span> <span class='ocrx_word' id='word_1_414' title='bbox 1062 3479 1238 3551; x_wconf 74' lang='lat' dir='ltr'><strong>Pharaone,</strong></span> <span class='ocrx_word' id='word_1_415' title='bbox 1253 3483 1285 3540; x_wconf 80' lang='lat' dir='ltr'><strong>ei</strong></span> <span class='ocrx_word' id='word_1_416' title='bbox 1295 3476 1706 3558; x_wconf 66' lang='lat' dir='ltr'><strong>Nammoaososoresm</strong></span> 
     </span>
     <span class='ocr_line' id='line_1_35' title="bbox 103 3559 1704 3649; baseline 0.01 -32"><span class='ocrx_word' id='word_1_417' title='bbox 103 3562 161 3621; x_wconf 85' lang='lat' dir='ltr'><strong>aut</strong></span> <span class='ocrx_word' id='word_1_418' title='bbox 176 3559 356 3623; x_wconf 77' lang='lat' dir='ltr'><strong>certainter</strong></span> <span class='ocrx_word' id='word_1_419' title='bbox 372 3561 521 3638; x_wconf 82' lang='lat' dir='ltr'><strong>Jansenii,</strong></span> <span class='ocrx_word' id='word_1_420' title='bbox 537 3567 792 3633; x_wconf 83' lang='lat' dir='ltr'><strong>eiGothesoslobl</strong></span> <span class='ocrx_word' id='word_1_421' title='bbox 806 3571 880 3635; x_wconf 89' lang='lat' dir='ltr'><strong>doo-</strong></span> <span class='ocrx_word' id='word_1_422' title='bbox 933 3569 967 3631; x_wconf 90' lang='lat' dir='ltr'><strong>in</strong></span> <span class='ocrx_word' id='word_1_423' title='bbox 990 3569 1125 3633; x_wconf 85' lang='lat' dir='ltr'><strong>uliomm</strong></span> <span class='ocrx_word' id='word_1_424' title='bbox 1159 3570 1345 3633; x_wconf 76' lang='lat' dir='ltr'><strong>sentenbam</strong></span> <span class='ocrx_word' id='word_1_425' title='bbox 1372 3569 1465 3649; x_wconf 83' lang='lat' dir='ltr'><strong>plane</strong></span> <span class='ocrx_word' id='word_1_426' title='bbox 1492 3569 1704 3633; x_wconf 74' lang='lat' dir='ltr'><strong>monadorum.</strong></span> 
     </span>
     <span class='ocr_line' id='line_1_36' title="bbox 103 3647 1706 3744; baseline 0.011 -36"><span class='ocrx_word' id='word_1_427' title='bbox 103 3647 229 3713; x_wconf 71' lang='lat' dir='ltr'><strong>binam</strong></span> <span class='ocrx_word' id='word_1_428' title='bbox 243 3666 309 3713; x_wconf 82' lang='lat' dir='ltr'><strong>nnn</strong></span> <span class='ocrx_word' id='word_1_429' title='bbox 332 3654 617 3735; x_wconf 85' lang='lat' dir='ltr'><strong>paraminteresse,</strong></span> <span class='ocrx_word' id='word_1_430' title='bbox 641 3676 743 3740; x_wconf 85' lang='lat' dir='ltr'><strong>neque</strong></span> <span class='ocrx_word' id='word_1_431' title='bbox 757 3661 884 3729; x_wconf 70' lang='lat' dir='ltr'><strong>maenus</strong></span> <span class='ocrx_word' id='word_1_432' title='bbox 932 3663 1011 3724; x_wconf 81' lang='lat' dir='ltr'><strong>Nam</strong></span> <span class='ocrx_word' id='word_1_433' title='bbox 1033 3663 1133 3724; x_wconf 88' lang='lat' dir='ltr'><strong>sioubi</strong></span> <span class='ocrx_word' id='word_1_434' title='bbox 1155 3661 1349 3742; x_wconf 75' lang='lat' dir='ltr'><strong>Fulgentius,</strong></span> <span class='ocrx_word' id='word_1_435' title='bbox 1373 3666 1404 3722; x_wconf 89' lang='lat' dir='ltr'><strong>et</strong></span> <span class='ocrx_word' id='word_1_436' title='bbox 1423 3661 1615 3741; x_wconf 74' lang='lat' dir='ltr'><strong>Augustinus</strong></span> <span class='ocrx_word' id='word_1_437' title='bbox 1639 3663 1706 3744; x_wconf 83' lang='lat' dir='ltr'><strong>ipro</strong></span> 
     </span>
     <span class='ocr_line' id='line_1_37' title="bbox 103 3739 1705 3833; baseline 0.021 -33"><span class='ocrx_word' id='word_1_438' title='bbox 103 3739 430 3819; x_wconf 79' lang='lat' dir='ltr'><strong>abnlteroexaitains,</strong></span> <span class='ocrx_word' id='word_1_439' title='bbox 446 3754 538 3825; x_wconf 83' lang='lat' dir='ltr'><strong>atque</strong></span> <span class='ocrx_word' id='word_1_440' title='bbox 551 3750 738 3819; x_wconf 70' lang='lat' dir='ltr'><strong>mammatae</strong></span> <span class='ocrx_word' id='word_1_441' title='bbox 751 3772 882 3819; x_wconf 75' lang='lat' dir='ltr'><strong>erronea</strong></span> <span class='ocrx_word' id='word_1_442' title='bbox 932 3756 1124 3819; x_wconf 76' lang='lat' dir='ltr'><strong>eonirenum</strong></span> <span class='ocrx_word' id='word_1_443' title='bbox 1149 3755 1259 3817; x_wconf 81' lang='lat' dir='ltr'><strong>donare</strong></span> <span class='ocrx_word' id='word_1_444' title='bbox 1284 3754 1440 3827; x_wconf 74' lang='lat' dir='ltr'><strong>uidentur,</strong></span> <span class='ocrx_word' id='word_1_445' title='bbox 1469 3753 1510 3814; x_wconf 88' lang='lat' dir='ltr'><strong>ud</strong></span> <span class='ocrx_word' id='word_1_446' title='bbox 1529 3753 1631 3833; x_wconf 65' lang='lat' dir='ltr'><strong>lflffflm</strong></span> <span class='ocrx_word' id='word_1_447' title='bbox 1648 3755 1705 3819; x_wconf 62' lang='grc' dir='ltr'><strong><em>Μ</em></strong></span> 
     </span>
     <span class='ocr_line' id='line_1_38' title="bbox 102 3831 1704 3928; baseline 0.011 -36"><span class='ocrx_word' id='word_1_448' title='bbox 102 3831 201 3899; x_wconf 81' lang='lat' dir='ltr'><strong>Nune</strong></span> <span class='ocrx_word' id='word_1_449' title='bbox 213 3851 301 3911; x_wconf 80' lang='lat' dir='ltr'><strong>aero,</strong></span> <span class='ocrx_word' id='word_1_450' title='bbox 324 3854 397 3903; x_wconf 85' lang='lat' dir='ltr'><strong>num</strong></span> <span class='ocrx_word' id='word_1_451' title='bbox 417 3838 453 3899; x_wconf 88' lang='lat' dir='ltr'><strong>bi</strong></span> <span class='ocrx_word' id='word_1_452' title='bbox 469 3846 618 3907; x_wconf 88' lang='lat' dir='ltr'><strong>neutrum</strong></span> <span class='ocrx_word' id='word_1_453' title='bbox 630 3845 783 3924; x_wconf 66' lang='lat' dir='ltr'><strong>probanti</strong></span> <span class='ocrx_word' id='word_1_454' title='bbox 804 3849 881 3919; x_wconf 85' lang='lat' dir='ltr'><strong>imo,</strong></span> <span class='ocrx_word' id='word_1_455' title='bbox 933 3847 1122 3909; x_wconf 85' lang='lat' dir='ltr'><strong>ordinariam</strong></span> <span class='ocrx_word' id='word_1_456' title='bbox 1138 3852 1279 3928; x_wconf 84' lang='lat' dir='ltr'><strong>speetant</strong></span> <span class='ocrx_word' id='word_1_457' title='bbox 1289 3845 1357 3924; x_wconf 86' lang='lat' dir='ltr'><strong>jam</strong></span> <span class='ocrx_word' id='word_1_458' title='bbox 1375 3844 1470 3907; x_wconf 88' lang='lat' dir='ltr'><strong>semel</strong></span> <span class='ocrx_word' id='word_1_459' title='bbox 1489 3844 1596 3920; x_wconf 86' lang='lat' dir='ltr'><strong>latam,</strong></span> <span class='ocrx_word' id='word_1_460' title='bbox 1620 3851 1652 3907; x_wconf 88' lang='lat' dir='ltr'><strong>et</strong></span> <span class='ocrx_word' id='word_1_461' title='bbox 1670 3847 1704 3909; x_wconf 90' lang='lat' dir='ltr'><strong>in</strong></span> 
     </span>
     <span class='ocr_line' id='line_1_39' title="bbox 103 3924 1702 4021; baseline 0.023 -36"><span class='ocrx_word' id='word_1_462' title='bbox 103 3924 195 4005; x_wconf 85' lang='lat' dir='ltr'><strong>quod</strong></span> <span class='ocrx_word' id='word_1_463' title='bbox 218 3926 259 3989; x_wconf 86' lang='lat' dir='ltr'><strong>ad</strong></span> <span class='ocrx_word' id='word_1_464' title='bbox 289 3928 424 4008; x_wconf 82' lang='lat' dir='ltr'><strong>primurn</strong></span> <span class='ocrx_word' id='word_1_465' title='bbox 447 3932 567 4008; x_wconf 86' lang='lat' dir='ltr'><strong>attinet,</strong></span> <span class='ocrx_word' id='word_1_466' title='bbox 587 3936 696 4010; x_wconf 82' lang='lat' dir='ltr'><strong>malta,</strong></span> <span class='ocrx_word' id='word_1_467' title='bbox 719 3944 750 4000; x_wconf 89' lang='lat' dir='ltr'><strong>et</strong></span> <span class='ocrx_word' id='word_1_468' title='bbox 766 3941 884 4019; x_wconf 80' lang='lat' dir='ltr'><strong>pravis-</strong></span> <span class='ocrx_word' id='word_1_469' title='bbox 934 3937 1103 4018; x_wconf 70' lang='lat' dir='ltr'><strong>erepturi·</strong></span> <span class='ocrx_word' id='word_1_470' title='bbox 1113 3955 1302 4021; x_wconf 65' lang='lat' dir='ltr'><strong>expiem,</strong></span> <span class='ocrx_word' id='word_1_471' title='bbox 1318 3935 1562 4017; x_wconf 61' lang='lat' dir='ltr'><strong>qlfflliefflultffl</strong></span> <span class='ocrx_word' id='word_1_472' title='bbox 1575 3937 1702 4018; x_wconf 61' lang='lat' dir='ltr'><strong>reram,</strong></span> 
     </span>
     <span class='ocr_line' id='line_1_40' title="bbox 103 4018 1703 4108; baseline 0.006 -27"><span class='ocrx_word' id='word_1_473' title='bbox 103 4018 188 4081; x_wconf 74' lang='lat' dir='ltr'><strong>sim</strong></span> <span class='ocrx_word' id='word_1_474' title='bbox 201 4018 238 4079; x_wconf 91' lang='lat' dir='ltr'><strong>in</strong></span> <span class='ocrx_word' id='word_1_475' title='bbox 252 4021 436 4085; x_wconf 78' lang='lat' dir='ltr'><strong>eontrarium</strong></span> <span class='ocrx_word' id='word_1_476' title='bbox 458 4030 579 4102; x_wconf 83' lang='lat' dir='ltr'><strong>portem</strong></span> <span class='ocrx_word' id='word_1_477' title='bbox 601 4027 882 4095; x_wconf 81' lang='lat' dir='ltr'><strong>afferatBnrtbolo·</strong></span> <span class='ocrx_word' id='word_1_478' title='bbox 932 4047 965 4093; x_wconf 86' lang='lat' dir='ltr'><strong>se</strong></span> <span class='ocrx_word' id='word_1_479' title='bbox 978 4031 1137 4093; x_wconf 86' lang='lat' dir='ltr'><strong>neminem</strong></span> <span class='ocrx_word' id='word_1_480' title='bbox 1149 4028 1213 4091; x_wconf 79' lang='lat' dir='ltr'><strong>rrllo</strong></span> <span class='ocrx_word' id='word_1_481' title='bbox 1227 4027 1368 4091; x_wconf 69' lang='lat' dir='ltr'><strong>mnemia</strong></span> <span class='ocrx_word' id='word_1_482' title='bbox 1381 4026 1576 4103; x_wconf 83' lang='lat' dir='ltr'><strong>aileeturum,</strong></span> <span class='ocrx_word' id='word_1_483' title='bbox 1591 4026 1625 4089; x_wconf 90' lang='lat' dir='ltr'><strong>lu</strong></span> <span class='ocrx_word' id='word_1_484' title='bbox 1640 4047 1703 4108; x_wconf 83' lang='lat' dir='ltr'><strong>qno</strong></span> 
     </span>
     <span class='ocr_line' id='line_1_41' title="bbox 104 4111 1704 4203; baseline 0.005 -26"><span class='ocrx_word' id='word_1_485' title='bbox 104 4128 211 4177; x_wconf 71' lang='lat' dir='ltr'><strong>mutus</strong></span> <span class='ocrx_word' id='word_1_486' title='bbox 236 4111 380 4175; x_wconf 84' lang='lat' dir='ltr'><strong>German.</strong></span> <span class='ocrx_word' id='word_1_487' title='bbox 406 4132 424 4176; x_wconf 89' lang='lat' dir='ltr'><strong>o</strong></span> <span class='ocrx_word' id='word_1_488' title='bbox 449 4123 556 4183; x_wconf 86' lang='lat' dir='ltr'><strong>nostra</strong></span> <span class='ocrx_word' id='word_1_489' title='bbox 583 4119 733 4183; x_wconf 75' lang='lat' dir='ltr'><strong>Societate</strong></span> <span class='ocrx_word' id='word_1_490' title='bbox 756 4121 811 4185; x_wconf 87' lang='lat' dir='ltr'><strong>lib.</strong></span> <span class='ocrx_word' id='word_1_491' title='bbox 841 4125 882 4201; x_wconf 89' lang='lat' dir='ltr'><strong>ll,</strong></span> <span class='ocrx_word' id='word_1_492' title='bbox 932 4122 1021 4202; x_wconf 89' lang='lat' dir='ltr'><strong>onlpn</strong></span> <span class='ocrx_word' id='word_1_493' title='bbox 1035 4123 1086 4184; x_wconf 81' lang='lat' dir='ltr'><strong>vel</strong></span> <span class='ocrx_word' id='word_1_494' title='bbox 1106 4122 1214 4203; x_wconf 85' lang='lat' dir='ltr'><strong>ipsius,</strong></span> <span class='ocrx_word' id='word_1_495' title='bbox 1238 4121 1290 4182; x_wconf 85' lang='lat' dir='ltr'><strong>rel</strong></span> <span class='ocrx_word' id='word_1_496' title='bbox 1301 4120 1404 4182; x_wconf 75' lang='lat' dir='ltr'><strong>sliam</strong></span> <span class='ocrx_word' id='word_1_497' title='bbox 1421 4119 1547 4181; x_wconf 81' lang='lat' dir='ltr'><strong>inventa</strong></span> <span class='ocrx_word' id='word_1_498' title='bbox 1565 4137 1630 4183; x_wconf 84' lang='lat' dir='ltr'><strong>aon</strong></span> <span class='ocrx_word' id='word_1_499' title='bbox 1649 4121 1704 4184; x_wconf 83' lang='lat' dir='ltr'><strong>sit.</strong></span> 
     </span>
     <span class='ocr_line' id='line_1_42' title="bbox 104 4194 1702 4295; baseline 0.008 -32"><span class='ocrx_word' id='word_1_500' title='bbox 104 4221 137 4283; x_wconf 88' lang='lat' dir='ltr'><strong>p.</strong></span> <span class='ocrx_word' id='word_1_501' title='bbox 155 4205 191 4279; x_wconf 84' lang='lat'><strong>3,</strong></span> <span class='ocrx_word' id='word_1_502' title='bbox 207 4220 277 4284; x_wconf 65' lang='lat' dir='ltr'><strong>rap.</strong></span> <span class='ocrx_word' id='word_1_503' title='bbox 292 4220 324 4279; x_wconf 84' lang='lat' dir='ltr'><strong>u,</strong></span> <span class='ocrx_word' id='word_1_504' title='bbox 340 4211 372 4269; x_wconf 85' lang='lat' dir='ltr'><strong>et</strong></span> <span class='ocrx_word' id='word_1_505' title='bbox 383 4223 455 4286; x_wconf 72' lang='lat' dir='ltr'><strong>pag.</strong></span> <span class='ocrx_word' id='word_1_506' title='bbox 471 4209 542 4287; x_wconf 72' lang='lat' dir='ltr'><strong>bii,</strong></span> <span class='ocrx_word' id='word_1_507' title='bbox 553 4214 584 4271; x_wconf 86' lang='lat' dir='ltr'><strong>et</strong></span> <span class='ocrx_word' id='word_1_508' title='bbox 596 4210 647 4275; x_wconf 86' lang='lat' dir='ltr'><strong>isti</strong></span> <span class='ocrx_word' id='word_1_509' title='bbox 660 4212 702 4275; x_wconf 87' lang='grc' dir='ltr'><strong>Μ.</strong></span> <span class='ocrx_word' id='word_1_510' title='bbox 720 4212 754 4274; x_wconf 81' lang='lat' dir='ltr'><strong>S.</strong></span> <span class='ocrx_word' id='word_1_511' title='bbox 765 4233 805 4277; x_wconf 83' lang='lat' dir='ltr'><strong>ex</strong></span> <span class='ocrx_word' id='word_1_512' title='bbox 816 4214 885 4295; x_wconf 79' lang='lat' dir='ltr'><strong>ipss</strong></span> <span class='ocrx_word' id='word_1_513' title='bbox 933 4215 1050 4276; x_wconf 77' lang='lat' dir='ltr'><strong>Contra</strong></span> <span class='ocrx_word' id='word_1_514' title='bbox 1062 4232 1136 4278; x_wconf 77' lang='lat' dir='ltr'><strong>voro</strong></span> <span class='ocrx_word' id='word_1_515' title='bbox 1151 4215 1186 4275; x_wconf 88' lang='lat' dir='ltr'><strong>in</strong></span> <span class='ocrx_word' id='word_1_516' title='bbox 1196 4213 1271 4275; x_wconf 90' lang='lat' dir='ltr'><strong>loeis</strong></span> <span class='ocrx_word' id='word_1_517' title='bbox 1285 4232 1305 4273; x_wconf 83' lang='lat' dir='ltr'><strong>a</strong></span> <span class='ocrx_word' id='word_1_518' title='bbox 1317 4211 1407 4273; x_wconf 89' lang='lat' dir='ltr'><strong>nobis</strong></span> <span class='ocrx_word' id='word_1_519' title='bbox 1427 4194 1526 4273; x_wconf 80' lang='lat' dir='ltr'><strong>oitaiis</strong></span> <span class='ocrx_word' id='word_1_520' title='bbox 1548 4212 1653 4289; x_wconf 88' lang='lat' dir='ltr'><strong>modo,</strong></span> <span class='ocrx_word' id='word_1_521' title='bbox 1668 4213 1702 4275; x_wconf 90' lang='lat' dir='ltr'><strong>id</strong></span> 
     </span>
     <span class='ocr_line' id='line_1_43' title="bbox 103 4295 1703 4387; baseline 0.024 -32"><span class='ocrx_word' id='word_1_522' title='bbox 103 4295 178 4374; x_wconf 69' lang='lat' dir='ltr'><strong>eus</strong></span> <span class='ocrx_word' id='word_1_523' title='bbox 197 4301 289 4359; x_wconf 72' lang='lat' dir='ltr'><strong>etate</strong></span> <span class='ocrx_word' id='word_1_524' title='bbox 302 4296 397 4361; x_wconf 81' lang='lat' dir='ltr'><strong>neem</strong></span> <span class='ocrx_word' id='word_1_525' title='bbox 410 4298 557 4380; x_wconf 56' lang='lat' dir='ltr'><strong>sumpt,</strong></span> <span class='ocrx_word' id='word_1_526' title='bbox 579 4304 663 4383; x_wconf 81' lang='lat' dir='ltr'><strong>quoa</strong></span> <span class='ocrx_word' id='word_1_527' title='bbox 685 4309 791 4369; x_wconf 81' lang='lat' dir='ltr'><strong>autem</strong></span> <span class='ocrx_word' id='word_1_528' title='bbox 814 4308 884 4370; x_wconf 77' lang='lat' dir='ltr'><strong>atti-</strong></span> <span class='ocrx_word' id='word_1_529' title='bbox 931 4311 1055 4370; x_wconf 74' lang='lat' dir='ltr'><strong>aarum</strong></span> <span class='ocrx_word' id='word_1_530' title='bbox 1064 4305 1307 4387; x_wconf 68' lang='lat' dir='ltr'><strong>sponsaeque</strong></span> <span class='ocrx_word' id='word_1_531' title='bbox 1315 4307 1703 4377; x_wconf 58' lang='lat' dir='ltr'><strong>neusuteorerurnom·</strong></span> 
     </span>
     <span class='ocr_line' id='line_1_44' title="bbox 104 4388 1703 4480; baseline 0.011 -32"><span class='ocrx_word' id='word_1_532' title='bbox 104 4394 162 4459; x_wconf 83' lang='lat' dir='ltr'><strong>pet</strong></span> <span class='ocrx_word' id='word_1_533' title='bbox 176 4388 219 4453; x_wconf 85' lang='lat' dir='ltr'><strong>sd</strong></span> <span class='ocrx_word' id='word_1_534' title='bbox 231 4390 413 4463; x_wconf 84' lang='lat' dir='ltr'><strong>seoupdum,</strong></span> <span class='ocrx_word' id='word_1_535' title='bbox 424 4393 615 4459; x_wconf 84' lang='lat' dir='ltr'><strong>eontradioat</strong></span> <span class='ocrx_word' id='word_1_536' title='bbox 627 4397 794 4467; x_wconf 84' lang='lat' dir='ltr'><strong>ianseuius</strong></span> <span class='ocrx_word' id='word_1_537' title='bbox 805 4398 883 4480; x_wconf 88' lang='lat' dir='ltr'><strong>ipso,</strong></span> <span class='ocrx_word' id='word_1_538' title='bbox 932 4399 1022 4460; x_wconf 90' lang='lat' dir='ltr'><strong>nium</strong></span> <span class='ocrx_word' id='word_1_539' title='bbox 1030 4394 1401 4479; x_wconf 80' lang='lat' dir='ltr'><strong>supremusliominus,de</strong></span> <span class='ocrx_word' id='word_1_540' title='bbox 1411 4396 1556 4477; x_wconf 75' lang='lat' dir='ltr'><strong>potoriio,</strong></span> <span class='ocrx_word' id='word_1_541' title='bbox 1568 4404 1601 4457; x_wconf 81' lang='lat' dir='ltr'><strong>ut</strong></span> <span class='ocrx_word' id='word_1_542' title='bbox 1616 4397 1703 4462; x_wconf 68' lang='lat' dir='ltr'><strong>aient</strong></span> 
     </span>
     <span class='ocr_line' id='line_1_45' title="bbox 105 4480 1701 4571; baseline 0.006 -29"><span class='ocrx_word' id='word_1_543' title='bbox 105 4482 164 4560; x_wconf 85' lang='lat' dir='ltr'><strong>qni</strong></span> <span class='ocrx_word' id='word_1_544' title='bbox 186 4480 243 4541; x_wconf 88' lang='lat' dir='ltr'><strong>lib.</strong></span> <span class='ocrx_word' id='word_1_545' title='bbox 273 4482 365 4559; x_wconf 73' lang='lat' dir='ltr'><strong>Vill,</strong></span> <span class='ocrx_word' id='word_1_546' title='bbox 390 4481 425 4545; x_wconf 83' lang='lat' dir='ltr'><strong>do</strong></span> <span class='ocrx_word' id='word_1_547' title='bbox 451 4483 553 4548; x_wconf 80' lang='lat' dir='ltr'><strong>iores.</strong></span> <span class='ocrx_word' id='word_1_548' title='bbox 582 4487 688 4569; x_wconf 71' lang='lat' dir='ltr'><strong>Peleo.</strong></span> <span class='ocrx_word' id='word_1_549' title='bbox 718 4506 785 4571; x_wconf 85' lang='lat' dir='ltr'><strong>eap.</strong></span> <span class='ocrx_word' id='word_1_550' title='bbox 801 4506 882 4565; x_wconf 78' lang='lat' dir='ltr'><strong>mu,</strong></span> <span class='ocrx_word' id='word_1_551' title='bbox 932 4489 1074 4566; x_wconf 68' lang='lat' dir='ltr'><strong>airoino,</strong></span> <span class='ocrx_word' id='word_1_552' title='bbox 1094 4497 1187 4571; x_wconf 56' lang='lat' dir='ltr'><strong>amna</strong></span> <span class='ocrx_word' id='word_1_553' title='bbox 1205 4487 1452 4551; x_wconf 74' lang='lat' dir='ltr'><strong>extraordinaria</strong></span> <span class='ocrx_word' id='word_1_554' title='bbox 1467 4487 1569 4550; x_wconf 82' lang='lat' dir='ltr'><strong>fanore</strong></span> <span class='ocrx_word' id='word_1_555' title='bbox 1589 4495 1701 4569; x_wconf 84' lang='lat' dir='ltr'><strong>potest·</strong></span> 
     </span>
     <span class='ocr_line' id='line_1_46' title="bbox 105 4573 1703 4660; baseline 0.011 -29"><span class='ocrx_word' id='word_1_556' title='bbox 105 4574 255 4652; x_wconf 73' lang='lat' dir='ltr'><strong>quaritur</strong></span> <span class='ocrx_word' id='word_1_557' title='bbox 276 4573 310 4635; x_wconf 92' lang='lat' dir='ltr'><strong>in</strong></span> <span class='ocrx_word' id='word_1_558' title='bbox 332 4576 553 4645; x_wconf 80' lang='lat' dir='ltr'><strong>Golbesobaloo</strong></span> <span class='ocrx_word' id='word_1_559' title='bbox 574 4579 668 4645; x_wconf 82' lang='lat' dir='ltr'><strong>finem</strong></span> <span class='ocrx_word' id='word_1_560' title='bbox 693 4582 884 4651; x_wconf 82' lang='lat' dir='ltr'><strong>(letbolioam</strong></span> <span class='ocrx_word' id='word_1_561' title='bbox 933 4583 996 4645; x_wconf 85' lang='lat' dir='ltr'><strong>llee</strong></span> <span class='ocrx_word' id='word_1_562' title='bbox 1016 4601 1089 4644; x_wconf 87' lang='lat' dir='ltr'><strong>vero</strong></span> <span class='ocrx_word' id='word_1_563' title='bbox 1111 4584 1210 4644; x_wconf 89' lang='lat' dir='ltr'><strong>Deum</strong></span> <span class='ocrx_word' id='word_1_564' title='bbox 1234 4581 1276 4641; x_wconf 86' lang='lat' dir='ltr'><strong>sio</strong></span> <span class='ocrx_word' id='word_1_565' title='bbox 1289 4585 1434 4658; x_wconf 79' lang='lat' dir='ltr'><strong>agentern</strong></span> <span class='ocrx_word' id='word_1_566' title='bbox 1453 4598 1542 4660; x_wconf 85' lang='lat' dir='ltr'><strong>posse</strong></span> <span class='ocrx_word' id='word_1_567' title='bbox 1560 4580 1703 4643; x_wconf 70' lang='lat' dir='ltr'><strong>homine·</strong></span> 
     </span>
     <span class='ocr_line' id='line_1_47' title="bbox 106 4665 1700 4754; baseline 0.009 -30"><span class='ocrx_word' id='word_1_568' title='bbox 106 4666 207 4726; x_wconf 87' lang='lat' dir='ltr'><strong>fuisse</strong></span> <span class='ocrx_word' id='word_1_569' title='bbox 229 4665 425 4745; x_wconf 66' lang='lat' dir='ltr'><strong>damnatam</strong></span> <span class='ocrx_word' id='word_1_570' title='bbox 449 4671 483 4731; x_wconf 88' lang='lat' dir='ltr'><strong>in</strong></span> <span class='ocrx_word' id='word_1_571' title='bbox 506 4671 565 4733; x_wconf 82' lang='lat' dir='ltr'><strong>isio</strong></span> <span class='ocrx_word' id='word_1_572' title='bbox 591 4674 694 4735; x_wconf 87' lang='lat' dir='ltr'><strong>oodioe</strong></span> <span class='ocrx_word' id='word_1_573' title='bbox 716 4675 775 4738; x_wconf 88' lang='lat' dir='ltr'><strong>bae</strong></span> <span class='ocrx_word' id='word_1_574' title='bbox 797 4677 831 4738; x_wconf 88' lang='lat' dir='ltr'><strong>in</strong></span> <span class='ocrx_word' id='word_1_575' title='bbox 849 4690 884 4739; x_wconf 89' lang='lat' dir='ltr'><strong>ro</strong></span> <span class='ocrx_word' id='word_1_576' title='bbox 928 4676 1029 4754; x_wconf 84' lang='lat' dir='ltr'><strong>justos</strong></span> <span class='ocrx_word' id='word_1_577' title='bbox 1051 4674 1174 4736; x_wconf 84' lang='lat' dir='ltr'><strong>aeternis</strong></span> <span class='ocrx_word' id='word_1_578' title='bbox 1201 4672 1327 4753; x_wconf 72' lang='lat' dir='ltr'><strong>ignibus</strong></span> <span class='ocrx_word' id='word_1_579' title='bbox 1353 4672 1495 4734; x_wconf 85' lang='lat' dir='ltr'><strong>addioere</strong></span> <span class='ocrx_word' id='word_1_580' title='bbox 1522 4673 1700 4741; x_wconf 77' lang='lat' dir='ltr'><strong>contendat</strong></span> 
     </span>
     <span class='ocr_line' id='line_1_48' title="bbox 105 4761 1701 4871; baseline 0.005 -52"><span class='ocrx_word' id='word_1_581' title='bbox 105 4761 684 4841; x_wconf 77' lang='lat' dir='ltr'><strong>tamenspentonobisbereudnmnou</strong></span> <span class='ocrx_word' id='word_1_582' title='bbox 701 4772 745 4829; x_wconf 82' lang='lat' dir='ltr'><strong>est</strong></span> <span class='ocrx_word' id='word_1_583' title='bbox 760 4788 767 4831; x_wconf 76' lang='grc' dir='ltr'><strong>ε</strong></span> <span class='ocrx_word' id='word_1_584' title='bbox 782 4786 884 4848; x_wconf 77' lang='lat' dir='ltr'><strong>raeque</strong></span> <span class='ocrx_word' id='word_1_585' title='bbox 932 4766 992 4831; x_wconf 87' lang='lat' dir='ltr'><strong>boa</strong></span> <span class='ocrx_word' id='word_1_586' title='bbox 1019 4768 1103 4829; x_wconf 85' lang='lat' dir='ltr'><strong>enim</strong></span> <span class='ocrx_word' id='word_1_587' title='bbox 1129 4784 1195 4827; x_wconf 91' lang='lat' dir='ltr'><strong>non</strong></span> <span class='ocrx_word' id='word_1_588' title='bbox 1214 4764 1333 4845; x_wconf 76' lang='lat' dir='ltr'><strong>indiget</strong></span> <span class='ocrx_word' id='word_1_589' title='bbox 1356 4764 1542 4827; x_wconf 81' lang='lat' dir='ltr'><strong>natholiaum</strong></span> <span class='ocrx_word' id='word_1_590' title='bbox 1576 4765 1701 4871; x_wconf 73' lang='lat' dir='ltr'><strong>dogma,</strong></span> 
     </span>
     <span class='ocr_line' id='line_1_49' title="bbox 104 4851 1703 4940; baseline 0.013 -41"><span class='ocrx_word' id='word_1_591' title='bbox 104 4852 138 4919; x_wconf 64' lang='lat' dir='ltr'><strong>p„</strong></span> <span class='ocrx_word' id='word_1_592' title='bbox 167 4869 209 4925; x_wconf 76' lang='lat' dir='ltr'><strong>eo</strong></span> <span class='ocrx_word' id='word_1_593' title='bbox 240 4851 456 4928; x_wconf 49' lang='lat' dir='ltr'><strong>laborandum,</strong></span> <span class='ocrx_word' id='word_1_594' title='bbox 483 4860 518 4923; x_wconf 75' lang='lat' dir='ltr'><strong>ut</strong></span> <span class='ocrx_word' id='word_1_595' title='bbox 541 4858 781 4937; x_wconf 50' lang='lat' dir='ltr'><strong>ostendamus</strong></span> <span class='ocrx_word' id='word_1_596' title='bbox 812 4876 885 4940; x_wconf 78' lang='lat' dir='ltr'><strong>pro-</strong></span> <span class='ocrx_word' id='word_1_597' title='bbox 931 4860 1017 4939; x_wconf 80' lang='lat' dir='ltr'><strong>quod</strong></span> <span class='ocrx_word' id='word_1_598' title='bbox 1030 4858 1277 4922; x_wconf 86' lang='lat' dir='ltr'><strong>mododefando.</strong></span> <span class='ocrx_word' id='word_1_599' title='bbox 1294 4856 1498 4920; x_wconf 84' lang='lat' dir='ltr'><strong>ldeotenium</strong></span> <span class='ocrx_word' id='word_1_600' title='bbox 1512 4857 1703 4939; x_wconf 80' lang='lat' dir='ltr'><strong>adeailenp·</strong></span> 
     </span>
     <span class='ocr_line' id='line_1_50' title="bbox 106 4943 1701 5032; baseline 0.016 -27"><span class='ocrx_word' id='word_1_601' title='bbox 106 4943 290 5017; x_wconf 79' lang='lat' dir='ltr'><strong>butissinsa,</strong></span> <span class='ocrx_word' id='word_1_602' title='bbox 312 4946 583 5031; x_wconf 78' lang='lat' dir='ltr'><strong>ropeptissimaque</strong></span> <span class='ocrx_word' id='word_1_603' title='bbox 601 4949 745 5027; x_wconf 86' lang='lat' dir='ltr'><strong>leotione,</strong></span> <span class='ocrx_word' id='word_1_604' title='bbox 764 4970 882 5032; x_wconf 82' lang='lat' dir='ltr'><strong>nequo-</strong></span> <span class='ocrx_word' id='word_1_605' title='bbox 932 4955 1012 5013; x_wconf 79' lang='lat' dir='ltr'><strong>ture</strong></span> <span class='ocrx_word' id='word_1_606' title='bbox 1036 4952 1113 5025; x_wconf 84' lang='lat' dir='ltr'><strong>loon,</strong></span> <span class='ocrx_word' id='word_1_607' title='bbox 1137 4968 1209 5031; x_wconf 78' lang='lat' dir='ltr'><strong>quoe</strong></span> <span class='ocrx_word' id='word_1_608' title='bbox 1231 4966 1325 5030; x_wconf 88' lang='lat' dir='ltr'><strong>supra</strong></span> <span class='ocrx_word' id='word_1_609' title='bbox 1338 4949 1444 5019; x_wconf 85' lang='lat' dir='ltr'><strong>retuli.</strong></span> <span class='ocrx_word' id='word_1_610' title='bbox 1457 4948 1550 5029; x_wconf 63' lang='lat' dir='ltr'><strong>ptul‘l</strong></span> <span class='ocrx_word' id='word_1_611' title='bbox 1565 4951 1701 5028; x_wconf 60' lang='grc' dir='ltr'><strong>ΜΡθΐῘθ·</strong></span> 
     </span>
     <span class='ocr_line' id='line_1_51' title="bbox 107 5036 1702 5123; baseline 0.014 -41"><span class='ocrx_word' id='word_1_612' title='bbox 107 5053 210 5115; x_wconf 59' lang='lat' dir='ltr'><strong>qupm</strong></span> <span class='ocrx_word' id='word_1_613' title='bbox 229 5036 318 5101; x_wconf 61' lang='lat' dir='ltr'><strong>nohis</strong></span> <span class='ocrx_word' id='word_1_614' title='bbox 331 5055 421 5116; x_wconf 56' lang='grc' dir='ltr'><strong>ως,</strong></span> <span class='ocrx_word' id='word_1_615' title='bbox 446 5039 541 5123; x_wconf 75' lang='lat' dir='ltr'><strong>ipsius</strong></span> <span class='ocrx_word' id='word_1_616' title='bbox 566 5043 759 5121; x_wconf 63' lang='lat' dir='ltr'><strong>suasorium,</strong></span> <span class='ocrx_word' id='word_1_617' title='bbox 785 5044 883 5107; x_wconf 78' lang='lat' dir='ltr'><strong>disee-</strong></span> <span class='ocrx_word' id='word_1_618' title='bbox 932 5061 1011 5117; x_wconf 88' lang='lat' dir='ltr'><strong>rem,</strong></span> <span class='ocrx_word' id='word_1_619' title='bbox 1031 5042 1283 5121; x_wconf 81' lang='lat' dir='ltr'><strong>acerbioremque</strong></span> <span class='ocrx_word' id='word_1_620' title='bbox 1303 5042 1430 5103; x_wconf 87' lang='lat' dir='ltr'><strong>Petrum</strong></span> <span class='ocrx_word' id='word_1_621' title='bbox 1452 5040 1702 5121; x_wconf 79' lang='lat' dir='ltr'><strong>explanationem</strong></span> 
     </span>
     <span class='ocr_line' id='line_1_52' title="bbox 107 5127 1703 5217; baseline 0.005 -24"><span class='ocrx_word' id='word_1_622' title='bbox 107 5127 262 5193; x_wconf 70' lang='lat' dir='ltr'><strong>mudum.</strong></span> <span class='ocrx_word' id='word_1_623' title='bbox 282 5129 322 5192; x_wconf 87' lang='lat' dir='ltr'><strong>lli</strong></span> <span class='ocrx_word' id='word_1_624' title='bbox 345 5148 420 5193; x_wconf 80' lang='lat' dir='ltr'><strong>roro</strong></span> <span class='ocrx_word' id='word_1_625' title='bbox 434 5132 604 5197; x_wconf 86' lang='lat' dir='ltr'><strong>doetissimi</strong></span> <span class='ocrx_word' id='word_1_626' title='bbox 623 5134 696 5211; x_wconf 77' lang='lat' dir='ltr'><strong>riri,</strong></span> <span class='ocrx_word' id='word_1_627' title='bbox 721 5138 804 5215; x_wconf 88' lang='lat' dir='ltr'><strong>quod</strong></span> <span class='ocrx_word' id='word_1_628' title='bbox 818 5153 883 5217; x_wconf 76' lang='lat' dir='ltr'><strong>prm</strong></span> <span class='ocrx_word' id='word_1_629' title='bbox 932 5135 1083 5203; x_wconf 88' lang='lat' dir='ltr'><strong>adbibui‚·</strong></span> <span class='ocrx_word' id='word_1_630' title='bbox 1098 5140 1133 5194; x_wconf 86' lang='lat' dir='ltr'><strong>ut</strong></span> <span class='ocrx_word' id='word_1_631' title='bbox 1154 5139 1327 5213; x_wconf 85' lang='lat' dir='ltr'><strong>appareret,</strong></span> <span class='ocrx_word' id='word_1_632' title='bbox 1343 5150 1438 5211; x_wconf 60' lang='lat' dir='ltr'><strong>wem</strong></span> <span class='ocrx_word' id='word_1_633' title='bbox 1452 5150 1489 5193; x_wconf 87' lang='lat' dir='ltr'><strong>ea</strong></span> <span class='ocrx_word' id='word_1_634' title='bbox 1501 5150 1567 5199; x_wconf 88' lang='lat' dir='ltr'><strong>non</strong></span> <span class='ocrx_word' id='word_1_635' title='bbox 1579 5132 1703 5201; x_wconf 73' lang='lat' dir='ltr'><strong>arunt</strong></span> 
     </span>
     <span class='ocr_line' id='line_1_53' title="bbox 107 5216 1701 5304; baseline 0.007 -29"><span class='ocrx_word' id='word_1_636' title='bbox 107 5234 179 5281; x_wconf 84' lang='lat' dir='ltr'><strong>nno</strong></span> <span class='ocrx_word' id='word_1_637' title='bbox 198 5216 289 5283; x_wconf 81' lang='lat' dir='ltr'><strong>valde</strong></span> <span class='ocrx_word' id='word_1_638' title='bbox 312 5223 464 5299; x_wconf 66' lang='lat' dir='ltr'><strong>sospesne,</strong></span> <span class='ocrx_word' id='word_1_639' title='bbox 482 5221 602 5302; x_wconf 83' lang='lat' dir='ltr'><strong>reliqua</strong></span> <span class='ocrx_word' id='word_1_640' title='bbox 617 5224 725 5287; x_wconf 87' lang='lat' dir='ltr'><strong>omnia</strong></span> <span class='ocrx_word' id='word_1_641' title='bbox 736 5230 806 5289; x_wconf 72' lang='lat' dir='ltr'><strong>mm</strong></span> <span class='ocrx_word' id='word_1_642' title='bbox 820 5243 885 5287; x_wconf 83' lang='lat' dir='ltr'><strong>ma·</strong></span> <span class='ocrx_word' id='word_1_643' title='bbox 932 5228 1018 5300; x_wconf 90' lang='lat' dir='ltr'><strong>Baio,</strong></span> <span class='ocrx_word' id='word_1_644' title='bbox 1034 5232 1065 5287; x_wconf 89' lang='lat' dir='ltr'><strong>et</strong></span> <span class='ocrx_word' id='word_1_645' title='bbox 1076 5226 1235 5301; x_wconf 82' lang='lat' dir='ltr'><strong>iansenio,</strong></span> <span class='ocrx_word' id='word_1_646' title='bbox 1254 5224 1308 5304; x_wconf 76' lang='lat' dir='ltr'><strong>qui</strong></span> <span class='ocrx_word' id='word_1_647' title='bbox 1327 5229 1446 5303; x_wconf 77' lang='lat' dir='ltr'><strong>negent</strong></span> <span class='ocrx_word' id='word_1_648' title='bbox 1459 5225 1594 5304; x_wconf 70' lang='lat' dir='ltr'><strong>petiisse</strong></span> <span class='ocrx_word' id='word_1_649' title='bbox 1616 5240 1701 5286; x_wconf 87' lang='lat' dir='ltr'><strong>snm·</strong></span> 
     </span>
    </p>
   </div>
   <div class='ocr_carea' id='block_1_3' title="bbox 107 5309 1819 5398">
    <p class='ocr_par' dir='ltr' id='par_1_3' title="bbox 107 5309 1819 5398">
     <span class='ocr_line' id='line_1_54' title="bbox 107 5309 1819 5398; baseline 0.002 -25"><span class='ocrx_word' id='word_1_650' title='bbox 107 5309 272 5388; x_wconf 70' lang='lat' dir='ltr'><strong>numnpin</strong></span> <span class='ocrx_word' id='word_1_651' title='bbox 294 5310 459 5386; x_wconf 75' lang='lat' dir='ltr'><strong>Augustini</strong></span> <span class='ocrx_word' id='word_1_652' title='bbox 486 5315 675 5394; x_wconf 79' lang='lat' dir='ltr'><strong>exemplaria</strong></span> <span class='ocrx_word' id='word_1_653' title='bbox 696 5322 766 5395; x_wconf 84' lang='lat' dir='ltr'><strong>post</strong></span> <span class='ocrx_word' id='word_1_654' title='bbox 791 5322 883 5397; x_wconf 80' lang='lat' dir='ltr'><strong>puta-</strong></span> <span class='ocrx_word' id='word_1_655' title='bbox 933 5335 1024 5383; x_wconf 84' lang='lat' dir='ltr'><strong>mum</strong></span> <span class='ocrx_word' id='word_1_656' title='bbox 1043 5318 1187 5398; x_wconf 78' lang='lat' dir='ltr'><strong>opificem</strong></span> <span class='ocrx_word' id='word_1_657' title='bbox 1213 5316 1257 5378; x_wconf 80' lang='lat' dir='ltr'><strong>ite</strong></span> <span class='ocrx_word' id='word_1_658' title='bbox 1281 5314 1320 5376; x_wconf 87' lang='lat' dir='ltr'><strong>ab</strong></span> <span class='ocrx_word' id='word_1_659' title='bbox 1347 5315 1438 5377; x_wconf 79' lang='lat' dir='ltr'><strong>initio</strong></span> <span class='ocrx_word' id='word_1_660' title='bbox 1452 5317 1612 5379; x_wconf 83' lang='lat' dir='ltr'><strong>bominem</strong></span> <span class='ocrx_word' id='word_1_661' title='bbox 1627 5332 1701 5377; x_wconf 83' lang='lat' dir='ltr'><strong>ron-</strong></span> <span class='ocrx_word' id='word_1_662' title='bbox 1813 5342 1819 5349; x_wconf 93' lang='lat'><strong>·</strong></span> 
     </span>
    </p>
   </div>
   <div class='ocr_carea' id='block_1_4' title="bbox 107 5402 1703 5582">
    <p class='ocr_par' dir='ltr' id='par_1_4' title="bbox 107 5402 1703 5582">
     <span class='ocr_line' id='line_1_55' title="bbox 107 5402 1703 5487; baseline -0.004 -11"><span class='ocrx_word' id='word_1_663' title='bbox 107 5404 209 5476; x_wconf 88' lang='lat' dir='ltr'><strong>runt;</strong></span> <span class='ocrx_word' id='word_1_664' title='bbox 226 5407 257 5465; x_wconf 73' lang='grc' dir='ltr'><strong>θῑ</strong></span> <span class='ocrx_word' id='word_1_665' title='bbox 270 5402 493 5475; x_wconf 68' lang='lat' dir='ltr'><strong>bntidootoris</strong></span> <span class='ocrx_word' id='word_1_666' title='bbox 516 5407 728 5475; x_wconf 77' lang='lat' dir='ltr'><strong>testimonium</strong></span> <span class='ocrx_word' id='word_1_667' title='bbox 754 5408 883 5473; x_wconf 82' lang='lat' dir='ltr'><strong>alerissi·</strong></span> <span class='ocrx_word' id='word_1_668' title='bbox 932 5410 1016 5487; x_wconf 87' lang='lat' dir='ltr'><strong>dore,</strong></span> <span class='ocrx_word' id='word_1_669' title='bbox 1040 5415 1077 5471; x_wconf 89' lang='lat' dir='ltr'><strong>ut</strong></span> <span class='ocrx_word' id='word_1_670' title='bbox 1101 5411 1130 5472; x_wconf 93' lang='lat' dir='ltr'><strong>ei</strong></span> <span class='ocrx_word' id='word_1_671' title='bbox 1152 5420 1391 5486; x_wconf 78' lang='lat' dir='ltr'><strong>nonnunqrum,</strong></span> <span class='ocrx_word' id='word_1_672' title='bbox 1414 5406 1454 5468; x_wconf 81' lang='lat' dir='ltr'><strong>ed</strong></span> <span class='ocrx_word' id='word_1_673' title='bbox 1469 5407 1564 5468; x_wconf 82' lang='lat' dir='ltr'><strong>breve</strong></span> <span class='ocrx_word' id='word_1_674' title='bbox 1584 5407 1703 5487; x_wconf 55' lang='lat' dir='ltr'><strong>eluunt</strong></span> 
     </span>
     <span class='ocr_line' id='line_1_56' title="bbox 108 5496 1703 5582; baseline -0.003 -15"><span class='ocrx_word' id='word_1_675' title='bbox 108 5506 214 5570; x_wconf 75' lang='lat' dir='ltr'><strong>nsum,</strong></span> <span class='ocrx_word' id='word_1_676' title='bbox 239 5498 395 5573; x_wconf 62' lang='lat' dir='ltr'><strong>wluin</strong></span> <span class='ocrx_word' id='word_1_677' title='bbox 417 5496 536 5578; x_wconf 71' lang='lat' dir='ltr'><strong>inipsis</strong></span> <span class='ocrx_word' id='word_1_678' title='bbox 557 5497 626 5576; x_wconf 86' lang='lat' dir='ltr'><strong>fuit,</strong></span> <span class='ocrx_word' id='word_1_679' title='bbox 654 5498 810 5565; x_wconf 84' lang='lat' dir='ltr'><strong>eathoiieis</strong></span> <span class='ocrx_word' id='word_1_680' title='bbox 827 5499 883 5563; x_wconf 55' lang='lat' dir='ltr'><strong>ab*</strong></span> <span class='ocrx_word' id='word_1_681' title='bbox 931 5506 1066 5581; x_wconf 75' lang='lat' dir='ltr'><strong>tempor,</strong></span> <span class='ocrx_word' id='word_1_682' title='bbox 1087 5501 1191 5582; x_wconf 86' lang='lat' dir='ltr'><strong>podes,</strong></span> <span class='ocrx_word' id='word_1_683' title='bbox 1209 5504 1265 5561; x_wconf 87' lang='lat' dir='ltr'><strong>aut</strong></span> <span class='ocrx_word' id='word_1_684' title='bbox 1285 5497 1394 5560; x_wconf 85' lang='lat' dir='ltr'><strong>dentes</strong></span> <span class='ocrx_word' id='word_1_685' title='bbox 1413 5498 1565 5563; x_wconf 75' lang='lat' dir='ltr'><strong>deluere.</strong></span> <span class='ocrx_word' id='word_1_686' title='bbox 1585 5500 1703 5565; x_wconf 58' lang='lat' dir='ltr'><strong>&amp;ntea</strong></span> 
     </span>
    </p>
   </div>
   <div class='ocr_carea' id='block_1_5' title="bbox 0 0 1980 6164">
    <p class='ocr_par' dir='ltr' id='par_1_5' title="bbox 0 0 1980 6164">
     <span class='ocr_line' id='line_1_57' title="bbox 0 0 1980 6164; baseline 0 0"><span class='ocrx_word' id='word_1_687' title='bbox 0 0 1980 6164; x_wconf 95' lang='lat' dir='ltr'><strong> </strong></span> 
     </span>
    </p>
   </div>
  </div>
 </body>
</html>
