4004 6168
654 362 704 424 DE
724 361 887 425 crisima
907 355 982 422 SEX
1001 354 1151 418 DIERUM
1636 362 1696 426 593

84 517 281 621 llominum
308 521 466 585 Christum
499 522 592 586 inisse
615 526 878 608 redemptionem.
928 522 1012 585 hona
1037 540 1143 602 opera,
1179 520 1294 584 auxilio
1320 523 1430 604 gratiae
1451 525 1491 587 ab
1518 526 1699 592 hominihus

83 612 362 690 mcutjustitium,
387 616 467 678 sicut
488 618 684 697 sapientiam,
704 619 783 680 sicut
796 638 882 682 sanc·
928 616 1022 691 edita,
1038 614 1143 675 meriti
1163 616 1290 677 nomine
1313 618 1499 697 nuncupari.
1518 619 1570 680 Sic
1586 619 1641 680 lih.
1663 620 1699 682 de

85 701 350 785 tifieationem,o
366 713 425 771 etc.
931 704 1159 770 cccccccccc.
1178 725 1246 786 cap.
1257 726 1329 781 ιιιι,
1344 726 1379 769 ιι.
1394 710 1444 784 20,
1465 710 1556 772 avita
1569 718 1698 789 aterna,

134 796 393 862 Exsoholasticis
406 801 480 863 satis
490 801 531 863 sit
543 802 649 864 audire
664 804 701 864 D.
715 804 879 868 Thomam.
929 798 1174 879 quaehouasvitce
1186 799 1363 863 redditur...
1374 802 1523 880 quoniam
1535 804 1701 880 praemium

85 886 122 947 ls
139 887 185 948 in
200 890 227 950 1.
250 892 287 952 ll.
303 911 335 971 q.
356 908 420 969 ιιι,
439 898 498 955 art.
514 896 545 954 2.
573 915 589 952 o
606 894 738 969 Virtute,
766 896 880 976 inquit,
930 894 996 971 ejus
1009 897 1064 965 est,
1078 891 1178 970 mutia
1193 899 1240 953 est
1251 910 1309 972 pro
1326 893 1436 971 gratia,
1451 899 1603 973 tanquam
1615 913 1699 957 mer·

85 981 247 1056 murita
269 984 466 1063 superaddita
485 984 594 1046 virtuti
620 992 741 1049 natruae
763 987 882 1068 indiget
931 1002 980 1046 css
993 1003 1050 1064 pro
1060 983 1196 1061 justitia3
1211 1004 1227 1042 o
1241 989 1272 1044 et
1285 984 1320 1044 in
1330 984 1408 1046 illud
1419 986 1506 1047 Pauli
1515 985 1555 1046 cd
1570 985 1698 1051 Titimot.

84 1069 204 1134 homo
219 1074 255 1135 in
268 1080 350 1136 statu
370 1082 492 1137 naturae
508 1071 648 1157 integras,
672 1084 826 1158 quantum
842 1080 882 1141 ad
931 1093 975 1154 ιι,
992 1078 1023 1153 8,
1051 1075 1179 1156 reposito
1190 1080 1233 1136 est
1257 1075 1334 1136 miti
1345 1095 1448 1139 cereso
1467 1077 1607 1158 justitia.
1630 1080 1701 1159 Ipse

84 1166 317 1245 operandum,
333 1172 365 1229 et
375 1168 546 1230 volendum
559 1168 679 1230 honum
694 1176 881 1249 supernatu·
931 1186 998 1247 cap.
1026 1186 1059 1229 vr
1089 1187 1120 1228 ιι.
1138 1169 1187 1243 ll,
1221 1167 1302 1228 ocui
1328 1168 1479 1246 redderet,
1506 1170 1622 1249 inquit,
1648 1190 1700 1232 co-

84 1255 210 1316 rtile.»
228 1259 309 1320 Cum
332 1279 395 1339 quo
413 1275 495 1323 certe
514 1263 659 1341 componi
678 1281 743 1324 uon
766 1269 877 1342 potest,
930 1277 1042 1320 ronam
1051 1259 1154 1337 justus
1167 1259 1281 1333 Judex,
1296 1260 1321 1318 si
1335 1278 1400 1320 non
1413 1261 1556 1323 donasset
1569 1262 1701 1338 gratiam

46 1355 50 1359 '
86 1348 192 1426 qood
205 1351 316 1411 asserit
328 1353 421 1414 Baius
441 1353 521 1414 thesi
533 1372 627 1414 xxm.
647 1355 818 1415 «Absurde
837 1360 884 1417 est
931 1351 1104 1413 misericors
1121 1349 1234 1431 pater?
1247 1356 1288 1428 et,
1309 1352 1465 1430 quomodo
1482 1354 1632 1414 essetista
1649 1373 1702 1415 co-

87 1457 220 1502 eorum
241 1444 405 1520 sententia,
427 1445 483 1523 qui
502 1445 621 1519 dicunt,
646 1446 728 1508 dono
746 1448 882 1526 quodam
930 1443 1418 1522 ronajustitiae,uisipraecederet
1428 1445 1538 1523 gratie,
1554 1446 1700 1524 quaejus·

87 1536 351 1612 supernaturali,
366 1541 398 1597 et
409 1537 555 1614 gratrnm.
572 1558 588 1595 ι)
608 1538 694 1599 Idem
708 1557 781 1599 vero
793 1557 879 1601 sanc.
930 1535 1027 1597 tificat
1038 1536 1183 1615 impium,
1199 1556 1214 1593 o
1233 1542 1264 1597 et
1276 1536 1310 1595 iu
1329 1554 1377 1615 ep.
1406 1553 1495 1597 cxcrv
1516 1535 1556 1597 od
1566 1536 1701 1615 Statum,

87 1625 323 1707 doctorageus
335 1629 374 1690 de
387 1628 442 1690 lib.
458 1630 525 1690 arb.
541 1634 600 1691 art.
623 1632 696 1692 VII.
716 1631 778 1692 «Si
794 1650 881 1693 crea-
931 1646 996 1707 cap.
1014 1647 1051 1703 11,
1064 1646 1097 1688 ιι.
1112 1629 1141 1689 6.
1154 1627 1310 1689 «Nullane
1326 1628 1518 1690 suntmerita
1525 1628 1703 1708 justorum?

87 1723 175 1779 tura
190 1721 356 1781 rstioushs
370 1727 450 1783 esset
465 1723 647 1784 naturaliter
662 1723 881 1804 impeccabilis,
931 1725 1004 1779 suut
1016 1718 1120 1799 plane,
1136 1719 1209 1799 quis
1223 1719 1300 1798 iusti
1315 1725 1398 1788 sunt,
1416 1721 1480 1794 sed,
1506 1725 1543 1780 ut
1558 1721 1634 1800 justi
1646 1721 1702 1783 iis·

88 1827 134 1871 ex
149 1811 252 1890 puris
265 1813 470 1891 naturalibus,
485 1814 676 1895 sinegratia,
697 1817 737 1877 ad
752 1816 883 1876 beatitu·
931 1814 1014 1888 rent,
1029 1810 1139 1872 merita
1162 1829 1227 1871 non
1254 1811 1391 1872 fuerunt.
1407 1832 1423 1871 o
1440 1812 1520 1885 Quid
1535 1819 1581 1874 cst
1593 1814 1701 1893 igitur,

87 1901 215 1964 dinem
243 1910 346 1984 posset
373 1906 546 1985 pervenire,
574 1907 657 1986 quod
685 1908 882 1986 Pelagianam
932 1903 1016 1983 quod
1033 1902 1107 1964 locis
1128 1903 1219 1964 nohis
1232 1902 1368 1982 objectis,
1387 1904 1531 1966 «iactum
1542 1904 1616 1966 dicit
1629 1906 1705 1967 Gra-

88 1992 255 2056 heresim
275 2014 383 2077 sapere
408 1997 559 2058 videtur»
578 2004 609 2058 et
618 2017 648 2079 q.
670 2017 703 2059 ιι
723 1999 761 2059 dc
773 1999 879 2060 Moto:
931 1995 1125 2072 tiaedonum,
1139 2012 1209 2073 quac
1222 2012 1340 2056 merces
1349 1996 1451 2056 meriti
1464 1996 1569 2057 lutura
1582 2003 1650 2057 erat
1663 2017 1700 2055 :c

94 2108 112 2145 o
128 2088 293 2165 mentia,
308 2088 420 2167 iuquit,
435 2088 549 2150 divinas
572 2089 698 2150 visionis
718 2091 882 2170 dupliciter
931 2086 1080 2147 meritum
1094 2090 1200 2147 autem
1216 2086 1404 2149 conticescere
1419 2088 1532 2166 jubet?
1546 2089 1706 2168 Numquid

89 2180 257 2242 convenit
268 2181 361 2243 alicui
375 2201 382 2243 :
397 2200 461 2242 uno
471 2183 564 2243 modo
578 2181 634 2258 sic,
650 2183 734 2261 quod
748 2202 812 2244 non
826 2185 882 2246 ha.
931 2178 965 2237 in
977 2184 1060 2239 statu
1073 2177 1259 2240 innocentiae
1273 2178 1500 2241 beatitudiuem
1521 2182 1636 2241 mereri
1650 2199 1706 2261 po-

91 2273 175 2335 beat
190 2291 235 2335 ex
246 2291 291 2350 se,
312 2273 397 2335 uude
415 2274 510 2353 possit
522 2274 562 2334 ad
578 2273 716 2335 divinam
731 2275 883 2339 visionem
930 2274 1010 2331 terat
1022 2272 1117 2332 homo
1130 2288 1169 2331 ex
1175 2288 1208 2331 se
1218 2269 1304 2349 ipso?
1317 2271 1455 2347 Minime,
1470 2272 1574 2351 inquit
1585 2272 1708 2351 Augus·

92 2367 294 2446 pervenire:
319 2377 351 2427 et
378 2366 421 2427 sie
446 2365 581 2427 carentia
609 2365 738 2427 visionis
770 2368 884 2431 divine
930 2362 1016 2422 tinus
1028 2382 1100 2424 cum
1113 2363 1181 2423 aliis
1193 2362 1332 2442 pluribus
1345 2363 1466 2423 inlocis
1479 2381 1574 2441 supra
1586 2365 1697 2441 citatis,

92 2462 303 2537 competeret
316 2456 356 2532 ei,
375 2457 430 2536 qui
449 2457 484 2517 iu
499 2458 571 2518 solis
582 2459 773 2520 naturalibus
792 2467 882 2538 osset,
932 2454 1144 2516 tumEnclir.
1167 2474 1232 2533 cap.
1255 2471 1501 2532 cv1,u.xxv111‚
1525 2455 1706 2536 «sinegro-
1764 2450 1765 2453 '

93 2550 229 2629 absque
243 2553 377 2637 peccato.
394 2550 445 2610 Sic
459 2550 544 2610 euim
556 2549 694 2611 carentia
708 2550 822 2613 divinoe
836 2553 884 2613 vi·
933 2546 978 2607 tia
990 2564 1048 2607 nec
1061 2552 1136 2607 tunc
1155 2546 1257 2605 ullum
1265 2546 1412 2607 meritum
1432 2564 1497 2608 csse
1511 2548 1672 2627 potuisset.
1687 2569 1703 2607 o

94 2642 207 2703 sionis
231 2660 298 2702 nou
316 2647 395 2703 esset
412 2660 516 2721 poena,
545 2642 598 2703 sed
618 2642 754 2703 delectus
774 2663 885 2706 consc-
937 2639 1036 2712 Quare
1049 2638 1143 2716 igilur
1163 2636 1281 2712 scribis,
1296 2638 1391 2699 modo
1409 2642 1582 2699 «nummus
1595 2640 1706 2702 huma·

96 2752 213 2813 quens
242 2751 369 2795 omnem
391 2741 535 2795 naturam
558 2738 700 2796 creatam.
717 2755 733 2793 ι
751 2736 848 2798 Idem.
862 2756 885 2814 1,
937 2747 1012 2790 uam
1024 2728 1162 2808 accipere
1171 2748 1227 2809 per
1235 2729 1378 2807 gratiam,
1392 2729 1477 2808 quod
1485 2729 1597 2807 luerat,
1608 2731 1634 2791 si
1642 2750 1708 2792 uon

97 2845 135 2906 p.
157 2844 197 2904 q.
217 2843 268 2886 ιιιι
291 2843 320 2886 a.
347 2827 412 2886 ho
435 2826 628 2906 Impossibile
651 2831 708 2903 est,
724 2828 805 2905 quod
834 2828 889 2888 ali-
938 2826 1100 2902 peccasset,
1111 2826 1274 2901 acceptura
1287 2839 1343 2900 per
1356 2821 1552 2881 meritumto
1569 2823 1709 2902 Respon-

98 2917 182 2998 quis
202 2916 382 2978 intellectus
401 2923 519 2978 creatus
528 2936 583 2995 per
597 2937 653 2979 sua
673 2918 825 2979 naturalia
838 2937 889 2980 es·
939 2913 1014 2973 det:
1035 2912 1149 2992 aquia,
1171 2917 1240 2992 post
1266 2911 1352 2972 illam
1377 2912 1513 2988 ruinam,
1539 2914 1641 2992 major
1664 2920 1710 2975 est

99 3010 251 3071 sentiam
272 3009 327 3069 Dei
347 3009 460 3070 videat.
475 3009 613 3088 Cognitio
627 3009 712 3071 enim
726 3010 888 3090 contingit,
939 3003 1149 3066 misericordia
1160 3002 1225 3071 Dei,
1242 3023 1258 3061 ι)
1277 3002 1406 3082 Nempe,
1422 3002 1494 3082 quia
1516 3021 1602 3065 nuuc
1620 3006 1709 3066 nulla

99 3101 293 3163 secundum
304 3101 388 3180 quod
394 3102 554 3181 cognitum
568 3102 655 3162 estin
668 3108 889 3181 cognoscente:
940 3114 1004 3157 esse
1017 3101 1145 3177 possunt
1158 3095 1323 3156 hominum
1334 3095 1455 3164 merita,
1469 3094 1580 3156 nisiex
1593 3097 1710 3176 specia-

102 3192 283 3273 cognitum
299 3198 406 3255 autem
425 3198 471 3253 est
494 3192 527 3254 in
547 3199 762 3274 cognoscente,
782 3213 891 3255 secun-
939 3189 1055 3249 lissima
1062 3189 1116 3249 Dei
1125 3187 1235 3266 gratia,
1247 3205 1282 3248 ac
1295 3186 1387 3264 louge
1397 3185 1520 3265 majori,
1532 3205 1627 3266 quam
1640 3206 1710 3267 quae

102 3286 195 3347 dum
206 3286 339 3345 modum
358 3287 596 3365 cognoscentis»
614 3292 646 3347 et
661 3306 692 3366 q.
708 3305 802 3360 nuru,
815 3306 845 3347 a.
861 3290 889 3348 l.
941 3286 986 3342 est
999 3281 1038 3342 ab
1059 3280 1147 3341 initio
1162 3280 1263 3359 primo
1277 3278 1398 3339 homini
1419 3279 1501 3339 data.
1517 3279 1641 3341 Novum
1655 3299 1709 3340 su-

107 3400 125 3436 c
141 3376 249 3449 Finis,
260 3378 301 3439 ad
309 3395 463 3456 quemres
473 3384 583 3440 creetae
596 3379 890 3452 ordinanturaDeo,
940 3378 1005 3435 tem
1018 3378 1151 3445 nonest,
1167 3372 1231 3431 imo
1245 3371 1279 3430 in
1299 3370 1444 3431 familiari
1459 3371 1553 3431 etiam
1567 3389 1710 3434 sermone

104 3475 160 3531 est
174 3469 297 3548 duplex
312 3490 320 3530 :
335 3488 427 3548 unus,
443 3470 499 3549 qui
518 3470 636 3531 excedit
659 3471 892 3550 proportionem
942 3470 1121 3542 usurpatur,
1150 3480 1223 3525 cum
1254 3462 1316 3522 duo
1352 3461 1446 3522 simul
1478 3470 1710 3542 comparantur,

105 3566 243 3623 uatrmae
257 3569 379 3637 creatae,
394 3567 425 3623 et
437 3561 611 3624 facultatem
624 3583 633 3638 ;
649 3570 681 3623 et
693 3563 743 3623 hic
763 3563 834 3624 finis
848 3568 894 3624 est
943 3557 1027 3636 quod
1038 3557 1144 3617 minus
1157 3561 1214 3631 est,
1229 3555 1353 3615 nullum
1366 3554 1427 3615 dici
1437 3574 1444 3614 z
1456 3573 1550 3634 quem
1563 3554 1713 3636 loquendi

104 3653 181 3714 vita
196 3659 326 3729 aeterua,
342 3673 413 3732 qum
426 3654 460 3714 in
478 3654 585 3715 diviua
600 3654 719 3715 visione
732 3654 891 3716 consistit:
943 3668 1064 3711 morem
1077 3652 1262 3728 acceperunt
1276 3648 1407 3708 Patrese
1422 3646 1515 3707 sacris
1534 3647 1609 3726 ipsis
1623 3648 1712 3728 pagi-

106 3762 193 3825 quae
206 3749 255 3805 est
266 3763 361 3825 supra
374 3750 518 3806 naturam
531 3745 694 3825 cujuslibet
706 3751 890 3808 creaturae.»
944 3743 993 3803 nis
1015 3762 1023 3802 ι
1043 3741 1087 3802 sic
1102 3746 1148 3802 est
1163 3739 1216 3801 Ose
1230 3758 1275 3815 ιι,
1291 3740 1322 3800 6.
1338 3736 1581 3799 Misericordiam
1607 3740 1672 3800 voto
1685 3746 1714 3799 ct

107 3835 266 3917 Denique
289 3856 320 3916 q.
338 3855 461 3908 ux11,a.
483 3840 514 3898 i.
534 3837 675 3918 «Angeh
694 3838 896 3917 indiguerunt
945 3831 1208 3913 noosocrificium,
1224 3830 1479 3905 etLue.x1x,26,
1499 3830 1579 3889 omui
1597 3827 1715 3891 trahenti

107 3929 223 4010 gratia
232 3929 271 3990 ad
286 3930 355 4004 hoc,
367 3929 449 4009 quod
463 3934 716 3991 converterentur
736 3930 769 3989 iu
783 3932 893 4005 Deum,
945 3925 1079 4001 dabitur,
1097 3930 1127 3986 et
1145 3921 1307 3985 abundabit
1325 3941 1337 3983 .·
1359 3920 1396 3981 ab
1409 3940 1441 3981 eo
1457 3926 1568 3998 autem,
1590 3921 1644 4002 qui
1657 3940 1716 3982 nou

108 4026 217 4102 prout
228 4026 275 4082 est
286 4021 441 4099 objectum
454 4022 693 4083 beatitudinis...
710 4020 803 4082 Nulla
815 4041 897 4083 crea·
946 4018 1040 4079 tradet.
1057 4013 1280 4096 etquodtcobet,
1296 4010 1501 4090 defaecaret
1515 4032 1556 4073 eo.
1573 4013 1716 4093 Denique

108 4121 194 4176 tura
204 4114 591 4195 rationalispotesthabere
602 4113 897 4175 motum'voluntatis
947 4110 988 4170 ad
1004 4108 1088 4170 Rom.
1104 4126 1157 4182 xv,
1174 4109 1223 4169 10.
1238 4103 1309 4167 Noe
1322 4123 1385 4184 epo,
1402 4103 1452 4166 scd
1462 4105 1565 4185 proteo
1575 4105 1631 4166 Dei
1654 4123 1714 4166 me·

110 4206 304 4269 ordinatum
318 4207 358 4268 ad
371 4207 457 4269 illam
475 4207 712 4281 beatitudinem,
731 4206 790 4266 uisi
813 4211 898 4267 mota
946 4221 1022 4262 cum.
1039 4201 1176 4262 Gratiam
1189 4204 1295 4259 autem
1318 4202 1415 4257 status
1433 4197 1620 4258 innocentie
1635 4215 1716 4277 prce-

110 4298 354 4380 superuaturali
378 4305 511 4378 agente:
534 4307 566 4359 et
588 4298 648 4359 hoc
661 4297 793 4359 dicimus
810 4296 897 4357 auxi·
947 4311 1016 4355 sens
1039 4292 1137 4371 gratia
1159 4290 1208 4351 his
1221 4290 1377 4370 precipue
1391 4288 1512 4350 excedit
1527 4309 1534 4350 ι
1551 4289 1619 4350 haec
1632 4291 1718 4350 euim

111 4389 204 4453 lium
213 4389 367 4467 gratie.»
388 4391 477 4452 Idem
493 4389 587 4451 sentit
605 4391 736 4451 Scotus:
759 4388 813 4449 sed
829 4386 897 4448 aliis
947 4385 1119 4465 appetitum
1136 4382 1320 4444 rationalem
1342 4380 1547 4456 debilitatum,
1562 4400 1599 4442 ac
1611 4382 1719 4444 vtrlue·

112 4480 299 4544 rationibus
308 4481 441 4544 ducitur.
464 4482 543 4543 vide
557 4499 588 4560 q.
613 4499 635 4557 1,
652 4481 770 4560 prolog.
796 4477 896 4555 Quod-
947 4482 1051 4539 ratum
1072 4476 1167 4555 primi
1188 4474 1323 4535 hominis
1348 4473 1439 4552 culpa
1465 4473 1654 4552 peculiarem
1685 4475 1720 4536 iu

114 4573 210 4647 tibet,
226 4589 294 4647 ιιι,
308 4591 344 4634 ιι.
370 4575 404 4635 Ι).
422 4593 462 4635 ιιι
483 4593 514 4654 q.
544 4591 588 4633 1x.
615 4573 704 4634 Idem
725 4570 838 4649 reliqui
859 4570 898 4631 de
948 4565 1718 4645 modumadjuvare,confirmare,roboraredehet:

113 4664 234 4730 schola
267 4665 403 4747 theologi
429 4666 570 4746 :Deique
591 4665 745 4745 visionem
766 4662 900 4741 efferunt
948 4667 984 4721 ut
995 4658 1150 4740 appetitui
1160 4658 1306 4719 sentienti
1314 4656 1554 4718 resistat.Secus
1563 4658 1717 4720 veroilla:
1757 4670 1768 4692 ·

115 4774 223 4840 supra
237 4774 365 4820 omnem
378 4752 620 4837 notariumque
635 4758 716 4818 Deus
731 4774 796 4817 nou
809 4755 873 4835 sit.¹
950 4770 1022 4814 cum
1035 4751 1189 4830 appetitus
1203 4748 1344 4829 superior
1362 4748 1442 4810 nihil
1455 4747 1646 4810 difficultatis
1663 4750 1721 4811 ha-

672 4878 677 4886 ·
950 4845 1038 4906 heret
1051 4842 1091 4904 ab
1106 4841 1244 4904 inferiori
1259 4858 1415 4921 :eumque
1442 4847 1522 4903 nutu
1546 4857 1615 4916 suo,
1630 4840 1722 4919 plane

471 4950 490 5031 ἓ
510 4952 558 5013 111
563 4996 570 5013 ,
952 4934 993 4997 ad
1010 4934 1187 5010 arbitrium,
1202 4940 1324 5013 regeret
1337 4950 1372 4994 ac
1387 4932 1724 5012 gubernaret-Praeter·

954 5045 992 5089 es
1005 5027 1104 5106 gratia
1117 5042 1255 5105 praesens
1282 5024 1372 5085 uobis
1387 5043 1452 5086 non
1466 5025 1567 5086 solum
1586 5041 1651 5085 uon
1666 5024 1724 5086 da-

170 5124 285 5203 Itaque
304 5122 343 5184 ad
367 5120 505 5202 primum
527 5122 710 5202 respondeo,
728 5119 820 5181 etiam
848 5138 905 5200 pro
954 5124 1007 5179 tur
1021 5137 1060 5179 ex
1080 5117 1201 5191 dehito;
1218 5116 1272 5177 sed
1285 5116 1376 5178 datur
1388 5115 1470 5176 male
1490 5114 1682 5177 merentibus
1696 5122 1727 5177 et

128 5222 199 5277 stoc
214 5213 486 5293 uuaturaclapsae,
511 5214 678 5293 plusquam
704 5213 856 5273 sexcentis
873 5212 907 5271 in
956 5211 1048 5290 plane
1073 5207 1218 5285 indiguis.
1240 5207 1297 5267 Illa
1321 5224 1395 5267 vero
1421 5206 1500 5267 nihil
1523 5206 1650 5285 quidem
1663 5224 1727 5267 me-

123 5307 222 5384 luch,
245 5311 276 5369 ct
295 5305 393 5366 vitam
413 5310 563 5366 aeternam
582 5322 697 5365 asauc.
715 5303 839 5364 doctore
853 5323 907 5363 vo·
956 5301 1038 5363 renti
1073 5300 1182 5361 collata
1211 5297 1357 5365 {crased
1391 5315 1456 5357 nou
1478 5298 1619 5376 indigno.
1647 5299 1725 5373 huo,

133 5400 203 5462 cari
216 5397 406 5470 mercedem,
426 5395 499 5473 imo,
516 5400 548 5457 et
557 5395 685 5475 justitiae
700 5411 864 5469 coronam;
881 5399 912 5455 et
960 5389 1455 5473 quamvishomini‚uvhomoest,
1469 5388 1725 5467 nondeheretur;

296 5514 372 5576 Tou.
395 5513 448 5573 iv.
1568 5505 1616 5575 38Ι
