3932 6172
426 394 477 456 lili
496 394 660 459 aristeto
683 393 757 459 SEX
778 394 940 476 DIERUM,
961 401 1033 465 LIB.
1058 402 1112 478 lli,
1134 405 1222 468 CAP.
1244 407 1296 468 IX.
1591 416 1651 477 335

83 556 288 632 ιιιιιίοιιίιιιιι,
316 563 353 621 ιι
381 558 535 638 jusanam
569 565 685 635 ament,
712 561 837 622 oderint
886 563 1039 643 dogmatis
1054 585 1141 630 error
1162 568 1324 650 insigniter
1345 573 1558 652 conviantem
1582 582 1651 637 tum
1723 578 1729 583 '

82 648 264 728 inimtitiam3
281 668 339 713 nee
356 656 479 715 tantum
501 653 597 726 malo,
617 653 766 733 poenisve,
781 653 835 717 sed
884 657 1012 734 quodin
1027 658 1081 720 illo
1095 664 1460 743 nonpraejudicium,sed
1473 669 1652 748 planejudi-

83 741 165 803 etiam
181 742 386 818 suasionibus,
402 744 678 820 cohortationibus,
685 745 832 824 praemiis,
884 747 968 811 cium
981 750 1019 812 de
1033 750 1171 831 reliquis,
1187 774 1257 835 qna
1265 775 1322 836 pro
1336 776 1369 820 sa
1381 759 1495 837 attufit,
1509 761 1651 823 tmdmo·

81 850 112 895 ac
122 833 308 897 muneribus.
320 835 382 897 Ubi
394 840 425 898 ct
437 843 579 916 ὰιηκιζιιν
590 837 685 901 verbo
695 843 832 911 ususest,
884 841 944 905 niis
955 848 1001 905 ast
1014 843 1142 907 betam.

83 943 266 1005 quosemper
284 945 384 1009 copes
403 927 570 1006 significari
578 930 674 993 eredit
691 930 833 993 advena-

81 1017 148 1090 rins,
169 1019 224 1097 qni
243 1024 351 1083 tamen
370 1019 497 1098 qualem
517 1020 608 1099 fingit
619 1021 679 1083 sibi
698 1023 834 1083 eoacbo·

82 1127 153 1186 nem,
177 1111 302 1175 nonnisi
328 1111 517 1191 perabsurde
543 1112 586 1174 ibi
607 1113 764 1189 cogitabit.
789 1114 835 1175 Ite
1115 1133 1144 1214 C
1153 1134 1308 1218 ApUT
1338 1138 1394 1217 lx

82 1202 154 1265 Ἱῖιιιι
164 1202 335 1267 Beruensis
348 1202 468 1267 inlibro
482 1203 724 1269 secundocoairc
735 1205 835 1267 Moni-

81 1292 160 1356 aaa
174 1312 181 1355 ι
197 1315 213 1353 ι
228 1295 402 1369 Commisit,
426 1295 528 1375 inquit
548 1295 571 1373 ¹,
590 1295 782 1373 hominibus,
798 1302 835 1359 ut

81 1385 214 1449 haberant
226 1386 358 1451 liberam
371 1387 553 1451 electionem
565 1388 697 1465 virtubs,
710 1407 746 1449 ae
758 1406 832 1468 pro·
882 1394 1021 1457 Aliarum
1048 1397 1175 1461 Putrem
1200 1400 1238 1461 ab
1264 1402 1333 1464 acci
1355 1402 1499 1485 bematis
1531 1414 1652 1468 auctore

80 1478 177 1541 bitatis.
196 1500 212 1539 r
261 1479 333 1544 Mox
346 1480 458 1545 idcirce
477 1483 577 1544 Deum
594 1499 661 1542 non
681 1498 834 1561 sempere
922 1487 1283 1574 citototestimoniu;qaoe
1291 1495 1419 1556 marim
1433 1503 1535 1558 contra
1554 1497 1650 1577 apaan

81 1570 191 1650 religio
204 1571 320 1650 punire
333 1577 507 1651 peccatores
512 1572 567 1649 ait,
579 1572 831 1650 uutnecessitate,
922 1577 1049 1658 [αιιιιιι.
1058 1581 1214 1662 Imprimis
1228 1586 1375 1667 Origene,
1387 1588 1441 1668 qui
1452 1587 1535 1649 iltius
1543 1608 1650 1652 aonam

80 1668 106 1725 et
115 1663 143 1721 vi
154 1663 295 1725 moeroris
307 1662 481 1725 libertatem
493 1663 718 1727 nouexcludat.
734 1684 750 1721 n
921 1669 1292 1739 delicatissimarum
1304 1697 1428 1759 morsm
1440 1682 1554 1742 evertit.
1570 1681 1651 1760 Affe-

114 1753 185 1819 xlv.
210 1755 355 1835 Denique
380 1755 515 1819 Hilarius
541 1755 771 1819 indifferentem
798 1755 832 1818 in
922 1772 1032 1826 rantur
1050 1765 1115 1828 aliu
1128 1766 1256 1846 &molem
1280 1769 1355 1843 ioca,
1377 1789 1414 1832 su
1436 1771 1544 1852 quibus
1558 1773 1653 1852 magis

81 1846 213 1909 arunas
234 1848 478 1926 propensionem
500 1845 668 1909 voluntatis
685 1846 832 1908 humanas
922 1872 1006 1917 error
1033 1855 1087 1918 ilie
1103 1858 1297 1922 maniacitnr.
1326 1861 1521 1940 Cocceianus,
1540 1869 1570 1925 ct
1593 1864 1653 1925 aim

81 1937 233 1999 neeaffltsti
247 1936 382 2017 simplici
394 1944 621 2018 repugnantem
630 1938 665 1999 iu
678 1938 834 2018 sequenti·
923 1945 1005 2027 opud
1014 1949 1148 2011 mmdcm
1158 1969 1215 2011 aon
1228 1970 1260 2013 eo
1273 1951 1357 2015 modo
1369 1954 1475 2035 accipi,
1495 1972 1553 2034 qao
1560 1963 1654 2036 patc-

82 2026 135 2089 bas
156 2029 256 2108 aperit.
281 2030 355 2093 «Et
380 2046 537 2109 quanqam
557 2047 625 2106 nos,
654 2029 771 2109 inquit,
793 2028 833 2091 ud
922 2039 978 2101 vit.
998 2038 1144 2103 Eusebia
1163 2061 1319 2124 perparum
1342 2044 1380 2107 cd
1407 2045 1506 2109 eodem
1532 2046 1651 2125 ataias,

84 2118 255 2185 vennam
263 2119 422 2198 honitatis,
434 2121 467 2183 id
480 2127 527 2184 ast
537 2121 577 2185 ad
590 2121 682 2197 bene,
692 2122 833 2183 honeste·
923 2149 990 2194 crm
1001 2129 1136 2195 aduersae
1150 2134 1237 2197 illum
1253 2136 1401 2216 imprimis
1412 2142 1518 2217 faciat.
1527 2137 1654 2221 Eupat-

80 2229 132 2289 qus
154 2211 331 2288 sinendum,
360 2231 416 2293 per
443 2230 531 2293 spem
555 2213 780 2294 promerendae,
802 2217 835 2275 et
922 2220 1037 2282 dantur
1051 2223 1424 2289 illiuslocuealibroscato
1443 2228 1652 2311 dePrcrpurc·

80 2303 260 2371 ulendesuar
269 2304 416 2367 bonitatis
429 2305 576 2379 inliceret,
593 2322 718 2387 paenam
727 2309 834 2367 tamen
922 2313 1002 2379 tione
1016 2314 1205 2397 Euangeliou,
1225 2325 1255 2380 et
1270 2338 1308 2382 ec
1327 2318 1405 2383 libro
1425 2330 1527 2383 costra
1545 2320 1653 2385 Hiero-

78 2395 215 2475 deritatss,
237 2404 271 2458 et
289 2404 478 2478 contempte
495 2397 776 2477 bonitatisadjecit.
793 2397 834 2459 Ut
922 2404 1008 2469 clem,

79 2505 140 2551 eum
150 2488 423 2553 libertatemnohis
436 2490 604 2551 voluntatis
614 2489 654 2551 ad
663 2487 833 2553 bonitatem

76 2581 304 2658 promerendam
316 2581 504 2662 reliquisset,
524 2582 597 2662 qnia
610 2581 760 2645 meritum
773 2600 832 2643 ua-
924 2578 945 2639 l.
963 2579 1097 2659 Reliqua
1124 2598 1209 2645 nunc
1239 2583 1441 2662 antiquorum
1474 2582 1652 2649 testimonia

78 2675 143 2735 ture
173 2674 341 2737 necessitas
378 2692 444 2735 non
476 2673 625 2751 haberet,
659 2671 833 2737 libertatem
881 2669 1075 2749 relegamus,
1109 2691 1180 2752 qum
1220 2673 1370 2739 libertatis
1403 2675 1505 2739 hostes
1541 2679 1651 2741 eodem

76 2762 161 2841 ipsam
173 2763 316 2844 quotidie
331 2765 508 2846 propositus
524 2784 541 2827 a
559 2765 715 2827 contrario
732 2782 833 2844 poene
881 2767 990 2827 tenore
1008 2768 1183 2843 pertenent.
1207 2768 1250 2827 de
1272 2766 1326 2829 illa
1352 2766 1488 2847 prolecto
1509 2769 1594 2846 talia,
1615 2775 1652 2831 ut

76 2859 161 2919 terror
177 2862 337 2935 argueret.
359 2857 460 2936 Atque
479 2856 522 2921 its
537 2862 569 2918 et
586 2875 642 2937 per
666 2856 831 2934 rabonem,
881 2871 946 2917 non
962 2858 1155 2935 expressiora
1174 2862 1283 2918 contra
1305 2876 1350 2928 se,
1375 2858 1401 2919 si
1422 2877 1650 2939 oppugnarese

75 2950 154 3025 aquo
175 2947 254 3027 justi
282 2948 324 3011 ad
351 2949 498 3011 meritum
530 2947 653 3028 praemii
685 2947 834 3029 permissa
882 2945 940 3026 ipsi
948 2948 1074 3025 vedent,
1085 2949 1245 3028 potuerint
1257 2949 1378 3013 afferre.

76 3036 185 3101 libertm
193 3046 252 3116 est,
265 3045 299 3103 et
312 3058 369 3123 per
379 3039 551 3117 honitatem
563 3039 618 3105 Dei
628 3040 675 3101 vis
683 3039 834 3102 libertatis
921 3039 1045 3101 Horum
1053 3039 1309 3119 assumpsimus
1322 3042 1535 3118 estOrigenes,
1550 3042 1650 3123 quiob
1706 3104 1711 3114 ,

75 3136 149 3193 netu
160 3132 392 3195 constitutionis
405 3137 522 3197 arctata
535 3137 592 3209 est,
608 3131 832 3209 utbenevelle,
880 3129 1651 3211 hoeunumsuffragariputattunovaelibertatisde-
1674 3104 1821 3202 liiidie?
1960 3208 1961 3217 χ

75 3223 163 3285 mend
175 3241 246 3304 spes
261 3229 417 3302 moneret,
432 3223 552 3287 malum
565 3223 833 3307 nolls‚prop0sitae
881 3221 1650 3307 finitioni,qu0dhuicnecessitatemopponit.rttqui
1683 3211 1810 3308 'd'l'ffiffi’
1960 3222 1961 3315 l

75 3312 186 3377 uronis
206 3335 306 3396 poena
326 3317 477 3383 suaderet.
505 3318 611 3396 ltaque
629 3315 689 3390 his,
719 3316 833 3396 quibus
881 3313 921 3377 ob
935 3313 1648 3397 hooipsumopinioniillirelmaximaeontra·
1686 3316 1814 3364 suasores.

75 3422 106 3465 cs
121 3408 289 3471 uoluntatis
299 3408 439 3471 libertate
460 3407 579 3470 malitia
592 3407 691 3485 magis
705 3408 831 3486 placuit,
881 3404 965 3476 dicit,
981 3408 1065 3486 quod
1078 3407 1131 3484 ita,
1151 3412 1187 3468 nt
1200 3408 1393 3471 adversarius
1407 3409 1522 3488 objicit,
1545 3410 1585 3475 de
1597 3410 1651 3473 ille

74 3497 140 3559 ultio
152 3501 323 3563 constituta
335 3501 382 3561 ira
395 3502 449 3563 Dei
466 3499 718 3563 cessassemus
735 3499 833 3559 Inhis
881 3498 1079 3576 necessitatis,
1108 3503 1139 3561 et
1163 3499 1313 3563 libertatis
1332 3520 1439 3581 pugna
1461 3502 1578 3565 statuit.
1612 3505 1650 3564 In

4 3618 51 3664 ,m
75 3589 229 3671 uerbisqui
249 3599 426 3675 τιὰδιάφορον
446 3592 486 3653 ab
508 3591 595 3653 nullo
621 3589 832 3652 determinatas
882 3589 1033 3668 prooemio
1053 3591 1155 3671 operis
1178 3590 1213 3653 dc
1235 3591 1412 3674 Principiis,
1445 3595 1547 3657 cessa
1572 3595 1650 3657 illud

75 3680 237 3761 solenniis,
255 3690 290 3745 et
302 3685 513 3764 inuisumque
527 3682 653 3764 paribus
668 3681 833 3743 momentis
882 3680 1057 3758 definitum,
1071 3682 1127 3760 ait,
1141 3683 1175 3743 in
1189 3684 1399 3746 Ecclesiastico
1417 3685 1647 3765 praedieatione,

75 3790 221 3855 propense
226 3795 297 3839 nou
309 3776 404 3853 videt,
413 3775 551 3856 prolecto
565 3774 742 3837 nihilvidet.
755 3774 834 3835 Nam
882 3790 1009 3835 omnem
1022 3775 1161 3836 animam
1174 3775 1358 3839 rationalem
1368 3774 1445 3838 'esse
1463 3777 1555 3838 liberi
1567 3777 1649 3838 arbi·

73 3870 243 3945 etpoenam,
275 3886 312 3929 ae
335 3868 500 3949 premium
513 3886 532 3927 a
545 3869 608 3928 Deo
631 3866 765 3946 proponi
778 3866 832 3942 ait,
881 3864 945 3943 tnii,
960 3872 992 3927 et
1004 3865 1252 3943 voluntatique.
1271 3868 1652 3947 Undectoonsaquensest

74 3960 243 4041 oetendique
255 3980 265 4038 3
303 3964 338 4022 ut
362 3960 397 4021 in
418 3964 569 4041 potestate
601 3958 641 4019 sit
667 3958 835 4019 voluntatis
882 3956 1139 4036 intelligere,non
1152 3976 1210 4021 nos
1220 3959 1392 4021 necessitati
1406 3977 1471 4019 esse
1485 3959 1648 4039 subjectos,

72 4048 165 4127 stum,
179 4058 294 4115 utrum
306 4051 381 4113 velit
394 4051 560 4115 amborum
578 4049 834 4130 requestarum
884 4053 919 4109 ut
933 4048 1019 4111 omni
1032 4050 1137 4129 modo,
1148 4049 1268 4111 etiamsi
1282 4050 1429 4128 nolimus,
1444 4050 1493 4112 vel
1502 4051 1651 4121 mala,vel

74 4140 205 4205 mmedio
218 4143 350 4205 volendi
362 4161 397 4205 ac
417 4143 543 4205 nolendi
557 4142 755 4203 consitutum
768 4159 834 4202 esse
882 4140 965 4202 bona
977 4159 1068 4221 agere
1083 4159 1243 4220 cogamur.
1259 4142 1292 4203 Si
1311 4142 1397 4205 euim
1415 4142 1513 4205 nostri
1530 4142 1652 4204 arbitrii

73 4233 256 4299 rduntatem
270 4235 390 4314 asserit,
406 4235 585 4297 necessitate
604 4234 691 4295 nulla
704 4233 744 4294 ad
757 4232 833 4295 altc-
881 4249 1001 4309 sumus,
1016 4233 1162 4308 instigare
1175 4233 1303 4295 fortasse
1313 4237 1443 4315 possunt
1460 4234 1572 4317 aliquae
1586 4235 1650 4297 rir-

73 4332 184 4391 rutrnm
207 4328 375 4405 adactam3
400 4327 575 4409 cujusmodi
597 4325 762 4391 necessitas
780 4324 834 4387 illu
882 4329 963 4386 tates
976 4326 1017 4386 ad
1030 4330 1203 4405 peecatum,
1218 4330 1249 4387 et
1260 4325 1448 4409 aliaejuvare
1457 4327 1648 4403 adsalutem,

73 4425 119 4497 est,
138 4440 209 4501 quoe
229 4425 343 4496 arctat,
369 4439 435 4483 non
457 4419 541 4496 cogit
567 4436 690 4483 summa
712 4415 777 4490 illa,
802 4423 834 4478 et
881 4435 947 4477 non
980 4421 1086 4479 tamer
1109 4417 1290 4480 necessitate
1310 4417 1452 4497 cogimur
1481 4420 1531 4483 vel
1559 4439 1651 4499 agere

70 4507 188 4586 joaaari
214 4512 376 4575 coactione
401 4510 618 4591 theologorum
645 4508 830 4585 recentium,
881 4514 975 4586 recte,
994 4509 1045 4570 vel
1067 4507 1165 4587 male,
1191 4509 1275 4593 quod
1290 4508 1359 4571 lieri
1375 4510 1577 4590 arbitrantur,
1596 4512 1651 4593 qui

73 4608 166 4682 etqua
180 4604 338 4665 meritum
357 4603 391 4664 in
414 4608 713 4685 utramquepartem
739 4617 832 4662 omna
881 4600 1042 4667 stellarum
1062 4618 1198 4678 cumam,
1222 4608 1254 4665 et
1272 4608 1388 4681 motus,
1404 4621 1530 4665 oaumm
1541 4604 1651 4667 dicum

73 4696 182 4771 penitus
211 4696 321 4774 eripit.
362 4697 437 4769 Qua
471 4701 575 4757 satan
609 4696 671 4756 hoc
704 4693 834 4755 necessi-
881 4692 1093 4755 humanorum
1106 4711 1172 4754 esse
1185 4699 1431 4773 gestorum,non
1445 4713 1648 4775 eorumquae

73 4787 198 4865 tmlaait,
214 4788 274 4849 illa
287 4786 353 4868 ipsa
366 4792 422 4865 est,
433 4805 504 4868 qua
514 4786 697 4851 electionem
710 4802 746 4846 ac
755 4784 831 4847 deli-
881 4791 969 4849 extra
981 4785 1101 4853 arbitrii
1114 4787 1260 4851 accidunt
1273 4787 1457 4862 bbmtatem,
1472 4787 1526 4849 sad
1539 4804 1648 4849 eorum

72 4874 257 4945 monem
282 4878 393 4953 aufert,
417 4883 452 4939 ut
478 4897 517 4941 ex
530 4878 685 4955 Nemesio,
709 4876 833 4941 duanae
882 4895 953 4958 quas
966 4879 1000 4938 in
1013 4882 1119 4941 nostra
1140 4883 1214 4939 sunt
1233 4878 1332 4958 posita
1356 4883 1517 4958 potestate.
1531 4899 1548 4939 r
1566 4880 1647 4954 Quo·

72 4967 266 5046 Damascene,
294 4970 425 5049 aliisque
451 4970 716 5051 supradiximus.
749 4970 833 5030 Facit
882 4968 968 5031 niam
988 4969 1034 5030 ibi
1058 4968 1249 5031 necessitatis
1275 4975 1307 5031 et
1330 4969 1494 5031 coactionis
1520 4971 1649 5032 nomina

71 5068 164 5125 sutem
176 5063 248 5125 sole
257 5062 292 5123 id
308 5062 575 5129 determinatione,
592 5067 623 5123 et
635 5062 764 5124 alterins
777 5062 831 5123 de·
880 5060 1000 5141 legsmt,
1023 5062 1127 5123 statim
1147 5060 1319 5122 conlectam
1332 5078 1400 5121 rem
1413 5066 1579 5140 putarant3
1592 5081 1650 5127 nec

71 5157 153 5216 rien
166 5153 333 5235 potestate,
353 5153 417 5216 sive
440 5153 645 5215 indifferentia
663 5154 832 5216 volumtntis
880 5152 1028 5213 attentius
1050 5151 1144 5213 totius
1166 5152 1228 5213 loci
1248 5151 1445 5229 senteutiam,
1467 5153 1592 5232 etquid
1612 5171 1650 5214 ex

70 5247 191 5309 exdnsa.
207 5246 276 5310 Sed
288 5246 327 5309 de
340 5246 408 5307 loco
423 5245 533 5309 Hilarii
541 5246 705 5321 hactenus3
720 5246 754 5308 in
767 5264 831 5327 quo
880 5244 1024 5324 dogmate
1037 5261 1093 5305 suo
1107 5260 1297 5324 consequens
1309 5248 1398 5317 esset,
1418 5243 1648 5305 animadverte-

68 5334 238 5415 plusculnm
264 5337 424 5417 hesimus,
445 5336 530 5425 quod
553 5336 588 5401 in
612 5341 649 5403 eo
683 5337 830 5403 annuarii
879 5341 971 5415 ruut3
986 5334 1206 5417 quodquidam
1231 5333 1265 5397 in
1278 5334 1529 5401 antecedentibus
1540 5334 1648 5417 cepiti-

91 5537 102 5583 l
114 5537 174 5585 Ten.
186 5538 216 5584 Π
226 5537 290 5587 etti.
298 5538 359 5587 rur.
369 5539 411 5584 cel.
420 5536 468 5584 ete.
