3934 6172
414 344 465 405 DE
484 342 652 405 cermalo
672 342 745 407 SEX
768 343 933 419 DIERUM,
955 345 1025 408 LlB.
1052 346 1080 422 i,
1102 347 1187 409 GAP.
1209 348 1280 409 XII.
1580 351 1638 411 20¹

81 514 181 590 putea,
199 506 385 570 «rationales
393 509 514 570 divinas
530 516 657 570 naturas
669 510 745 571 alias
759 528 825 571 esse
877 517 1015 573 versatur
1029 513 1187 592 opinione.
1202 515 1294 594 Apud
1306 531 1401 594 quem
1412 517 1520 576 Petrus
1532 515 1641 577 sdver-

81 602 144 663 dicit
172 602 382 680 incorporeas,
417 608 449 664 et
480 603 714 682 intelligibiles3
750 603 826 663 alias
876 604 1174 667 suasimulaercrnm
1184 607 1316 669 cultores
1324 606 1644 687 declamanslcquitur

81 693 242 773 corporibus
265 693 384 771 affixas,
407 695 580 775 cujusmodi
608 696 738 775 contigit
761 713 826 756 esse
876 697 941 756 sie:
975 718 990 754 c
1017 699 1064 757 Tu
1083 716 1156 775 ergo
1180 700 1289 761 adoras
1316 700 1536 775 insensibilem,
1572 718 1644 761 eum

80 787 166 847 sidua
178 796 230 846 ’.ν
877 789 1092 868 unusquisque
1106 791 1224 851 habens
1240 809 1376 867 sensum,
1397 810 1454 852 nec
1468 791 1645 870 ecquidem
1723 810 1727 815 ’

112 880 147 939 R.
159 878 251 939 lioses
264 877 347 939 iilius
361 880 556 957 Maiemonis‚
572 898 707 960 quocum
730 897 825 941 nemo
877 882 983 941 credat
1009 882 1177 958 adoranda,
1204 903 1274 962 quae
1295 903 1314 943 a
1335 886 1401 944 Deo
1419 883 1498 945 faeta
1516 889 1598 958 sunt,
1615 889 1645 943 et

81 976 137 1050 post
156 970 269 1030 liccem
295 970 501 1050 legislatorem
530 971 757 1051 comparandus
782 978 827 1032 est
876 972 993 1033 babent
1007 974 1158 1034 sensum?
1172 976 1204 1036 id
1218 980 1264 1036 est
1276 975 1385 1050 solem,
1405 981 1436 1035 et
1462 975 1581 1047 lunam,
1595 974 1644 1036 vel

80 1062 263 1123 Hebraeorum
278 1063 408 1140 judicio,
435 1083 500 1126 non
525 1065 628 1125 solum
656 1063 827 1124 adstotelis
878 1065 990 1139 stellas,
1007 1067 1173 1145 omniaque
1187 1085 1257 1146 quae
1272 1068 1305 1127 in
1321 1067 1398 1128 coelo
1423 1073 1496 1127 sunt
1508 1073 1540 1126 et
1552 1085 1645 1146 super

80 1154 149 1214 dbm
166 1153 253 1214 inisse
274 1157 456 1234 opinionem
473 1157 638 1231 existimat,
662 1156 826 1217 sedetiam
876 1161 1002 1218 terram.
1024 1158 1149 1219 Justnm
1172 1160 1257 1219 enim
1274 1164 1395 1238 putant,
1418 1177 1483 1219 non
1502 1177 1550 1235 ea,
1575 1177 1645 1237 quae

80 1264 134 1307 esse
152 1246 349 1307 certissimam
370 1266 406 1308 ac
426 1249 488 1328 legi
507 1250 643 1310 maxime
664 1251 825 1308 consenta-
878 1266 934 1327 pro
948 1249 1060 1309 mundi
1071 1250 1242 1310 ministerio
1249 1250 1328 1311 iacta
1344 1255 1427 1322 sunt,
1441 1250 1494 1311 sed
1505 1250 1645 1330 ipsorum

80 1346 200 1409 neam,et
207 1336 239 1397 id
247 1338 281 1397 in
295 1345 418 1418 qrmrto,
430 1346 460 1401 et
473 1340 827 1419 quintocapitedemon-
877 1346 908 1401 et
920 1341 1031 1401 mundi
1052 1342 1147 1401 totius
1165 1348 1335 1404 creatorem
1359 1343 1471 1403 debere
1489 1342 1641 1404 venerari.

79 1429 238 1508 aliperus
254 1431 401 1492 secrmdae
413 1431 559 1512 libri,qui
574 1431 657 1493 More
668 1430 826 1492 Nebocltim
876 1434 1019 1494 Gaudent
1039 1435 1121 1494 enim
1137 1436 1231 1495 etiam
1250 1435 1329 1510 haec,
1349 1452 1421 1495 cum
1434 1434 1485 1494 ille
1499 1434 1646 1494 adoratur

80 1521 245 1581 ascribitur.
877 1531 907 1585 et
921 1525 1048 1601 colitur;
1064 1543 1122 1586 nee
1140 1525 1273 1588 libenter
1294 1527 1460 1606 accipiunt,
1481 1532 1518 1585 ut
1543 1525 1645 1586 honor

6 1610 60 1707 wi„
110 1613 153 1673 Vl.
167 1614 248 1674 lianc
262 1615 409 1677 eamdem
425 1633 519 1694 porro
539 1633 579 1677 ex
601 1616 781 1692 Academia,
796 1623 827 1677 et
876 1619 1022 1678 creatoris
1056 1623 1204 1678 creatura
1232 1617 1428 1678 deferatur.»
1462 1617 1593 1677 Videtur
1615 1623 1646 1677 et

6 1678 186 1813 Epprciana
220 1707 418 1787 philosophia
451 1714 607 1787 sumptam
643 1709 826 1770 Christianis
879 1708 1059 1769 Ambrosius
1085 1708 1186 1769 eidem
1213 1708 1314 1770 affinis
1338 1709 1488 1789 opinioni,
1523 1726 1645 1769 necnon

6 1832 49 1869 m,
80 1796 185 1858 anribm
203 1798 384 1877 importavit
402 1800 559 1879 Origenes,
582 1818 618 1861 ac
639 1800 776 1862 ridiculis
796 1807 827 1863 et
877 1801 1097 1880 Hieronymus.
1115 1802 1193 1861 Nam
1207 1801 1367 1880 perspicue
1381 1800 1522 1862 dubitare
1535 1818 1567 1860 se
1580 1802 1645 1860 Au-

80 1889 189 1949 unilibus
202 1892 391 1952 commentis
417 1893 625 1953 studiosorum
650 1893 697 1953 sui
723 1893 828 1955 infecit
877 1892 1021 1971 gostinus
1046 1892 1119 1952 alias
1141 1891 1238 1951 fassus
1261 1898 1316 1965 est,
1341 1910 1412 1952 cum
1427 1892 1494 1951 aliis
1516 1891 1551 1951 iu
1571 1892 1646 1951 locis

79 1981 194 2057 animos3
205 2000 274 2061 quae
289 1989 323 2043 et
337 1984 371 2043 in
384 1984 485 2063 primo
498 1984 578 2045 libro
592 1983 627 2045 de
645 1984 824 2065 Principiis,
876 2001 941 2043 uon
954 1984 1058 2043 minus
1072 1983 1203 2044 dilucide
1217 2002 1309 2044 sensu
1324 2002 1428 2045 carere
1443 1982 1577 2044 coelestia
1592 1982 1645 2044 illa

80 2074 161 2152 capite
169 2076 294 2154 septimo
309 2075 402 2136 latius
420 2077 558 2156 exposita
574 2077 733 2156 leguntur,
749 2078 826 2140 etin
876 2093 1007 2154 corpora
1029 2075 1182 2149 docuerit3
1199 2075 1237 2135 de
1258 2076 1373 2155 quibus
1394 2081 1463 2155 post
1476 2074 1646 2135 accuratius

79 2167 284 2228 commentariis
308 2166 351 2228 cd
369 2168 491 2230 ioannis
509 2168 709 2247 Econpeiiom
728 2170 827 2231 obiter
876 2166 1099 2245 disputandum
1122 2168 1191 2241 erit,
1216 2174 1381 2247 postquam
1395 2169 1517 2228 Grecos
1530 2167 1646 2245 aliquot

78 2257 180 2331 incerta,
194 2259 248 2319 ubi
259 2278 322 2339 pro
336 2261 426 2320 astris
438 2261 511 2340 ipsis
520 2262 692 2341 suspicatur
701 2280 826 2340 passum
876 2257 910 2318 in
925 2258 1063 2319 medium
1084 2259 1275 2337 addduxero,
1295 2260 1350 2338 qui
1371 2259 1482 2320 diserte
1505 2258 1645 2337 opinioni

78 2366 129 2409 ecce
152 2351 317 2412 Christum.
340 2352 517 2425 Quinetiam
543 2353 578 2413 iu
610 2358 720 2432 quarto
744 2353 825 2416 libro
876 2349 926 2409 isti
939 2351 1164 2428 contradicunt,
1179 2351 1306 2430 quidam
1320 2351 1414 2412 etiam
1427 2350 1645 2411 interhaereti·

6 2476 8 2489 ι
76 2449 156 2501 aare
173 2440 286 2503 Celsum
310 2443 390 2504 illud
412 2444 495 2505 idem
518 2445 632 2527 diserte
653 2445 825 2518 asseritur
877 2460 927 2503 cas
941 2459 1010 2502 eam
1024 2443 1173 2504 referunt.

78 2534 280 2614 nnspiritucli
300 2536 383 2611 luce,
412 2554 507 2616 quam
534 2535 711 2616 aspectabili
737 2543 827 2616 putat
916 2535 1096 2595 Vll-Exbis
1110 2540 1215 2595 autem
1228 2534 1330 2615 primo
1344 2535 1412 2595 loco
1424 2536 1644 2597 memorandus
1678 2557 1806 2604 romoran-

77 2623 242 2687 illuminatos
257 2626 381 2689 fuisse:
410 2628 606 2707 «Siquidem
628 2628 682 2688 illa
709 2630 822 2703 etiam,
876 2627 1010 2687 occurrit
1038 2627 1188 2688 Eusebius
1219 2626 1422 2698 Caesariensis,
1451 2646 1516 2687 non
1542 2627 1643 2688 solum
1668 2620 1816 2657 ²⁰³⁰⁰⁰¹⁰³⁰⁸

77 2733 132 2793 qua
155 2719 184 2778 in
208 2720 288 2780 coelo
320 2725 403 2794 sunt,
430 2720 543 2799 inquit,
573 2726 655 2781 astra
677 2720 826 2782 animalia
877 2718 975 2779 aetntis
986 2720 1317 2797 praerogativarum
1325 2720 1418 2779 etiam
1427 2719 1643 2798 quodOrigeni
1688 2667 1788 2764 ruffina

77 2812 414 2891 antecantamenta,
429 2813 542 2873 etluce
556 2812 827 2891 cognitionisillu-
876 2809 1265 2871 mercennariorum
1299 2815 1330 2870 a
1354 2810 1438 2870 illius
1461 2811 1641 2884 namnam,
1677 2782 1804 2817 ⁸⁵³⁰‘⁰¹¹¹⁰⁸·

77 2902 172 2962 nimis
184 2904 454 2983 suntasapientia,
472 2905 527 2983 qui
536 2908 582 2964 est
591 2902 736 2983 splendor
748 2902 826 2965 lucis
877 2899 1041 2980 fautorque
1070 2902 1230 2976 doctrina,
1253 2901 1415 2961 manifeste
1436 2901 1518 2961 istud
1542 2903 1644 2981 ipsum

77 2995 474 3056 etemaAEtenimsensibile
481 2996 589 3056 lumen
598 2995 741 3074 ipsorum
747 3014 826 3075 opus
877 2993 943 3071 ejus
956 2992 1070 3071 dogma
1084 2993 1268 3072 repudiavit.
1285 2993 1417 3065 Etenim,
1433 3010 1505 3053 cum
1518 2993 1643 3054 Judaeo-

78 3090 113 3143 cat
130 3087 343 3148 universorum
370 3087 504 3167 opificis;
531 3085 724 3164 intelligibile
751 3105 826 3148 vero
877 3102 949 3145 rum
962 3084 1084 3145 decreta
1104 3092 1312 3164 percenseret,
1337 3101 1434 3162 eaque
1447 3083 1599 3162 videlicet,
1614 3091 1646 3146 et

77 3174 192 3257 oman,
210 3185 241 3241 et
263 3180 406 3253 illorum,
434 3185 526 3258 atque
549 3196 588 3240 ex
605 3177 703 3239 libero
717 3196 826 3240 eornm
877 3177 1042 3254 gentilium
1054 3177 1230 3254 sapientum
1241 3174 1439 3254 opinionibus
1449 3176 1643 3250 antecellere,

78 3267 184 3331 abab
192 3272 370 3352 profectum
383 3270 436 3333 a»
878 3261 994 3329 etcum
1013 3267 1193 3328 Christianis
1211 3267 1408 3342 concordare,
1430 3267 1522 3328 vellet
1542 3274 1645 3330 osten-

107 3361 258 3444 Porroqui
272 3364 333 3426 sub
348 3363 501 3442 Pamphili
512 3361 639 3423 nomine
648 3360 828 3443 Apoioqicm
877 3359 962 3434 dere,
990 3358 1032 3420 sic
1051 3358 1090 3419 de
1113 3377 1162 3433 eo,
1187 3358 1272 3436 quod
1296 3377 1381 3419 nunc
1394 3360 1507 3438 agitur,
1532 3362 1646 3423 sentire

77 3449 153 3512 edidit
163 3472 218 3534 pro
233 3458 385 3534 Origene,
400 3455 440 3516 ab
454 3452 583 3514 Ruffino
596 3453 825 3532 interpolatam,
877 3451 946 3511 illos
962 3449 1070 3511 asserit
1087 3471 1094 3510 :
1115 3470 1130 3508 ι
1144 3449 1311 3529 Imprimis,
1333 3451 1387 3522 ait,
1412 3451 1565 3512 elementa
1578 3471 1645 3514 ccr-

77 3540 850 3627 dequnalibidisputamus¹‚diversasinl]celesiis'
876 3559 1000 3622 porum,
1024 3547 1151 3616 terram,
1175 3559 1299 3621 aquam,
1319 3560 1435 3616 aerem,
1465 3545 1584 3622 ignem,
1607 3563 1647 3606 ex

77 3641 220 3700 mundas
248 3658 319 3702 esse
346 3640 420 3699 dicit
446 3639 483 3700 de
503 3636 573 3698 coeli
597 3637 805 3697 luminaribus
817 3657 825 3712 ;
878 3634 990 3714 quibus
1015 3638 1116 3694 totum
1140 3634 1199 3694 hoe
1225 3634 1407 3694 universum
1436 3637 1644 3706 constituitur,

78 3731 192 3805 ocati
204 3731 380 3792 animantia
399 3748 462 3791 esse
481 3732 593 3809 putant
615 3728 734 3788 ratione
747 3746 826 3807 prae·
877 3727 1180 3799 animadverterunt3
1205 3743 1264 3785 nec
1296 3743 1362 3785 non
1388 3725 1496 3799 solem,
1525 3728 1645 3805 lunam,

78 3820 251 3897 dita,cliine
265 3840 395 3884 sensnm
417 3822 544 3902 quidem
558 3818 684 3891 babere,
700 3823 828 3879 neutros
877 3818 1040 3897 stellasque
1065 3836 1131 3877 non
1165 3835 1229 3878 esse
1263 3818 1351 3894 Deos,
1381 3818 1432 3878 sed
1464 3819 1520 3879 Dei
1553 3839 1647 3898 opera

78 3917 213 3977 tamenab
226 3916 298 3977 aliis
310 3916 471 3983 hereticos
484 3913 614 3974 censeri.
623 3912 673 3972 Sic
680 3912 828 3989 Origenes
876 3910 1335 3990 cogitaruntQuippenaturam
1343 3929 1499 3990 corporeae
1507 3911 1647 3972 substan·

78 4004 129 4084 ipse
146 4009 177 4067 in
190 4008 343 4088 prooemio
364 4004 561 4067 librorumde
572 4002 749 4083 Principiis,
760 4004 828 4063 «De
876 4003 937 4072 tiae,
954 4021 1019 4063 non
1031 4001 1132 4062 solum
1146 4002 1275 4062 rationis
1288 4007 1458 4081 expertem,
1474 4003 1526 4063 sed
1546 4003 1646 4062 inani-

78 4098 138 4173 sole,
153 4101 264 4179 inquit,
289 4107 321 4160 et
339 4099 427 4173 luna,
451 4103 482 4157 et
504 4096 598 4156 stellis
618 4099 727 4154 uuum
757 4095 827 4154 ani-
876 4112 962 4155 mam
976 4112 1101 4174 quoque
1115 4113 1191 4169 esse,
1203 4093 1461 4172 quatenusiluxa,
1475 4099 1505 4154 et
1518 4112 1647 4175 corrup-

79 4193 177 4252 mnan
189 4193 264 4268 sint,
280 4210 321 4252 an
335 4193 487 4265 exanima,
506 4185 668 4248 manifeste
681 4202 747 4244 non
763 4191 826 4245 tra·
876 4186 954 4246 tioni
968 4186 1103 4245 obnoxia
1117 4192 1173 4261 est,
1187 4183 1271 4264 apud
1285 4203 1317 4245 se
1330 4190 1504 4246 statuerunt
1514 4197 1535 4248 ⁰.
1552 4208 1568 4245 a

78 4283 184 4344 ditum
917 4277 1047 4337 Basilius
1059 4277 1092 4336 in
1106 4276 1236 4337 homilia
1248 4277 1340 4336 tertia
1356 4277 1401 4337 De
1417 4295 1504 4356 opere
1522 4297 1573 4340 sen
1585 4279 1647 4342 υἱο-

108 4376 217 4438 Pistor
252 4376 434 4454 origenem,
470 4371 681 4452 supposititius
707 4386 829 4449 quoque
876 4387 954 4436 rum,
972 4369 1139 4447 Origenem
1150 4368 1242 4427 tacito
1257 4368 1384 4428 nomine
1402 4370 1645 4449 reprehendens,

79 4467 247 4531 demensio
261 4467 383 4529 librov
410 4465 650 4546 Becoqoiticnum
669 4463 702 4523 in
722 4462 830 4523 eadem
880 4462 930 4539 qui
944 4460 1646 4544 aquassupracoelumpcsitas,coelestesques-

103 4686 120 4723 a
134 4671 208 4727 idem
222 4670 254 4726 in
273 4667 335 4724 eod,
354 4666 403 4723 lib.
422 4666 524 4737 Δογιααὶ
544 4663 606 4717 θεῖαι
629 4663 720 4733 φύσεις,
744 4661 769 4715 αἱ
785 4660 827 4733 μὲν
876 4661 965 4728 νοητὸν
980 4661 1046 4733 τάχα
1059 4659 1099 4714 καὶ
1109 4659 1199 4727 αὐτῶν,
1215 4663 1256 4715 καὶ
1271 4659 1298 4716 ἐκ
1306 4666 1350 4717 τοῦ
1362 4661 1385 4717 ἔν
1401 4663 1647 4743 αὖτοῖςαῦτεξουσῐρυ

80 4748 196 4824 &liparea
213 4754 257 4807 τιαὶ
271 4751 367 4820 νοηταί·
387 4750 412 4803 αἱ
429 4748 493 4803 δὲέκ
512 4747 713 4818 ἅνευσωμάτων,
728 4744 829 4805 ὁποίους
877 4741 1003 4812 ἔληλυθός.
1093 4802 1095 4807 ,

79 4836 205 4905 πρδὲίτριιν
219 4831 352 4896 εἶναιτοὺς
366 4833 477 4902 ἀστέρας.
913 4841 928 4882 c
947 4827 1042 4882 EcsEB.
1068 4824 1117 4883 lib.
1138 4826 1186 4881 Vll
1202 4827 1239 4884 de
1256 4831 1390 4900 Praepar.
1407 4846 1466 4901 cap.
1496 4848 1536 4886 ul.
1556 4834 1648 4906 Πρῶτα

105 4919 210 4974 iiiuc.
230 4921 267 4975 lv
288 4924 395 4975 turrira
409 4915 479 4973 Gela.
500 4912 577 4985 Εἴπερ
597 4913 638 4966 καὶ
653 4911 677 4966 oi
692 4910 717 4964 ἔν
731 4909 829 4983 οὐρανῷ
878 4906 921 4980 μὲν
937 4908 967 4962 τὰ
981 4915 1030 4962 τῶν
1052 4910 1174 4981 σωμάτων
1191 4914 1313 4983 στοιχεῖα,
1329 4911 1385 4983 γὴν,
1403 4912 1478 4985 ὕδωρ,
1494 4913 1562 4987 ἀέρα,
1589 4922 1647 4990 πῦρ,

79 4997 157 5073 iattpu
168 5005 222 5066 ζῶα
236 5002 281 5056 εἰσι
294 5000 393 5073 λογικὰ,
405 5000 446 5052 καὶ
459 4999 591 5063 σπουδαῖα,
605 4996 647 5049 καὶ
662 4995 828 5067 {parisiacae
878 4989 902 5053 ἔξ
916 4987 951 5044 ὧν
966 4994 1022 5045 τόδε
1033 4992 1062 5045 τδ
1076 4995 1123 5044 πᾶν
1136 4992 1251 5054 συνεστδς
1268 4996 1460 5066 κατεμάνθανον,
1475 4997 1545 5063 ἥλιον
1559 5018 1596 5064 τε,
1607 5001 1648 5053 καὶ

79 5087 172 5154 ν’ρρυτὶ
190 5090 234 5152 τῆς
254 5087 368 5157 γνώσεως
387 5083 435 5137 tac
460 5085 504 5149 τῆς
524 5081 626 5151 σοφίας,
646 5079 662 5145 ᾗ
683 5097 718 5140 τις
745 5075 827 5143 ἐστὶν,
877 5075 990 5142 σελήνην,
1005 5076 1046 5127 καὶ
1060 5074 1172 5146 ἀστέρας,
1188 5074 1215 5127 οὗ
1226 5076 1303 5145 θεοὺς,
1320 5074 1380 5147 ἔργα
1393 5077 1419 5130 δὲ
1429 5073 1490 5130 εἴναι
1504 5080 1558 5132 θεοῦ
1568 5082 1648 5136 διελο-

79 5160 206 5241 δώρημα
230 5169 310 5240 φωτὸς
325 5167 415 5231 ἀγρίου,
430 5165 471 5218 καὶ
482 5163 528 5236 γὰρ
541 5163 571 5217 τὸ
587 5162 629 5234 μὲν
649 5160 763 5231 αἰσθητὸν
777 5167 829 5232 φῶς
876 5157 987 5229 γίσαντο·
1002 5157 1046 5225 την
1061 5157 1130 5228 φύσιν
1145 5161 1189 5224 τῆς
1202 5163 1342 5229 σωματικῆς
1356 5158 1440 5221 οὐσίας
1452 5159 1480 5214 οὗ
1500 5164 1574 5232 μόνον
1588 5164 1647 5216 dlo-

79 5246 143 5304 aaa
165 5252 235 5325 ἔργον
258 5250 324 5317 icti,
347 5255 392 5305 roi
410 5255 461 5304 τῶν
481 5247 546 5301 ὅλων
567 5248 727 5318 δημιουργοῦ·
751 5243 781 5298 rb
801 5241 828 5298 δὲ
876 5259 931 5313 γον,
946 5239 1012 5294 ἀλλὰ
1031 5242 1071 5294 καὶ
1092 5241 1187 5313 ἄψυχον
1209 5234 1288 5303 εἶναι,
1312 5240 1366 5294 καθ’
1389 5243 1446 5296 ὅσον
1469 5243 1577 5316 ῥοώδης,
1605 5245 1646 5299 καὶ

876 5323 968 5395 φθαρτὴ
984 5317 1046 5377 οὖσα
1060 5325 1174 5396 τυγχάνει
1188 5325 1373 5390 συννοήσαντες.

98 5482 108 5524 i
121 5483 208 5529 'ionii
220 5485 307 5542 Orip—
317 5487 407 5532 ssot.
420 5484 449 5535 ll,
458 5483 498 5528 uc.
511 5482 528 5535 l,
540 5494 589 5537 τερ.
599 5492 631 5527 ιν.
