3936 6172
381 381 431 441 DE
450 378 613 442 cristato
634 379 706 440 SEX
728 381 888 458 DIERUM,
910 382 982 444 LlB.
1006 382 1057 457 lV,
1079 380 1163 444 GAP.
1186 383 1237 445 xt.
1544 389 1604 447 tes

36 551 124 626 petest
141 545 218 607 velle
243 544 335 622 mori,
359 549 415 606 aut
439 544 543 605 futura
564 544 695 619 nescire,
722 544 787 606 sive
837 551 946 626 potest,
962 547 1021 608 nisi
1034 547 1151 608 taetitia
1163 553 1195 609 31
1213 548 1372 625 creabilis3
1399 548 1604 630 (quandoqui-

36 637 383 700 mortemecluturorum
392 637 546 699 inscitiam
552 637 683 716 eligere;
693 637 788 698 verbo
837 639 909 700 dem
922 639 1147 719 omnipotentia
1160 640 1264 700 divina
1277 659 1313 701 33
1322 640 1606 722 solarespicit,quae

36 738 117 793 tenus
127 730 288 791 detrahere
307 728 468 810 quidpiam
483 729 627 791 videmur
641 729 786 802 libertati,
839 738 912 792 sunt
925 737 1012 792 extre
1035 733 1137 793 Deum
1150 732 1259 810 posita,
1275 739 1307 793 et
1330 751 1368 794 ex
1393 734 1491 794 nihilo
1513 732 1604 814 lacta)

38 823 90 897 rel,
103 821 789 903 3113133333,33311111131113133333313-
838 823 885 883 313
894 823 1049 903 objectum
1072 841 1137 885 esse
1152 830 1312 902 nequeunt
1324 825 1433 886 eadem
1452 825 1504 885 illa
1517 825 1608 888 liberi

38 915 193 975 admodum
202 912 563 994 omnipotentiaeautcrre
575 913 695 993 aliquid
707 911 791 974 ride
838 904 958 983 arbitrii
971 915 1080 990 divini,
1095 934 1197 995 neque
1216 916 1297 976 circa
1316 935 1353 977 33
1374 935 1462 996 posse
1485 920 1608 997 operari

38 1025 100 1068 mur
109 1024 178 1068 cum
187 1006 327 1080 dicimus,
339 1007 420 1067 Deus
431 1024 496 1067 non
515 1010 615 1085 potest
624 1005 723 1080 mori,
742 1004 793 1066 vel
839 1005 965 1067 libertas
977 1007 1083 1068 divina
1096 1007 1222 1084 dicitur,
1237 1025 1277 1068 ne
1291 1008 1376 1068 idem
1389 1009 1519 1069 omnino
1537 1028 1608 1070 con·

39 1099 170 1174 mentiri;
182 1116 291 1160 revera
301 1103 409 1160 tamen
421 1097 500 1159 nihil
519 1097 680 1177 utrobique
693 1096 791 1157 demi·
840 1115 973 1177 sequens
987 1099 1026 1160 sit
1039 1099 1222 1176 absurdum,
1237 1100 1284 1159 uti
1300 1104 1365 1160 tam
1378 1099 1474 1161 libere
1487 1102 1564 1162 velit
1576 1120 1609 1164 se

40 1189 263 1269 mus,quoniam
278 1208 428 1270 negamus
440 1208 477 1251 ea
489 1194 701 1269 tantumque
720 1193 794 1249 sunt
840 1189 944 1251 vivere
953 1192 1045 1267 Deus,
1057 1209 1092 1252 33
1106 1197 1188 1252 certo
1202 1190 1307 1251 futura
1317 1209 1418 1267 nosse,
1437 1212 1532 1272 quam
1544 1211 1610 1255 esse

40 1281 794 1361 extrautriusquetacultatisobjectum.Namsicut
841 1281 941 1342 voluit
967 1282 1112 1362 Angelos,
1141 1290 1195 1343 aut
1219 1283 1372 1360 homines,
1401 1302 1437 1346 ac
1459 1285 1608 1364 quidquid

40 1391 112 1435 mors
122 1375 191 1451 1131,
205 1380 239 1435 31
251 1374 450 1435 mendacium
464 1373 522 1434 Dei
541 1374 622 1433 intra
637 1372 794 1451 objectum
843 1373 1068 1453 omnipotentia
1077 1392 1134 1434 sua
1140 1374 1324 1454 procreavit.
1332 1375 1398 1435 Hoc
1405 1376 1489 1436 enim
1496 1377 1608 1454 posito,

41 1466 259 1545 omnipotentiae
272 1467 402 1527 minime
415 1465 721 1545 comprehenduntur
731 1484 740 1541 ;
752 1463 795 1524 ita
842 1465 923 1526 redit
935 1465 1003 1543 1113,
1018 1484 1112 1545 quam
1136 1466 1277 1545 superins
1294 1467 1463 1544 attigimus,
1477 1466 1612 1531 formula

41 1575 128 1637 neque
141 1557 503 1637 adlibertatisobjectum
512 1557 657 1631 attinent,
665 1575 702 1617 eo
712 1555 795 1636 quod
844 1556 993 1617 libertatis
1006 1565 1036 1620 et
1050 1557 1205 1637 expressio
1220 1577 1227 1618 ε
1243 1558 1303 1619 «Si
1316 1557 1394 1634 vult,
1410 1559 1485 1619 vivit
1497 1578 1611 1640 perpe·

43 1648 228 1728 impossibilia
248 1656 333 1726 sunt,
351 1668 386 1711 ac
404 1656 568 1730 propterea
586 1647 675 1722 nihil,
695 1654 796 1708 31333
846 1654 900 1710 133
919 1650 1020 1725 Deus;
1035 1650 1136 1710 31333
1159 1649 1236 1726 vult,
1251 1651 1394 1711 moritur.
1408 1672 1423 1708 n
1437 1653 1529 1723 Item,
1548 1674 1564 1711 c
1579 1653 1613 1713 Si

43 1740 108 1800 33113
120 1746 199 1801 sunt.
845 1739 922 1809 vult,
938 1740 1045 1803 futura
1057 1741 1200 1822 praescit3
1221 1742 1248 1802 si
1260 1760 1325 1802 non
1338 1743 1416 1819 vult,
1430 1742 1534 1815 futura
1548 1761 1613 1806 non

76 1833 108 1892 ln
119 1850 258 1909 summa,
275 1831 328 1912 qui
342 1831 506 1911 Augustini
524 1832 628 1894 locum
641 1830 798 1892 11131333-
846 1832 942 1894 norit.
960 1854 975 1891 a

44 1923 140 2003 plicare
151 1923 272 2001 volent,
286 1942 350 2004 prae
365 1923 462 1985 ocnhs
472 1924 609 1985 habeant
621 1924 697 1999 hoc,
714 1921 798 2001 quod
887 1924 926 1984 X.
947 1924 1021 1986 Mali
1041 1943 1115 2005 ergo
1138 1925 1371 1987 ratiocinatores
1396 1930 1481 2003 snut,
1501 1926 1556 2006 qui
1577 1945 1616 1988 ex

45 2015 122 2095 paulo
142 2014 287 2096 superius
298 2013 536 2091 animadverti¹,
552 2032 614 2095 qua
637 2015 675 2075 de
693 2032 796 2087 causa,
847 2015 1012 2095 Augustini
1024 2017 1126 2078 verbis
1139 2017 1217 2093 istis,
1233 2016 1347 2096 quibus
1361 2021 1466 2097 negat,
1485 2040 1501 2077 a
1517 2019 1616 2080 vitam

46 2126 128 2187 quove
140 2126 235 2170 sensu
249 2108 462 2170 necessitatem
475 2107 562 2183 vitae,
578 2126 613 2169 ac
633 2106 797 2186 113333133-
848 2108 914 2184 Dei,
930 2114 963 2170 31
973 2108 1199 2187 praescientiam
1213 2110 1268 2170 Dei
1281 2109 1339 2170 sub
1353 2111 1533 2172 necessitate
1541 2110 1618 2190 poni

46 2201 89 2262 tia
102 2201 256 2261 11313313
279 2199 457 2280 exemplum
474 2199 669 2275 adhibuerit,
684 2203 721 2259 31
734 2216 799 2258 333
850 2198 997 2261 libertatis
1026 2199 1161 2277 tnt‘micc,
1182 2200 1209 2260 si
1234 2201 1373 2262 dicamus
1399 2220 1524 2263 necesse
1551 2220 1617 2264 esse

48 2291 523 2354 omnemnecessitatemlibertati
533 2291 721 2352 contrariam
735 2308 800 2351 esse
849 2294 949 2352 Deum
969 2310 1091 2371 semper
1114 2293 1275 2368 31331331
1296 2298 1407 2353 cuncta
1426 2294 1581 2373 praescire,
1601 2315 1613 2352 i

48 2389 236 2459 monstraret3
253 2402 354 2464 neque
377 2384 482 2444 statim
503 2402 538 2444 ac
561 2382 621 2444 dici
643 2382 799 2459 audimus,
850 2383 1049 2460 concludunt,
1067 2383 1163 2445 libere
1184 2385 1283 2445 Deum
1297 2383 1356 2445 ista
1371 2384 1467 2458 velle,
1483 2404 1519 2446 33
1534 2385 1618 2464 quod

48 2493 152 2537 3333333
164 2483 223 2551 est,
233 2478 270 2536 31
283 2475 342 2537 133
351 2476 401 2549 311,
411 2492 602 2554 consequens
612 2475 799 2555 putandum,
849 2476 1026 2537 voluntarie
1045 2482 1119 2536 sunt
1142 2475 1210 2551 illa,
1233 2494 1298 2536 non
1319 2481 1445 2553 coacta,
1469 2495 1527 2538 nec
1547 2495 1618 2539 cum

49 2585 80 2626 cx
91 2586 123 2628 oo
134 2567 311 2629 libertatem
332 2566 444 2627 minui.
460 2567 538 2627 Nam
555 2568 683 2627 eatenus
697 2583 801 2626 neces·
850 2566 991 2628 libertate
1004 2566 1196 2646 pugnantia;
1213 2585 1277 2627 non
1295 2567 1399 2628 minus
1412 2586 1507 2648 quam
1528 2569 1621 2649 pessi·

49 2657 152 2719 sitalem
183 2659 274 2719 illam
308 2659 533 2738 proprietatum
563 2657 738 2718 divinarum
769 2658 803 2715 in
851 2677 903 2720 me
917 2662 1220 2738 argumentaremur,
1228 2658 1254 2717 si
1267 2658 1310 2718 ita
1322 2659 1511 2737 colligerent,
1522 2663 1621 2721 Deum

49 2750 168 2812 medium
189 2750 313 2825 attulit,
335 2750 419 2830 quod
441 2751 522 2811 circa
541 2767 593 2810 eas
615 2746 804 2810 considerari
852 2749 1060 2830 omnipotenti
1086 2768 1142 2810 sna
1166 2750 1281 2810 virtute
1306 2750 1426 2827 tacere,
1454 2771 1489 2813 ac
1516 2772 1621 2814 creare

50 2841 137 2903 111333
161 2842 334 2903 voluntatis
354 2841 435 2903 actio
460 2846 569 2920 potest,
594 2860 659 2902 non
682 2846 718 2901 ut
742 2841 802 2901 illis
852 2843 946 2903 vitam
960 2859 1060 2917 suam,
1079 2846 1111 2902 31
1123 2842 1349 2922 prescientiam
1368 2860 1469 2918 snam,
1485 2862 1522 2904 eo
1536 2845 1620 2922 quod

52 2935 167 2996 exerceri
180 2940 289 3015 queat,
307 2933 360 2994 sed
376 2939 413 2994 ut
432 2939 566 3012 nequeat
580 2934 693 3012 potius,
709 2932 802 2993 adeo·
853 2932 1023 2995 necessaria
1035 2933 1103 2994 haec
1125 2951 1190 2993 esse
1213 2933 1286 2994 dicit
1302 2934 1504 3012 Augustinus,
1521 2952 1623 3013 neque

52 3044 99 3103 que
115 3027 155 3088 sic
173 3026 275 3088 libero
294 3027 348 3086 Dei
366 3025 494 3086 arbitrio
513 3026 753 3101 subtrahantur,
769 3028 804 3084 ut
852 3024 1025 3104 potentiam
1035 3024 1101 3103 ejus
1111 3024 1262 3098 minuere,
1272 3028 1327 3084 aut
1341 3043 1413 3085 cum
1423 3044 1458 3086 ea
1468 3044 1620 3105 pugnare.

51 3117 101 3178 sint
112 3124 192 3179 extra
206 3117 292 3178 illius
308 3117 475 3196 objectum.
853 3118 1002 3195 lienique,
1018 3116 1065 3176 uti
1079 3134 1172 3195 supra
1183 3115 1394 3189 meminimus,
1404 3117 1555 3195 particula
1565 3118 1625 3179 ista

83 3210 129 3269 tx,
150 3210 272 3272 Etenim
297 3210 340 3270 sic
359 3209 552 3289 Augustinus
571 3208 604 3269 in
627 3208 695 3284 illo,
711 3225 804 3286 quem
852 3208 904 3282 31,
934 3208 967 3266 13
993 3207 1143 3267 libertatis
1170 3207 1350 3268 definitione
1377 3209 1622 3289 comprehenso,

51 3300 252 3381 descripsimus
263 3300 343 3377 loco,
358 3301 430 3362 vite
442 3319 479 3361 ac
489 3301 690 3378 praescientia
703 3318 807 3360 neces-
854 3317 948 3381 quam
962 3317 1001 3360 ex
1014 3298 1207 3378 Augustino¹
1227 3318 1327 3360 novus
1337 3299 1535 3380 dogmatistes
1549 3320 1622 3382 pro-

52 3392 244 3455 3111333313
260 3392 318 3453 Dei
335 3392 488 3467 libertate,
503 3392 569 3469 vel,
584 3401 619 3451 ut
641 3393 715 3468 dixi,
731 3410 803 3452 cum
855 3393 959 3473 posuit
979 3389 1056 3468 ite³,
1072 3396 1107 3451 ut
1119 3391 1179 3451 hoc
1202 3389 1291 3451 libere
1304 3390 1389 3465 33113,
1404 3399 1433 3452 et
1441 3392 1472 3452 ic
1476 3399 1626 3472 potestate

51 3483 255 3546 ausitidertate
276 3484 411 3556 confert,
436 3483 592 3562 quomodo
611 3502 682 3545 cum
704 3483 805 3544 omni·
855 3482 959 3544 dobere
974 3483 1097 3543 dicatur
1110 3481 1281 3561 quispiam,
1302 3481 1380 3563 qood
1394 3482 1510 3558 313311,
1531 3484 1621 3565 facit,

52 3577 171 3650 potentia
180 3576 241 3637 Dei
254 3575 362 3636 eadem
376 3574 430 3635 illa
445 3573 614 3653 componit.
631 3575 750 3655 Quippe
764 3576 809 3635 ita
855 3575 883 3635 si
893 3594 950 3635 coc
973 3573 1050 3651 uult,
1066 3592 1126 3635 acc
1144 3572 1243 3653 facit:
1260 3574 1386 3635 dubiam
1410 3593 1489 3651 rem,
1513 3596 1570 3639 nec
1593 3578 1627 3638 13

52 3683 104 3727 333
115 3668 236 3729 obstare
249 3666 385 3729 libertati
398 3665 510 3727 divinae
524 3667 634 3727 assent
645 3666 809 3728 necessita·
856 3666 1049 3742 utrumlibet,
1064 3665 1226 3727 definitam
1239 3665 1409 3745 significat,
1426 3669 1480 3729 sed
1497 3687 1626 3749 snspen-

52 3759 198 3833 13133113,
216 3778 255 3821 ac
274 3758 809 3839 3333313313,313313133333333
857 3776 934 3833 sam,
960 3764 992 3819 et
1015 3756 1227 3818 indifferenter
1246 3759 1416 3820 habentem
1438 3778 1481 3835 se,
1505 3762 1550 3822 uti
1571 3778 1628 3840 pro

53 3851 331 3932 cstcmnipotentite
352 3849 435 3910 illius
453 3849 592 3910 adversa.
609 3850 704 3910 Porro
716 3869 809 3930 repu·
858 3850 987 3912 arbitrio
1002 3850 1071 3910 fieri
1084 3856 1195 3930 possst,
1213 3856 1267 3910 aut
1285 3869 1350 3910 non
1363 3851 1440 3911 fieri.
1466 3854 1531 3930 Age
1543 3852 1627 3913 enim

52 3945 164 4019 gnanha
177 3944 245 4017 illa,
261 3941 514 4023 quainspeciem
531 3941 679 4003 obsistere
688 3941 810 4002 videtur
858 3942 911 4003 illa
944 3941 1094 4002 libertatis
1127 3958 1239 4002 norma
1271 3946 1439 4020 repetetur,
1464 3961 1559 4021 quam
1591 3960 1629 4003 ex

53 4035 273 4115 omnipotentiae
295 4034 407 4095 divinae
426 4033 551 4094 vivendi
572 4039 603 4093 et
625 4039 709 4094 certo
728 4051 809 4113 prte-
862 4033 1033 4113 Augustino
1057 4032 1257 4110 dogmatistes
1275 4032 1315 4093 ad
1336 4033 1507 4094 satietatem
1531 4052 1648 4114 usque·

53 4127 154 4187 3313311
166 4125 350 4199 necessitas,
366 4130 397 4186 et
410 4142 505 4204 quam
524 4129 663 4186 removet
687 4128 808 4203 Augus·
859 4126 986 4205 ingerit,
1002 4141 1073 4185 cum
1086 4124 1129 4183 sic
1144 4123 1228 4199 dicit,
1248 4144 1263 4180 c
1278 4122 1359 4184 Illud
1379 4142 1443 4185 esse
1456 4125 1593 4186 liberum
1605 4122 1627 4201 ⁴,

53 4217 134 4296 11333,
148 4221 180 4280 13
195 4238 234 4280 33
256 4217 412 4293 consistit,
428 4217 513 4297 quod
534 4218 578 4278 ita
591 4216 705 4278 dicitur
722 4236 729 4277 :
746 4235 811 4277 non
860 4216 945 4296 quod
958 4217 1048 4278 estin
1060 4219 1212 4296 potestate
1221 4221 1343 4290 nostra,
1355 4215 1388 4276 id
1396 4223 1502 4278 autem
1515 4217 1631 4279 habere

54 4316 140 4385 potest
157 4329 225 4372 non
239 4310 355 4383 vivere,
376 4315 509 4369 autnon
529 4308 633 4369 futura
653 4326 812 4387 praenosse
860 4307 1627 4389 nosinpotestate,quodcumvolumus,facimus.n

56 4398 131 4464 11333.
145 4404 228 4482 Ergo
244 4400 387 4462 similiter
398 4418 550 4480 apperens
563 4400 616 4460 illa
630 4417 702 4460 cum
715 4399 813 4461 libera
862 4402 943 4461 Item
953 4399 976 4474 ⁸,
998 4422 1010 4457 t
1031 4402 1118 4462 Hanc
1132 4399 1264 4459 dicimus
1285 4404 1480 4479 potestatem,
1498 4401 1552 4463 ubi
1576 4421 1632 4463 vo-

55 4489 266 4555 lieiroluntate
281 4492 446 4569 conflictio,
460 4492 676 4572 quamhabere
689 4492 814 4554 videtur
861 4492 973 4553 luntati
996 4492 1113 4571 adjacet
1134 4490 1263 4551 facultas
1285 4491 1427 4552 13313311.
1457 4494 1546 4554 Unde
1572 4495 1633 4555 hoc

55 4581 175 4663 tirendi,
198 4590 232 4648 et
254 4583 435 4665 praesciendi
447 4584 637 4660 3333331133,
662 4589 693 4644 31
718 4602 813 4663 quem
862 4584 992 4665 quisque
1006 4585 1040 4644 in
1054 4586 1204 4664 potestate
1216 4582 1332 4644 habere
1347 4582 1472 4662 dicitur,
1490 4586 1586 4666 quod,
1605 4584 1630 4646 si

56 4677 224 4755 propulsare
247 4677 358 4737 nititur
379 4676 462 4737 idem
485 4676 690 4754 Augustinus,
715 4675 749 4735 in
777 4694 813 4737 eo
862 4676 939 4751 vult,
964 4675 1046 4749 13311,
1064 4675 1087 4735 31
1108 4674 1348 4751 nonvult,non
1375 4676 1489 4738 facite
1513 4678 1633 4739 Deinde

56 4766 177 4847 3113331,
202 4768 288 4848 quod
309 4767 353 4828 sic
366 4768 478 4829 dicitur
496 4787 503 4827 :
519 4768 589 4828 Non
613 4773 714 4847 potest
735 4766 815 4829 velle
864 4786 935 4830 cum
948 4768 1007 4829 hac
1027 4767 1094 4846 ipsa
1107 4767 1213 4846 regula
1227 4771 1437 4847 comparetur,
1451 4770 1535 4848 quod
1548 4769 1632 4830 idem

56 4860 126 4919 mori
139 4861 231 4932 Deus,
248 4865 303 4920 aut
313 4859 393 4921 velle
405 4859 511 4920 lutura
524 4860 654 4921 nescire.
864 4859 1067 4938 dogmatistes
1092 4858 1225 4938 probare
1243 4859 1353 4919 nititur
1367 4857 1399 4935 ⁸,
1420 4861 1633 4922 necessitatem

91 4950 310 5031 Quamobrem,
324 4951 372 5011 uti
384 4969 478 5012 nemo
493 4951 619 5013 credere
631 4949 731 5024 debet,
748 4967 815 5011 om·
863 4952 960 5026 illam,
978 4970 1040 5031 qua
1053 4952 1153 5012 Deum
1172 4950 1302 5010 dicimus
1323 4952 1493 5012 necessario
1516 4953 1631 5031 vivere,

57 5041 254 5119 tripotentiam
267 5044 347 5105 eirca
366 5043 421 5104 Dei
434 5042 548 5120 vitam,
561 5043 689 5122 ejusque
701 5048 817 5104 certam
866 5048 1037 5122 cunctaque
1071 5042 1227 5121 praescire,
1262 5059 1327 5102 non
1361 5042 1427 5121 ejus
1458 5061 1632 5123 repugnare

57 5134 276 5208 prescientiam
296 5135 424 5210 amsari,
452 5139 484 5195 31
505 5134 637 5214 operari,
669 5145 817 5215 tanquam
864 5134 1009 5211 libertati,
1024 5151 1083 5194 nec
1097 5133 1257 5214 impedire,
1271 5134 1441 5213 quominus
1462 5133 1558 5196 libere
1576 5136 1635 5197 ista

58 5222 220 5303 subiectam
242 5226 301 5289 sibi
326 5244 405 5303 rem,
435 5226 609 5306 cujusmodi
633 5227 720 5288 nulla
751 5244 817 5288 esse
865 5226 959 5302 velit;
975 5224 1084 5305 ecquid
1097 5224 1183 5285 aliud
1194 5223 1267 5285 inde
1281 5243 1471 5305 consequens
1486 5226 1555 5304 erit,
1575 5225 1634 5287 nisi

83 5455 93 5499 l
108 5455 237 5514 ringnpl.
250 5460 300 5504 5.-
311 5460 326 5503 1
339 5458 425 5504 11113
438 5459 513 5514 §picit
524 5463 547 5504 31
555 5459 589 5504 ot.
601 5471 649 5515 cap.
663 5470 684 5503 tr
695 5466 718 5502 et
732 5460 748 5501 t
759 5457 887 5506 1111311311
898 5458 946 5512 Det,
959 5469 1007 5515 cap.
1019 5470 1068 5502 r.-
1080 5457 1095 5502 a
1109 5457 1156 5502 Lib.
1172 5456 1207 5509 tt,
1217 5467 1266 5511 cap.
1277 5465 1298 5499 rt
1317 5462 1340 5500 ct
1354 5455 1425 5501 v.-t
1438 5455 1493 5503 1111.
1516 5468 1566 5513 erp.
1579 5469 1637 5503 u.-

61 5516 73 5559 t
84 5517 137 5564 1111.
146 5533 172 5565 er
185 5521 241 5578 Aug.
254 5523 294 5567 tib.
304 5523 331 5567 13
341 5522 401 5578 spir.
412 5522 479 5568 31111.
491 5533 541 5577 cap.
549 5532 613 5568 113-
623 5522 638 5567 d
651 5520 708 5566 lbid.
719 5533 768 5579 cap.
782 5533 813 5566 tt·
