4122 6184
307 250 344 312 16
810 252 1136 315 rfluotoolcostttt
1156 253 1372 316 DOGMATUM

306 418 416 495 piunt;
445 416 709 496 quemadmodum
731 417 757 478 si
780 416 838 478 soli
857 417 976 497 objecta
997 423 1071 480 sunt
1120 417 1203 479 tibus
1237 418 1315 479 aliis.
1352 418 1429 484 Quae
1463 420 1537 477 sunt
1563 431 1638 494 crgo
1665 414 1802 486 θεουργααῖ
1829 412 1892 475 illae
1925 428 2042 492 mma

306 509 425 589 aliquot
458 509 616 589 crystalla,
649 510 699 570 vel
731 510 869 589 specula,
905 529 975 590 quae
1006 529 1072 570 nou
1120 519 1231 589 γνώσεις,
1247 528 1325 589 quas
1345 507 1485 589 superior
1497 506 1690 586 Angelorum
1701 505 1779 566 ordo
1792 512 1891 569 trans·
1943 482 2042 559 ”W

307 601 416 663 eodem
434 601 495 662 situ
518 601 716 677 collocentur,
731 601 785 662 sed
796 601 878 663 illius
891 603 992 664 radios
1005 602 1071 681 ple·
1120 601 1216 662 mittit
1223 602 1257 661 in
1270 599 1473 662 interiorem?

306 693 391 766 nius,
407 712 443 754 ac
458 693 603 755 directius
616 693 683 757 aliis
708 694 904 773 aliacapiant
931 695 985 768 sic,
1000 710 1072 755 cum
1160 693 1282 775 Derhoc
1305 692 1425 772 antiqui
1447 690 1597 771 Theologi
1616 689 1695 751 nihil
1721 690 1891 752 admodum

305 783 498 863 Angelorum
523 784 619 864 aliqui
644 787 744 846 Deum
770 785 889 846 ceteris
909 785 1072 865 perfectius
1121 786 1324 864 explicarunt.
1344 785 1400 861 Ac,
1413 782 1772 845 cumeanonnullorum
1784 783 1890 863 opinio

306 876 564 955 contemplentur,
579 876 734 952 uberiore,
750 877 991 955 quamisti,luce
1001 893 1071 956 per·
1119 875 1222 953 fuerit,
1241 878 1296 938 Dei
1321 876 1524 938 substantiam
1543 892 1600 955 per
1612 893 1645 936 se
1664 874 1759 935 nullis
1772 894 1791 935 a
1804 893 1890 936 crea-

305 966 490 1043 lrmduntur,
507 986 606 1047 eoque
619 968 761 1046 puriores
780 972 854 1029 sunt
872 968 944 1047 illis,
959 972 990 1030 ct
1003 985 1071 1029 cos·
1121 968 1199 1029 turis
1209 969 1309 1030 videri
1323 986 1424 1049 posse,
1450 969 1505 1030 sed
1517 985 1574 1047 per
1585 967 1696 1028 lumen
1715 966 1890 1046 aliquodue

305 1059 378 1120 dem
392 1059 584 1120 abundantia
601 1061 649 1119 sui
661 1059 790 1121 luminis
802 1060 960 1121 illustrant
974 1080 983 1136 ;
1001 1078 1071 1140 quse
1121 1061 1265 1140 speciem,
1281 1079 1351 1142 qua
1365 1060 1527 1124 excellenti
1535 1060 1629 1120 modo
1640 1058 1778 1120 divinam
1788 1076 1892 1121 essen-

305 1151 432 1231 quidem
441 1150 678 1212 communicatio
686 1151 1073 1231 luminiscopiosiorispur-
1121 1152 1198 1213 tiam
1211 1153 1338 1228 referat;
1355 1152 1450 1233 (quod
1464 1153 1507 1213 sic
1519 1151 1551 1212 in
1574 1150 1686 1212 scholis
1699 1151 1892 1224 enuntiatur,

305 1243 389 1321 gatio
403 1242 525 1319 dicitur,
541 1260 606 1303 nou
620 1243 704 1323 quod
716 1243 915 1304 tenebrarum
933 1242 1007 1304 insit
1016 1243 1071 1303 ali·
1122 1242 1256 1305 intestine
1291 1262 1356 1305 non
1387 1262 1477 1323 posse
1510 1241 1652 1322 cognosci
1694 1243 1803 1317 Deum,
1840 1244 1894 1305 sed

307 1334 392 1414 quid,
408 1341 439 1396 ct
452 1334 601 1413 caliginis,
619 1335 1074 1415 quodmajorisappulsulumi-
1122 1335 1307 1412 abstractive,
1332 1335 1379 1397 uti
1394 1354 1488 1416 sopra
1510 1333 1730 1415 demonstravi)
1752 1341 1893 1416 apparet,

306 1426 355 1486 nis
379 1427 589 1505 extinguatur,
606 1427 659 1489 sed
683 1427 756 1506 quia
779 1427 867 1504 lucis,
891 1434 928 1487 ut
943 1427 1019 1504 dixi,
1033 1428 1074 1489 ad
1121 1426 1203 1503 illos,
1227 1429 1282 1507 qui
1302 1428 1347 1488 ita
1368 1428 1529 1501 sentirent,
1555 1427 1683 1488 minime
1698 1432 1895 1488 cunctaturos

306 1517 408 1579 lucem
421 1518 625 1579 fiataccessio.
642 1520 711 1580 Non
722 1520 807 1580 enirn
819 1519 949 1580 luminis
963 1518 1072 1580 remis-
1121 1536 1198 1596 esse,
1223 1520 1302 1598 quin
1314 1520 1354 1580 ad
1368 1520 1469 1580 Deum
1482 1519 1596 1598 ipsum,
1613 1518 1741 1598 ejusque
1754 1518 1896 1581 substan-

307 1610 352 1670 sio
366 1610 566 1672 tenebrarum
575 1611 760 1672 admistionc
773 1617 904 1689 constat,
916 1612 961 1672 uti
970 1629 1073 1691 neque
1121 1611 1199 1671 tiam
1221 1612 1467 1690 cognoscendam
1488 1609 1648 1671 inferiores
1669 1609 1804 1688 Angelos
1821 1610 1896 1673 illu·

306 1708 409 1763 motus
420 1703 561 1771 tardatio,
578 1703 700 1782 quietis,
723 1721 825 1783 neque
847 1704 928 1764 visus
947 1703 1073 1765 hebeta-
1122 1702 1237 1763 minari
1265 1703 1404 1765 dicerent
1422 1722 1441 1763 a
1462 1701 1700 1781 Superioribus3
1727 1702 1787 1763 hoc
1811 1703 1896 1765 enim

306 1794 362 1871 tio,
378 1795 531 1856 cecitatis.
551 1797 596 1855 Ex
609 1794 721 1874 quibus
733 1796 884 1876 exemplis
903 1796 1074 1857 meandum
1123 1810 1204 1855 esset
1239 1794 1442 1855 illustriorem
1483 1794 1651 1873 quamdam
1685 1793 1829 1873 speciem,
1865 1801 1898 1857 θῖ

307 1887 443 1948 maxime
456 1887 496 1948 ad
512 1905 580 1948 rem
599 1887 744 1967 pertinet.
769 1888 930 1967 Siquidem
940 1887 1076 1950 coelestes
1124 1887 1348 1965 expressiorem
1365 1887 1427 1947 illis
1444 1886 1554 1963 tribui,
1576 1904 1647 1966 quaa
1667 1885 1720 1946 Dei
1749 1891 1897 1949 naturam

307 1979 399 2040 orbes
419 1997 485 2040 nou
498 1996 607 2040 omnes
624 1980 692 2060 pari
706 1980 861 2041 celeritate
877 1986 1073 2060 torquentur,
1123 1979 1263 2057 propius,
1287 1997 1323 2039 ac
1341 1978 1504 2058 perfectius
1526 1977 1799 2057 contemplandam
1821 1979 1897 2058 obji-

307 2072 361 2132 sed
374 2089 537 2151 supremus
552 2072 635 2133 inter
652 2071 732 2149 illos,
752 2072 952 2152 quiprimom
962 2073 1076 2133 mobile
1125 2076 1217 2131 caret.
1242 2071 1332 2131 Nunc
1353 2088 1446 2146 vcr0;
1468 2074 1634 2150 postquam
1659 2069 1702 2130 ita
1730 2069 1896 2132 definitum

307 2169 453 2239 vocabu,
476 2163 625 2243 rapidiori
646 2169 735 2225 motu
752 2165 941 2241 concitatur„
964 2181 1001 2226 ac
1015 2183 1074 2225 cae-
1126 2167 1183 2237 est,
1203 2162 1257 2222 Dei
1274 2161 1477 2222 substantiam
1501 2161 1593 2237 clare,
1615 2167 1647 2222 et
1667 2160 1802 2221 intuitc'ue
1821 2180 1895 2241 cog·

307 2255 368 2316 teri
381 2255 503 2328 deinde,
522 2255 569 2315 uti
583 2254 714 2335 quisquc
733 2256 819 2335 prior
835 2261 891 2333 θεῖ,
907 2261 962 2316 aut
972 2274 1075 2317 remo·
1126 2254 1221 2329 nosci,
1236 2254 1393 2334 viderique
1406 2253 1550 2314 beatisab
1563 2252 1897 2332 mentibus,quonian1

309 2347 382 2423 tior,
397 2347 441 2406 ito
454 2346 590 2408 velocius
599 2347 765 2424 agitantur,
781 2353 836 2408 aut
850 2347 972 2408 lentius.
987 2347 1078 2413 Quod
1126 2361 1163 2405 ea
1185 2346 1310 2406 nonnisi
1335 2352 1411 2421 tota,
1437 2351 1468 2407 ct
1492 2345 1624 2424 integra,
1644 2350 1713 2406 tum
1732 2364 1788 2424 per
1801 2364 1845 2422 sc,
1860 2365 1897 2407 ac

308 2441 333 2500 si
357 2439 460 2499 minor
482 2438 535 2499 illa
566 2438 704 2499 celeritas
729 2439 839 2517 quietis
862 2445 949 2519 parte
974 2439 1077 2519 {dique
1126 2437 1243 2498 nullius
1255 2437 1534 2499 interventivideri
1547 2442 1664 2516 potest3
1678 2436 1807 2499 nihilad
1815 2439 1897 2501 hanc

313 2534 478 2607 constaret,
497 2548 655 2609 nusquam
665 2549 768 2603 verus,
784 2551 820 2593 ac
829 2531 962 2611 simplex
975 2537 1079 2592 motus
1126 2529 1271 2590 notitiam
1291 2529 1468 2609 superiores
1480 2528 1592 2605 Angeli
1614 2529 1753 2589 conterre
1767 2536 1898 2609 possunt

309 2627 407 2697 esset;
436 2622 595 2701 quoniam,
622 2628 653 2682 et
673 2641 818 2702 suprema
838 2622 902 2701 illa,
923 2642 959 2684 ac
982 2624 1077 2685 celer·
1127 2619 1336 2694 interioribus,
1358 2626 1395 2681 ut
1414 2627 1497 2683 recte
1521 2621 1554 2682 S.
1584 2622 1718 2682 Thomas
1739 2621 1896 2700 disserit¹,

308 2713 387 2774 rima
417 2712 616 2774 conversione
650 2713 780 2775 celerior
812 2712 873 2774 alia
895 2715 944 2775 vel
970 2714 1079 2793 fingis
1128 2732 1186 2774 nec
1206 2732 1271 2775 nou
1293 2712 1460 2793 Dionysius
1479 2713 1731 2774 carthusianus¹.
1748 2713 1850 2787 Quare
1863 2714 1897 2775 in

310 2804 411 2880 nobis,
425 2805 507 2865 vela
528 2806 591 2866 Deo
614 2805 770 2885 procreari
787 2811 897 2885 potest.
921 2807 1077 2873 Quamob-
1129 2806 1241 2867 divinis
1274 2805 1418 2885 operibus
1450 2810 1515 2865 tota
1546 2806 1743 2867 illuminandi
1778 2805 1897 2869 structio

309 2914 377 2959 rem
391 2896 458 2957 sinc
480 2896 548 2956 ulla
568 2898 731 2958 contraries
752 2897 863 2977 quietis
880 2897 1078 2976 adjunctione
1130 2896 1283 2972 consistit;
1311 2914 1446 2975 quarum
1461 2896 1596 2958 rationes
1614 2915 1680 2957 non
1701 2897 1735 2957 in
1757 2897 1825 2976 ipsa
1842 2898 1898 2959 Dei

310 2993 415 3049 motus
427 2988 505 3050 alter
519 2988 616 3050 altero
631 2994 676 3050 est
694 2990 823 3064 tardior,
842 2989 1011 3069 itidemque
1023 2989 1080 3050 lux
1129 2989 1260 3051 essentia
1277 2994 1475 3065 contuentur,
1500 2989 1554 3049 sed
1568 2988 1608 3049 ab
1623 3007 1660 3050 eo
1674 2989 1807 3065 discunt,
1830 2990 1896 3069 qui,

311 3098 376 3140 una
398 3080 496 3141 altera
517 3079 718 3159 splendidior,
741 3081 826 3142 nulla
840 3080 978 3160 caliginis
993 3088 1080 3163 parta
1129 3081 1243 3161 quibus
1277 3079 1353 3156 vult,
1384 3098 1421 3141 ac
1453 3080 1719 3159 quemadmodum
1746 3081 1824 3154 vult,
1840 3083 1899 3142 ista

312 3177 493 3251 temperata.
520 3172 568 3232 Ad
585 3190 660 3233 eum
682 3174 785 3253 itaque
807 3174 937 3235 modum
954 3176 1081 3254 purgari
1129 3172 1293 3251 significat.
1308 3173 1387 3233 Nam
1398 3171 1491 3244 beati,
1507 3172 1554 3232 uti
1566 3173 1666 3233 Deum
1678 3172 1782 3251 ipsum
1793 3173 1895 3253 plene,

312 3263 426 3323 dicitur
437 3263 585 3340 Angelus,
598 3282 669 3325 cum
679 3283 794 3325 novam
805 3265 1082 3346 quamdamcogni-
1130 3264 1335 3344 ecperspicue
1343 3263 1604 3343 contemplanter,
1620 3265 1663 3324 sic
1674 3264 1780 3325 divirra
1791 3283 1897 3344 opera,

313 3355 409 3415 tionis
431 3355 534 3415 lucem
557 3356 679 3435 accipit,
704 3375 767 3436 qua
784 3356 907 3417 carebat
920 3363 1011 3419 antea
1027 3378 1034 3434 ;
1050 3364 1083 3420 θῖ
1131 3374 1201 3435 quse
1214 3375 1279 3417 non
1293 3356 1463 3417 necessario
1477 3374 1517 3416 ex
1528 3355 1595 3435 ipso
1606 3356 1778 3435 profluunt,
1791 3357 1845 3419 sed
1858 3357 1899 3418 ab

312 3446 459 3525 idipsum,
470 3446 554 3526 quod
568 3447 683 3523 deerat,
693 3453 843 3527 tanquam
855 3448 987 3528 privatio
1001 3468 1083 3528 quae-
1132 3466 1169 3508 eo
1189 3447 1285 3509 bbere
1307 3453 1520 3527 procreantur,
1535 3466 1600 3508 non
1613 3448 1729 3521 omnia,
1744 3466 1846 3528 neque
1860 3467 1899 3512 ex

313 3537 385 3599 dam
400 3543 454 3611 est,
472 3539 740 3618 quamodremens
761 3539 871 3600 notitia
893 3539 990 3620 pellit,
1006 3541 1082 3602 utel
1132 3555 1221 3617 aquo
1248 3539 1410 3600 intuentur
1435 3556 1554 3613 omnes,
1583 3539 1637 3600 sed
1664 3558 1722 3619 pro
1749 3541 1900 3621 cujusque

312 3634 478 3709 propterea
504 3631 696 3709 purgationis
718 3631 906 3693 vocabulum
930 3632 970 3692 sit
1001 3633 1082 3693 indi·
1132 3630 1255 3706 merito,
1278 3648 1313 3691 ac
1339 3631 1397 3691 Dei
1417 3630 1577 3692 voluntate
1606 3649 1679 3692 cum
1705 3632 1900 3711 ploratum

313 3727 393 3783 tum.
1132 3722 1305 3785 evidentius
1328 3723 1381 3783 alii
1400 3721 1468 3783 aliis
1487 3723 1676 3802 intelligunt.
1707 3725 1897 3798 «Rationes,

352 3814 391 3873 V.
405 3812 467 3873 Sed
478 3810 650 3891 cujusmodi
661 3811 711 3888 sit,
726 3818 899 3894 etquarum
912 3833 1018 3876 rerum
1031 3816 1084 3878 illa
1133 3815 1236 3895 iuquit
1256 3816 1288 3876 S.
1307 3816 1452 3890 Thomas,
1475 3814 1655 3875 divinmum
1676 3833 1901 3896 operumque

140 3926 289 3974 armanno
313 3904 463 3984 cognitio,
502 3904 663 3982 quaritur,
699 3923 792 3984 quam
831 3914 952 3986 ἔλλαμψιν
986 3909 1083 3970 Graeci
1131 3907 1167 3967 in
1190 3908 1252 3968 Deo
1276 3912 1505 3986 cognoscuntur
1526 3906 1606 3968 sicut
1619 3907 1652 3967 in
1671 3925 1775 3985 cansa,
1791 3925 1900 3970 omnes

185 3992 244 4028 nem.
313 3996 450 4075 theologi
468 3996 656 4056 nominant:
686 3995 729 4057 Ac
756 3997 923 4077 Dionysius
943 4000 1081 4079 quidem,
1132 3999 1258 4079 quidem
1281 4000 1361 4059 Deus
1375 3998 1409 4058 iu
1431 3998 1531 4078 seipso
1545 3999 1714 4077 cognoscit,
1730 3998 1805 4077 quia
1823 4001 1901 4080 seip-

142 4117 273 4214 nfflffl
314 4089 486 4166 subJ'ectom
505 4087 691 4239 operatiorssis
715 4088 923 4240 1111131θῶ113,
955 4092 1015 4152 hoc
1037 4097 1084 4153 est
1132 4109 1202 4153 sum
1235 4090 1484 4170 comprehendit3
1522 4090 1657 4153 aliorum
1692 4108 1767 4151 vero
1801 4092 1900 4152 Deum

232 4222 237 4232 .
274 4191 289 4203 ·
472 4181 494 4239 't
612 4200 628 4237 u
690 4180 701 4239 i
808 4182 813 4193 “
839 4182 845 4193 ”
1153 4184 1159 4195 ”
1239 4183 1245 4195 “
1562 4183 1569 4195 ’
1674 4183 1680 4194 ”

142 4225 290 4362 1111111111]
313 4188 1083 4354 ἓλῖεθᾟέᾏῖιζηθθηῗθᾳυεωθέθζίὓιιῖιέἓιῗῖΐθηῗοῖἓεῗῗ
1131 4184 1480 4353 ζὲῗιῖῗθὲωωῒὲἓὲοεωίῃ
1480 4199 1631 4352 Ἐεῗῖὲη
1631 4201 1710 4335 θθ1111111
1720 4182 1901 4354 Dpssgrflblcliirrig

142 4329 290 4427 o⁸u¹¹s⁹iri¹AAa
314 4363 443 4424 materia
458 4368 644 4424 remotam“.
671 4385 683 4421 s
712 4364 762 4435 At,
787 4365 814 4425 si
837 4365 869 4426 id
892 4384 1004 4427 verum
1023 4372 1079 4442 θεῖ,
1133 4366 1227 4428 videt.
1243 4366 1332 4427 Unde
1342 4366 1485 4446 superior
1497 4366 1626 4445 angelus
1638 4365 1730 4446 plura
1742 4367 1776 4426 in
1786 4367 1850 4427 Deo
1862 4367 1901 4427 de

169 4443 260 4480 untur.
314 4456 465 4535 sequitur,
509 4453 671 4515 inferiores
707 4455 843 4534 Angelos
886 4457 1082 4537 superiorum
1133 4458 1304 4519 redonibus
1342 4457 1521 4518 divinorum
1555 4475 1687 4537 operum
1726 4458 1897 4536 cognoscit,

313 4546 502 4624 interventu,
522 4550 554 4607 et
578 4545 744 4607 efficientia
764 4547 863 4608 Deum
885 4568 1080 4628 cognoscere,
1130 4567 1226 4629 quam
1240 4549 1381 4625 inferior,
1396 4555 1428 4610 θῖ
1441 4549 1479 4609 de
1491 4549 1541 4609 his
1555 4567 1628 4610 cum
1642 4549 1836 4610 illuminat.»

314 4638 399 4717 quod
417 4639 555 4699 alienum
575 4636 615 4698 ab
633 4636 761 4698 illorum
785 4637 928 4701 felicitate
946 4641 1079 4703 videtur.
1170 4642 1222 4703 VI.
1241 4640 1330 4715 Quod
1341 4644 1447 4702 atrum
1461 4639 1626 4720 Dionysius
1638 4648 1705 4701 tam
1719 4640 1784 4718 Dei,
1804 4658 1899 4719 quam

314 4731 415 4790 Deum
426 4730 512 4791 enim
523 4730 686 4791 intuentur
700 4747 827 4807 omnes;
843 4731 909 4810 qui,
924 4749 997 4793 cum
1010 4734 1082 4793 sim·
1130 4733 1307 4795 divinarum
1314 4732 1667 4794 rerumintellectionam
1675 4731 1900 4794 communicari

314 4821 499 4900 plicissimus
521 4822 571 4897 sit,
591 4821 649 4882 sia
666 4840 825 4902 quoquam
839 4823 987 4902 cernitur,
997 4830 1081 4886 totus
1130 4826 1174 4887 ait
1199 4825 1407 4905 inferioribus,
1437 4830 1592 4905 quatenus
1618 4826 1717 4887 Deum
1743 4824 1897 4900 nominat,

314 4913 486 4974 necessario
514 4913 670 4988 cernitur3
698 4932 800 4993 noque
827 4914 912 4975 enim
942 4915 1082 4995 partibus
1130 4936 1195 4979 non
1204 4917 1354 4998 absolute,
1371 4936 1408 4980 ac
1420 4917 1540 4978 ratione
1553 4917 1732 4978 substantia
1746 4917 1809 4977 illic
1822 4916 1899 4977 acci-

308 5009 435 5065 ·constat
447 5003 528 5078 ullis,
542 5011 696 5066 uteorum
710 5006 966 5086 pateantaliquae,
981 5007 1080 5068 laten-
1130 5010 1262 5090 piandus
1290 5015 1347 5087 cst,
1371 5009 1426 5070 sed
1447 5013 1483 5070 ut
1503 5014 1621 5085 auctor,
1646 5008 1834 5089 effectorque
1852 5011 1898 5070 est

351 5197 373 5237 a
391 5182 472 5238 Dion.
487 5196 548 5252 cap.
572 5180 645 5239 vde
669 5181 749 5239 Ecct.
775 5185 857 5240 Hier.
884 5178 978 5238 comto
1000 5183 1016 5253 ἡ
1037 5182 1081 5257 μὲν
1130 5185 1174 5258 μὲν
1188 5184 1240 5260 ἔχει
1253 5185 1298 5256 τὴν
1320 5186 1383 5241 κατὰ
1395 5185 1496 5260 δύναμιν
1513 5184 1604 5241 clusino
1622 5187 1679 5242 θεοῦ
1685 5224 1694 5251 ,
1709 5185 1750 5240 cst
1763 5191 1814 5241 τῶν
1827 5185 1897 5240 dctus

315 5263 440 5337 ἁγιωτάτῃ
463 5270 512 5319 τῶν
535 5264 713 5337 ὒπιρευρανίων
740 5265 829 5321 oboedir
848 5265 963 5341 11ραρχ1α
981 5267 1081 5337 τελετὴν
1130 5266 1268 5338 &thermu
1281 5272 1375 5339 νόησιν.

343 5395 352 5440 l
368 5394 393 5440 lo
404 5394 414 5439 1
428 5394 477 5442 Par.
490 5403 634 5452 1111111111.
647 5397 667 5451 1,
676 5396 704 5442 ad
716 5398 782 5442 1.-A
793 5396 819 5443 ln
830 5410 878 5455 cap.
888 5409 916 5443 ru
926 5398 953 5444 ds
961 5400 1013 5446 cort.
1022 5398 1081 5445 liter.
1091 5406 1135 5445 art.
1147 5399 1181 5446 tt
