4096 6166
703 321 821 383 niara
842 321 960 400 uros,
984 320 1070 384 car.
1094 322 1178 383 vnv.
1676 325 1733 389 en

147 481 206 541 vel
218 482 377 545 vicu-icem
390 483 642 562 delectationem,
659 491 694 547 ut
720 494 917 567 cognoscant,
968 487 1116 549 libertatis
1128 493 1244 549 nostra
1252 485 1370 549 viribus
1383 505 1484 549 unum
1499 488 1643 569 spiritum
1657 488 1737 550 effici

143 590 217 633 non
228 593 246 635 a
256 574 378 655 seipsis,
393 577 446 637 sed
460 576 567 638 abillo
581 578 638 638 sibi
651 597 716 640 esse
729 580 842 657 lucem,
857 599 919 660 qua
968 598 1041 640 cum
1057 582 1135 657 Deo,
1152 585 1188 642 ut
1201 580 1240 642 ad
1253 599 1322 642 eam
1336 582 1469 660 gratiam
1490 581 1734 660 perveniremus,

141 664 368 728 illuminentur
387 668 523 731 tenebra
543 687 663 747 eorum,
679 677 710 732 et
723 673 917 749 suavitatem,
968 691 1031 752 qua
1039 691 1093 734 cor
1104 679 1257 750 nostrum,
1267 691 1330 753 quo
1343 673 1420 747 vult,
1435 673 1579 747 declinet,
1595 673 1737 754 exemplo

143 776 215 838 qua
241 760 293 820 det
313 762 451 823 buctum
476 780 569 822 suum
591 768 674 824 terra
692 782 820 826 reorum.
839 766 919 826 Cum
968 783 1044 826 usus
1053 769 1101 827 est
1113 766 1263 841 Assueri²;
1278 766 1333 846 qui
1350 766 1471 846 utique,
1485 783 1556 826 cum
1567 765 1692 846 impius,
1707 770 1739 826 et

144 855 259 912 autem
272 851 312 912 ab
325 851 379 913 illo
401 853 483 914 illius
496 854 687 933 adjutorium
701 857 915 937 deprecamur,
968 856 1101 918 infidelis
1124 862 1213 931 esset,
1237 876 1320 918 nnus
1334 875 1407 918 cum
1428 857 1495 918 Deo
1520 856 1646 936 spiritus
1671 875 1738 917 non

143 941 190 1002 ad
219 942 409 1021 faciendam,
438 946 719 1028 perficiendamque
743 949 916 1027 justitiam,
969 955 1080 1028 erat,et
1089 955 1195 1011 mmen
1210 951 1291 1011 Deus
1305 968 1358 1011 cor
1371 949 1453 1010 illins
1467 948 1607 1026 emolliit,
1623 953 1665 1022 et,
1674 968 1736 1029 quo

142 1034 226 1113 quid
253 1035 339 1097 aliud
366 1037 578 1118 deprecamur,
603 1059 698 1120 quam
725 1047 760 1101 ut
786 1044 917 1122 aperiat,
967 1040 1258 1119 voluit,inelinavit.
1274 1042 1420 1120 «Legant
1433 1058 1519 1119 ergo,
1535 1041 1591 1114 ait,
1605 1042 1738 1102 etintel-

143 1128 235 1206 quod
264 1129 397 1206 latebat3
428 1136 459 1191 et
484 1150 578 1194 suave
610 1132 718 1211 meiat,
744 1135 828 1214 quod
855 1153 920 1196 non
968 1132 1078 1212 ligant,
1093 1135 1391 1212 intueantur,atque
1404 1133 1735 1215 fateantur,n0nlege,

143 1218 339 1297 delectabat3
355 1222 430 1302 quia
451 1230 483 1285 et
508 1224 569 1286 hoc
586 1225 626 1287 ab
644 1225 698 1286 illo
723 1244 787 1288 esse
808 1226 918 1306 depre·
968 1231 1062 1305 atque
1090 1226 1231 1287 doctrina
1260 1225 1424 1287 insonante
1459 1225 1647 1298 forinsecus,
1683 1226 1738 1287 sed

130 1313 285 1374 eandum
309 1314 376 1393 ejus
401 1316 503 1395 gratia
524 1317 706 1393 didicimus,
727 1318 803 1379 dum
828 1324 920 1380 antea
968 1319 1100 1395 interna,
1126 1323 1220 1398 atque
1233 1318 1363 1395 occulte,
1379 1316 1524 1392 mirabili,
1539 1336 1575 1378 ac
1587 1316 1738 1379 ineffabili

143 1405 274 1480 lateret3
287 1407 355 1485 ejus
362 1408 462 1487 gratia
473 1409 649 1488 dileximus,
664 1412 740 1472 dum
753 1415 844 1472 antea
853 1430 919 1472 non
968 1416 1116 1490 potestate
1124 1411 1246 1491 operari
1257 1412 1357 1472 Deum
1362 1410 1396 1471 in
1402 1409 1547 1471 cordibus
1557 1410 1734 1487 hominum,

142 1498 330 1575 delectaret3
351 1501 456 1581 utqui
473 1501 649 1582 gloriatur&
684 1521 804 1581 nense,
820 1504 920 1566 sedin
967 1521 1033 1564 nou
1045 1503 1147 1564 solnm
1156 1522 1245 1565 veras
1252 1502 1467 1578 revelationes,
1476 1502 1630 1564 sedetiam
1640 1503 1737 1566 bonas

144 1591 277 1651 Dorntno
290 1590 461 1669 glorietur?
481 1615 496 1651 n
968 1594 1153 1657 voluntates.
1169 1616 1185 1653 ι)
1203 1597 1278 1657 Eece
1293 1595 1515 1656 revelationem
1528 1602 1619 1656 vocat
1638 1597 1738 1657 occul·

188 1683 243 1743 IX.
266 1684 301 1744 ln
314 1683 394 1745 libro
403 1686 505 1764 primo
518 1684 552 1747 de
564 1687 665 1767 pratia
681 1685 807 1764 Christi,
821 1688 918 1768 capite
968 1691 1034 1748 tam
1043 1688 1128 1749 illam
1138 1688 1252 1749 mentis
1260 1687 1738 1766 illustrationem,quaAssuerus

145 1781 250 1853 sexte,
265 1777 488 1858 eumPelegius
502 1778 638 1854 dixisset,
658 1780 919 1859 opossibilitatem
968 1781 1059 1842 abeo
1065 1786 1167 1842 taetus
1176 1786 1231 1858 est,
1243 1785 1275 1842 et
1283 1798 1379 1860 quam
1388 1780 1530 1859 Pelagius
1539 1772 1734 1859 agnoscebat,

145 1868 320 1930 voluntatis
332 1870 439 1949 gratiae
449 1889 512 1931 suae
524 1872 623 1932 Deum
635 1872 783 1952 adjuvare
796 1891 919 1952 semper
968 1890 1005 1933 ae
1016 1874 1103 1935 velut
1113 1874 1278 1954 praemium
1293 1890 1358 1934 esse
1371 1872 1495 1934 volebat
1504 1874 1738 1953 praepmationis

144 1962 918 2044 auxili0;rilludpreetereerequirit,nuthominis
966 1963 1063 2043 illius,
1092 1984 1238 2045 quanm
1264 1982 1365 2027 unum
1393 1982 1463 2026 cum
1495 1965 1558 2026 Deo
1591 1964 1737 2045 spiritum

144 2055 301 2118 voluntati
314 2056 457 2117 ardorem
468 2055 640 2118 dilectionis
653 2056 792 2136 inspiret.
809 2058 918 2118 »Tum
968 2063 1077 2142 sponte
1104 2058 1245 2119 facimus.
1270 2057 1449 2137 Girjusmodi
1473 2075 1538 2117 non
1552 2062 1653 2137 potest
1672 2077 1737 2122 csse

145 2147 453 2229 capiteduodecimo‚
466 2148 787 2227 «Quagratiaagitur,
802 2148 916 2229 inquit,
967 2149 1028 2226 lex,
1062 2150 1111 2212 vel
1144 2151 1293 2223 doctrina,
1335 2154 1391 2211 aut
1430 2148 1591 2229 utriusque
1631 2150 1739 2213 doctor

145 2241 324 2302 nunsolum
332 2240 918 2315 uttacicndanoverimus,verumetiem
968 2241 1158 2304 extrinsecus
1180 2261 1306 2318 sonans,
1337 2242 1391 2305 sed
1419 2241 1549 2319 occulta,
1565 2249 1596 2304 et
1608 2243 1738 2305 interior

146 2337 186 2393 ut
213 2333 339 2410 cognita
365 2332 537 2408 faciamus3
568 2350 626 2393 neo
654 2332 756 2393 solum
783 2339 819 2394 ut
852 2333 920 2394 dili-
968 2335 1082 2395 mentis
1107 2334 1287 2414 inspiratio,
1317 2352 1380 2414 que
1408 2351 1474 2394 non
1500 2338 1546 2395 est
1573 2341 1737 2399 contentus

146 2426 253 2504 genda
266 2425 439 2503 credamus,
453 2424 658 2486 verumetiam
671 2429 707 2485 ut
720 2425 834 2486 credita
848 2424 918 2485 dili·
968 2427 1171 2505 Augustinus.

147 2536 298 2598 gamus.»
1008 2518 1043 2578 ln
1063 2519 1163 2598 capite
1185 2534 1295 2580 xxxvru
1316 2517 1551 2598 libriejusdem,
1566 2537 1639 2580 cum
1652 2520 1736 2583 Pela·

191 2612 281 2686 Quod
295 2616 400 2672 autern
415 2610 555 2672 doctrina
574 2627 801 2690 nonnunquam
814 2609 919 2690 appel·
968 2610 1037 2689 gius
1051 2610 1229 2690 scripsisset,
1239 2629 1272 2671 se
1285 2610 1319 2670 in
1331 2609 1460 2690 epistola
1472 2609 1512 2671 ad
1522 2612 1737 2675 Demetriader

146 2703 208 2764 lari
221 2703 355 2779 videtin,
371 2722 411 2765 ne
424 2704 495 2783 quis
507 2703 606 2764 solam
620 2703 697 2782 ejus,
712 2702 796 2782 quod
809 2701 919 2763 facien·
973 2721 988 2760 e
1001 2709 1122 2763 naturae
1137 2701 1284 2779 hominis,
1301 2702 1356 2763 bei
1369 2720 1491 2783 semper
1503 2704 1612 2782 gratiae
1624 2706 1737 2768 addere

147 2797 243 2872 dum,
272 2796 499 2858 credendumve
526 2796 579 2865 sit,
609 2795 831 2857 revelationem
855 2813 920 2857 esse
968 2794 1130 2869 auxilium,
1149 2816 1164 2853 a
1182 2812 1262 2874 pene
1275 2812 1308 2856 se
1321 2793 1486 2874 deceptam
1501 2795 1545 2856 ait
1554 2795 1642 2857 istim
1655 2798 1735 2877 epis-

148 2894 250 2968 putet,
265 2888 410 2967 incapite
431 2888 657 2949 decimotertio
683 2886 753 2947 libri
781 2886 919 2964 ejusdem
968 2886 1039 2948 tola
1060 2888 1206 2961 lectione,
1226 2886 1324 2948 donec
1336 2887 1606 2966 animadverteret,
1626 2888 1737 2952 ahane

147 2981 319 3057 admonet,
345 2978 440 3040 etiam
464 2978 633 3041 voluntatis
659 2977 829 3039 motionem
855 2995 920 3039 esse
969 2997 1042 3040 enm
1060 2980 1192 3059 gratiam
1211 2996 1328 3059 ponere
1341 2979 1477 3058 potuisse
1492 2979 1527 3038 in
1540 2979 1606 3040 sola
1619 2981 1738 3042 revela-

148 3071 364 3134 necesseriam.
382 3073 481 3133 «Hae
493 3071 604 3152 gratia,
614 3069 726 3150 inquit,
741 3069 766 3130 si
779 3070 920 3131 doctrina
968 3071 1052 3132 bone
1074 3071 1235 3132 doetrinae.
1252 3091 1267 3129 ι)
1287 3071 1360 3131 Haec
1373 3076 1479 3131 antem
1493 3070 1638 3132 revelatio
1651 3072 1686 3132 in
1700 3092 1736 3135 eo

148 3165 280 3227 dicenda
298 3169 360 3233 est,
390 3170 471 3226 certe
492 3165 534 3224 sic
557 3164 688 3235 dicatur,
704 3168 740 3223 ut
764 3162 866 3237 eitius,
889 3167 920 3223 et
969 3162 1173 3236 consistebat,
1200 3162 1283 3242 quod
1311 3163 1449 3244 epistolae
1477 3162 1567 3223 initio
1597 3165 1735 3243 scripsitz

147 3257 282 3317 interius
306 3274 374 3318 eam
393 3257 474 3318 Deus
496 3274 569 3317 cum
592 3254 742 3316 ineffabili
769 3256 920 3316 suavitate
972 3256 1153 3333 «Proposito
1161 3255 1341 3316 insudemus
1352 3255 1523 3334 operi;nec
1532 3256 1738 3317 mediocritati

149 3349 295 3410 credatur
308 3349 482 3423 infundere,
499 3366 564 3408 non
584 3348 686 3408 solum
708 3364 764 3427 per
785 3365 848 3423 eos,
864 3345 919 3425 qui
968 3346 1536 3425 diffidamusingenii,qu0deredimus
1546 3347 1736 3426 fidematris,

149 3441 302 3519 plantant,
319 3446 350 3502 et
362 3440 467 3520 rigant
480 3441 683 3514 extrinsecus,
693 3438 746 3499 scd
759 3438 854 3502 etiam
863 3456 920 3517 per
967 3445 998 3499 et
1012 3441 1121 3501 merito
1148 3439 1277 3518 virginis
1294 3439 1472 3518 adjuvari.»
1492 3439 1610 3513 Quibus
1636 3441 1739 3501 verbis

148 3534 304 3614 seipsum,
333 3534 387 3613 qui
410 3534 640 3594 incrementum
660 3548 752 3593 suum
765 3530 934 3591 ministrat-
967 3532 1112 3593 revelatio
1126 3532 1194 3612 ipsa
1215 3532 1306 3591 tacite
1327 3530 1532 3609 significatur,
1556 3551 1652 3611 quam
1670 3553 1739 3613 gra-

149 3626 289 3688 occultus
306 3627 359 3698 ita,
383 3630 420 3685 ut
450 3644 515 3687 non
542 3625 684 3686 ostendat
701 3622 918 3684 tantummodo
967 3623 1043 3684 tiam
1066 3622 1257 3702 intelligebat
1278 3622 1431 3701 Pelagius,
1452 3625 1739 3704 rquaadjnvamur

148 3716 915 3797 veritatem,verumetiamimpertistcbaritatem.r
968 3716 1005 3775 ad
1020 3715 1195 3778 faciendum
1209 3714 1336 3795 aliquid.
1353 3741 1367 3769 »
1387 3715 1488 3795 Atque
1502 3717 1647 3778 revelatio
1661 3718 1739 3795 ejus-

150 3812 191 3871 Et
215 3810 316 3891 capite
343 3810 463 3871 decimo
488 3814 616 3888 quarto,
641 3808 680 3869 de
705 3807 759 3867 illo
787 3806 918 3869 docendi
967 3809 1064 3885 modi,
1072 3826 1143 3889 qua
1151 3807 1449 3887 Pelagiumdoceret,
1458 3808 1531 3885 quid
1539 3808 1739 3871 scribendum

149 3902 262 3976 modo,
293 3902 328 3962 in
355 3920 417 3982 quo
443 3902 557 3962 Christi
578 3901 796 3980 Redemptoris
820 3900 920 3979 gratia
968 3908 1056 3975 esset,
1072 3899 1151 3962 nihil
1174 3899 1268 3975 aliud,
1289 3900 1347 3959 nisi
1363 3900 1485 3959 interna
1501 3904 1659 3961 etarcana
1672 3906 1739 3963 erat

149 3994 249 4075 posita
262 3999 310 4055 est
323 4011 427 4073 agens,
447 3995 491 4055 sic
510 4012 547 4055 eo
561 3993 702 4074 adjuvari
726 3992 799 4055 dicit
816 3991 918 4054 homi·
968 3992 1138 4073 inspiratio,
1154 3991 1219 4052 sive
1232 3989 1397 4060 revelati0;
1412 4009 1508 4071 quam
1522 3989 1663 4053 sufficere
1673 4011 1738 4054 non

149 4084 235 4164 ne'rn‚
265 4092 330 4148 eut
356 4106 421 4148 non
447 4087 560 4160 solum,
583 4085 658 4166 qnid
676 4084 852 4146 iaciendum
866 4085 918 4161 sit,
968 4086 1014 4143 est
1027 4080 1193 4142 arbitratus
1206 4077 1404 4158 Augustinus.

150 4180 238 4256 sciat,
252 4179 316 4256 sed,
332 4179 417 4258 quod
434 4178 552 4255 scierit,
568 4177 664 4239 etiam
680 4176 783 4238 faeiat.
800 4179 844 4237 Ae
864 4193 920 4255 per
1009 4174 1063 4234 Xl.
1086 4174 1204 4234 Rursus
1222 4171 1303 4232 libro
1320 4177 1432 4251 quarto
1454 4178 1556 4231 contra
1575 4169 1647 4232 duas
1661 4172 1737 4254 epis-

150 4271 229 4345 boc,
245 4270 371 4351 quando
388 4273 469 4332 Deus
482 4270 571 4332 docet
589 4289 654 4332 non
669 4288 724 4350 per
745 4268 823 4349 legis
836 4269 918 4330 litte-
968 4266 1044 4328 totas
1057 4265 1298 4346 Pelagianos-am,
1313 4264 1411 4344 eapite
1427 4263 1553 4343 quinto,
1569 4264 1735 4344 duplicem,

150 4381 240 4441 ram,
263 4363 317 4424 sed
334 4381 389 4443 per
408 4362 541 4443 Spiritus
554 4363 697 4443 gratim,
712 4361 756 4421 ita
769 4361 868 4438 docet,
883 4365 920 4421 ut
968 4376 1062 4438 quam
1076 4357 1216 4438 requirit,
1226 4356 1358 4436 gratiam
1367 4354 1410 4417 sic
1423 4356 1577 4417 declarat:
1595 4357 1739 4438 «Legem

151 4456 237 4536 quod
250 4456 380 4535 quisque
393 4455 544 4532 didicerit,
565 4473 631 4516 non
656 4460 780 4515 tantum
805 4472 920 4533 cogno-
968 4451 1085 4531 quippe
1098 4448 1739 4525 diversislocutionummodis,etvariatate

150 4547 265 4608 scendo
287 4548 400 4624 videat,
424 4547 478 4609 sed
492 4547 586 4609 eliam
610 4546 743 4608 volendo
770 4551 914 4626 appetat,
968 4543 1137 4608 verborum
1163 4541 1307 4603 omnibus
1332 4541 1590 4620 disputationibus
1603 4542 1666 4603 suis
1683 4560 1738 4603 vo·

151 4639 335 4721 agendoque
352 4639 500 4720 perficiat.
521 4641 560 4700 ut
579 4640 637 4700 isto
661 4637 766 4700 divino
789 4637 920 4699 docendi
968 4634 1039 4696 lunt
1057 4633 1189 4712 intelligi
1204 4631 1344 4713 gratiam,
1368 4638 1405 4693 ut
1431 4633 1585 4695 sciliceta
1607 4633 1738 4695 Domino

151 4732 354 4793 modoetiam
373 4731 440 4811 ipsa
456 4731 611 4807 voluntas,
637 4736 668 4791 ct
688 4730 756 4810 ipsa
769 4731 918 4810 operatio,
970 4728 1032 4788 Deo
1055 4725 1244 4804 adjutorium
1270 4724 1454 4804 cognitionis
1468 4724 1651 4801 habeamus,
1675 4745 1738 4805 quo

150 4842 217 4885 non
227 4823 294 4884 sola
308 4823 443 4900 volendi,
459 4829 490 4885 et
503 4822 652 4903 operandi
666 4822 815 4884 naturalis
823 4822 919 4902 possi·
969 4837 1016 4896 ea,
1025 4837 1096 4899 quas
1105 4817 1244 4879 iacienda
1254 4825 1337 4891 sunt,
1353 4818 1550 4893 noverimus;
1565 4836 1630 4878 non
1641 4818 1737 4896 inspi-

150 4916 255 4987 bilitas
266 4915 472 4994 adjuvatur.»
581 4945 583 4949 <
745 4950 752 4967 ·
969 4911 1123 4972 rationem
1136 4909 1318 4979 dilectionis,
1333 4914 1368 4970 nt
1382 4910 1504 4988 cognita
1517 4914 1739 4970 sanctoamore

191 5009 234 5070 X.
247 5008 370 5070 Tumin
382 5008 481 5088 eapite
489 5006 771 5082 xxrv,disertissime
784 5005 919 5086 idipsum
968 5002 1127 5079 faciamus,
1143 5020 1213 5082 quse
1241 5001 1366 5081 propria
1393 5001 1490 5078 gratia
1509 5007 1564 5063 est.
1588 5027 1602 5055 ι
1631 5000 1683 5062 Sic
1705 5000 1739 5062 in

150 5099 295 5181 explicat,
311 5117 383 5163 eum
397 5100 482 5162 enim
503 5099 621 5180 Pelagii
635 5097 820 5160 sententiam
833 5096 918 5158 illam
969 5094 1048 5156 libro
1062 5094 1198 5156 meando
1210 5092 1245 5155 de
1254 5098 1441 5173 peccatoram
1453 5091 1580 5166 meritis,
1595 5099 1623 5152 et
1637 5092 1739 5153 raaia·

149 5193 315 5264 retelleret
340 5192 396 5273 qui
409 5192 575 5268 asserebat,
590 5196 733 5272 oportere
755 5189 844 5270 prius
862 5207 919 5253 nos
968 5191 1058 5262 stone,
1073 5186 1171 5265 capite
1184 5184 1306 5249 decimo
1327 5184 1472 5264 septimo,
1486 5186 1549 5246 dno
1563 5184 1740 5265 illagenera

179 5397 188 5442 ι
205 5396 224 5441 ιι
241 5396 290 5444 cor.
304 5407 324 5448 x,
337 5392 422 5442 u.-s
434 5393 496 5439 ran.
508 5403 542 5437 xv.

310 5474 395 5535 Tou.
410 5472 463 5535 IV.
1601 5466 1637 5525 ll
