<?xml version="1.0" encoding="UTF-8"?>
<!DOCTYPE html PUBLIC "-//W3C//DTD XHTML 1.0 Transitional//EN"
    "http://www.w3.org/TR/xhtml1/DTD/xhtml1-transitional.dtd">
<html xmlns="http://www.w3.org/1999/xhtml" xml:lang="en" lang="en">
 <head>
  <title>
</title>
<meta http-equiv="Content-Type" content="text/html;charset=utf-8" />
  <meta name='ocr-system' content='tesseract 3.04.00' />
  <meta name='ocr-capabilities' content='ocr_page ocr_carea ocr_par ocr_line ocrx_word'/>
</head>
<body>
  <div class='ocr_page' id='page_1' title='image "./dogmatatheologi00goog/dogmatatheologi00goog_0506.png"; bbox 0 0 3948 6172; ppageno 0'>
   <div class='ocr_carea' id='block_1_1' title="bbox 420 382 1637 487">
    <p class='ocr_par' dir='ltr' id='par_1_1' title="bbox 420 382 1637 487">
     <span class='ocr_line' id='line_1_1' title="bbox 420 382 1637 487; baseline 0.007 -41"><span class='ocrx_word' id='word_1_1' title='bbox 420 385 472 446; x_wconf 84' lang='lat' dir='ltr'>DE</span> <span class='ocrx_word' id='word_1_2' title='bbox 491 382 655 449; x_wconf 74' lang='lat' dir='ltr'>eetelcle</span> <span class='ocrx_word' id='word_1_3' title='bbox 675 385 749 447; x_wconf 84' lang='lat' dir='ltr'>SEX</span> <span class='ocrx_word' id='word_1_4' title='bbox 769 382 928 459; x_wconf 82' lang='lat' dir='ltr'>DIERUM,</span> <span class='ocrx_word' id='word_1_5' title='bbox 951 385 1030 447; x_wconf 88' lang='lat' dir='ltr'>LlB.</span> <span class='ocrx_word' id='word_1_6' title='bbox 1052 386 1090 461; x_wconf 82' lang='lat' dir='ltr'>V,</span> <span class='ocrx_word' id='word_1_7' title='bbox 1114 386 1199 449; x_wconf 80' lang='lat' dir='ltr'><strong>GAP.</strong></span> <span class='ocrx_word' id='word_1_8' title='bbox 1221 389 1273 451; x_wconf 85' lang='lat' dir='ltr'>lV.</span> <span class='ocrx_word' id='word_1_9' title='bbox 1539 480 1543 487; x_wconf 22' lang='grc' dir='ltr'>ι</span> <span class='ocrx_word' id='word_1_10' title='bbox 1579 394 1637 455; x_wconf 77' lang='lat' dir='ltr'>lbi</span> 
     </span>
    </p>
   </div>
   <div class='ocr_carea' id='block_1_2' title="bbox 12 548 1804 5587">
    <p class='ocr_par' dir='ltr' id='par_1_2' title="bbox 12 548 1804 5587">
     <span class='ocr_line' id='line_1_2' title="bbox 71 548 1800 640; baseline 0.003 -28"><span class='ocrx_word' id='word_1_11' title='bbox 71 548 220 632; x_wconf 85' lang='lat' dir='ltr'>(quoniam</span> <span class='ocrx_word' id='word_1_12' title='bbox 247 549 318 611; x_wconf 77' lang='lat' dir='ltr'>due</span> <span class='ocrx_word' id='word_1_13' title='bbox 342 554 465 613; x_wconf 87' lang='lat' dir='ltr'>naturas</span> <span class='ocrx_word' id='word_1_14' title='bbox 487 570 551 615; x_wconf 88' lang='lat' dir='ltr'>una</span> <span class='ocrx_word' id='word_1_15' title='bbox 565 569 697 633; x_wconf 79' lang='lat' dir='ltr'>permm</span> <span class='ocrx_word' id='word_1_16' title='bbox 716 550 820 634; x_wconf 83' lang='lat' dir='ltr'>amnt)</span> <span class='ocrx_word' id='word_1_17' title='bbox 872 548 932 633; x_wconf 84' lang='lat' dir='ltr'>Sed</span> <span class='ocrx_word' id='word_1_18' title='bbox 946 567 1030 611; x_wconf 86' lang='lat' dir='ltr'>nune</span> <span class='ocrx_word' id='word_1_19' title='bbox 1046 548 1175 610; x_wconf 91' lang='lat' dir='ltr'>minime</span> <span class='ocrx_word' id='word_1_20' title='bbox 1191 550 1252 611; x_wconf 90' lang='lat' dir='ltr'>hoe</span> <span class='ocrx_word' id='word_1_21' title='bbox 1265 557 1404 631; x_wconf 79' lang='lat' dir='ltr'>possunt,</span> <span class='ocrx_word' id='word_1_22' title='bbox 1423 572 1488 615; x_wconf 92' lang='lat' dir='ltr'>non</span> <span class='ocrx_word' id='word_1_23' title='bbox 1502 560 1637 631; x_wconf 70' lang='grc' dir='ltr'>οισιωδῶς,</span> <span class='ocrx_word' id='word_1_24' title='bbox 1663 593 1800 640; x_wconf 55' lang='lat' dir='ltr'>,mm</span> 
     </span>
     <span class='ocr_line' id='line_1_3' title="bbox 69 640 1758 727; baseline 0.002 -21"><span class='ocrx_word' id='word_1_25' title='bbox 69 641 232 715; x_wconf 82' lang='lat' dir='ltr'>habebit3o</span> <span class='ocrx_word' id='word_1_26' title='bbox 262 642 418 704; x_wconf 81' lang='lat' dir='ltr'>Christum</span> <span class='ocrx_word' id='word_1_27' title='bbox 443 642 488 705; x_wconf 88' lang='lat' dir='ltr'>ait</span> <span class='ocrx_word' id='word_1_28' title='bbox 509 644 550 706; x_wconf 93' lang='lat' dir='ltr'>oh</span> <span class='ocrx_word' id='word_1_29' title='bbox 572 645 605 705; x_wconf 93' lang='lat' dir='ltr'>id</span> <span class='ocrx_word' id='word_1_30' title='bbox 629 645 823 707; x_wconf 88' lang='lat' dir='ltr'>laudandum</span> <span class='ocrx_word' id='word_1_31' title='bbox 871 641 926 701; x_wconf 87' lang='lat' dir='ltr'>sed</span> <span class='ocrx_word' id='word_1_32' title='bbox 946 640 1157 703; x_wconf 86' lang='lat' dir='ltr'>exscoidenti.</span> <span class='ocrx_word' id='word_1_33' title='bbox 1175 643 1280 722; x_wconf 89' lang='lat' dir='ltr'>ltaque</span> <span class='ocrx_word' id='word_1_34' title='bbox 1299 644 1450 707; x_wconf 73' lang='lat' dir='ltr'>libertatis</span> <span class='ocrx_word' id='word_1_35' title='bbox 1469 646 1566 725; x_wconf 88' lang='lat' dir='ltr'>notio,</span> <span class='ocrx_word' id='word_1_36' title='bbox 1579 668 1641 727; x_wconf 92' lang='lat' dir='ltr'>qua</span> <span class='ocrx_word' id='word_1_37' title='bbox 1715 652 1758 693; x_wconf 63' lang='lat'>‘⁶‘-</span> 
     </span>
     <span class='ocr_line' id='line_1_4' title="bbox 68 733 1641 821; baseline 0.003 -24"><span class='ocrx_word' id='word_1_38' title='bbox 68 753 136 811; x_wconf 85' lang='lat' dir='ltr'>esse,</span> <span class='ocrx_word' id='word_1_39' title='bbox 159 734 243 814; x_wconf 90' lang='lat' dir='ltr'>quod</span> <span class='ocrx_word' id='word_1_40' title='bbox 264 735 413 814; x_wconf 88' lang='lat' dir='ltr'>aseipso,</span> <span class='ocrx_word' id='word_1_41' title='bbox 434 735 526 796; x_wconf 87' lang='lat' dir='ltr'>idest</span> <span class='ocrx_word' id='word_1_42' title='bbox 546 741 667 816; x_wconf 89' lang='lat' dir='ltr'>sponte,</span> <span class='ocrx_word' id='word_1_43' title='bbox 691 743 722 798; x_wconf 90' lang='lat' dir='ltr'>et</span> <span class='ocrx_word' id='word_1_44' title='bbox 734 737 822 799; x_wconf 92' lang='lat' dir='ltr'>nullo</span> <span class='ocrx_word' id='word_1_45' title='bbox 872 736 969 793; x_wconf 84' lang='lat' dir='ltr'>status</span> <span class='ocrx_word' id='word_1_46' title='bbox 982 733 1038 793; x_wconf 91' lang='lat' dir='ltr'>iste</span> <span class='ocrx_word' id='word_1_47' title='bbox 1052 733 1130 794; x_wconf 90' lang='lat' dir='ltr'>liber</span> <span class='ocrx_word' id='word_1_48' title='bbox 1149 733 1272 810; x_wconf 90' lang='lat' dir='ltr'>dicitur,</span> <span class='ocrx_word' id='word_1_49' title='bbox 1293 737 1334 821; x_wconf 84' lang='lat' dir='ltr'>ad</span> <span class='ocrx_word' id='word_1_50' title='bbox 1347 739 1592 814; x_wconf 67' lang='lat' dir='ltr'>antecedentem,</span> <span class='ocrx_word' id='word_1_51' title='bbox 1608 747 1641 802; x_wconf 91' lang='lat' dir='ltr'>et</span> 
     </span>
     <span class='ocr_line' id='line_1_5' title="bbox 67 824 1639 907; baseline 0.004 -20"><span class='ocrx_word' id='word_1_52' title='bbox 67 832 197 906; x_wconf 87' lang='lat' dir='ltr'>cogente,</span> <span class='ocrx_word' id='word_1_53' title='bbox 208 825 311 903; x_wconf 87' lang='lat' dir='ltr'>justus</span> <span class='ocrx_word' id='word_1_54' title='bbox 321 831 378 899; x_wconf 89' lang='lat' dir='ltr'>est,</span> <span class='ocrx_word' id='word_1_55' title='bbox 390 827 450 888; x_wconf 89' lang='lat' dir='ltr'>hoc</span> <span class='ocrx_word' id='word_1_56' title='bbox 458 832 505 888; x_wconf 87' lang='lat' dir='ltr'>est</span> <span class='ocrx_word' id='word_1_57' title='bbox 508 828 662 907; x_wconf 86' lang='lat' dir='ltr'>justitiam</span> <span class='ocrx_word' id='word_1_58' title='bbox 675 828 709 888; x_wconf 93' lang='lat' dir='ltr'>in</span> <span class='ocrx_word' id='word_1_59' title='bbox 723 828 822 889; x_wconf 92' lang='lat' dir='ltr'>omni-</span> <span class='ocrx_word' id='word_1_60' title='bbox 871 824 1013 884; x_wconf 89' lang='lat' dir='ltr'>nondum</span> <span class='ocrx_word' id='word_1_61' title='bbox 1031 824 1267 886; x_wconf 79' lang='lat' dir='ltr'>determinatam</span> <span class='ocrx_word' id='word_1_62' title='bbox 1284 827 1476 907; x_wconf 81' lang='lat' dir='ltr'>Angelorum</span> <span class='ocrx_word' id='word_1_63' title='bbox 1498 829 1639 893; x_wconf 85' lang='lat' dir='ltr'>volunta·</span> 
     </span>
     <span class='ocr_line' id='line_1_6' title="bbox 67 914 1638 1000; baseline 0.008 -28"><span class='ocrx_word' id='word_1_64' title='bbox 67 918 127 993; x_wconf 76' lang='lat' dir='ltr'>bus,</span> <span class='ocrx_word' id='word_1_65' title='bbox 153 935 189 979; x_wconf 78' lang='lat' dir='ltr'>ao</span> <span class='ocrx_word' id='word_1_66' title='bbox 210 923 328 979; x_wconf 75' lang='lat' dir='ltr'>rectam</span> <span class='ocrx_word' id='word_1_67' title='bbox 351 918 506 979; x_wconf 77' lang='lat' dir='ltr'>rationem</span> <span class='ocrx_word' id='word_1_68' title='bbox 530 924 625 980; x_wconf 81' lang='lat' dir='ltr'>tenet.</span> <span class='ocrx_word' id='word_1_69' title='bbox 648 919 737 993; x_wconf 84' lang='lat' dir='ltr'>Nam,</span> <span class='ocrx_word' id='word_1_70' title='bbox 764 920 822 981; x_wconf 71' lang='lat' dir='ltr'>etei</span> <span class='ocrx_word' id='word_1_71' title='bbox 870 919 936 975; x_wconf 87' lang='lat' dir='ltr'>tem</span> <span class='ocrx_word' id='word_1_72' title='bbox 955 914 1107 990; x_wconf 87' lang='lat' dir='ltr'>refertur,</span> <span class='ocrx_word' id='word_1_73' title='bbox 1137 934 1201 977; x_wconf 91' lang='lat' dir='ltr'>non</span> <span class='ocrx_word' id='word_1_74' title='bbox 1227 918 1266 978; x_wconf 88' lang='lat' dir='ltr'>ad</span> <span class='ocrx_word' id='word_1_75' title='bbox 1289 926 1473 996; x_wconf 68' lang='lat' dir='ltr'>presentem</span> <span class='ocrx_word' id='word_1_76' title='bbox 1500 922 1638 1000; x_wconf 85' lang='lat' dir='ltr'>ejusdem</span> 
     </span>
     <span class='ocr_line' id='line_1_7' title="bbox 66 1005 1640 1091; baseline 0.004 -21"><span class='ocrx_word' id='word_1_77' title='bbox 66 1008 151 1071; x_wconf 87' lang='lat' dir='ltr'>libers</span> <span class='ocrx_word' id='word_1_78' title='bbox 182 1009 249 1088; x_wconf 85' lang='lat' dir='ltr'>ejus</span> <span class='ocrx_word' id='word_1_79' title='bbox 279 1009 423 1070; x_wconf 78' lang='lat' dir='ltr'>voluntas</span> <span class='ocrx_word' id='word_1_80' title='bbox 456 1010 561 1089; x_wconf 88' lang='lat' dir='ltr'>injusti</span> <span class='ocrx_word' id='word_1_81' title='bbox 594 1010 711 1090; x_wconf 82' lang='lat' dir='ltr'>aliquid</span> <span class='ocrx_word' id='word_1_82' title='bbox 743 1011 822 1073; x_wconf 83' lang='lat' dir='ltr'>velle</span> <span class='ocrx_word' id='word_1_83' title='bbox 870 1005 1077 1082; x_wconf 83' lang='lat' dir='ltr'>affectionem,</span> <span class='ocrx_word' id='word_1_84' title='bbox 1094 1027 1164 1087; x_wconf 87' lang='lat' dir='ltr'>quea</span> <span class='ocrx_word' id='word_1_85' title='bbox 1178 1008 1246 1069; x_wconf 87' lang='lat' dir='ltr'>illos</span> <span class='ocrx_word' id='word_1_86' title='bbox 1266 1010 1345 1072; x_wconf 85' lang='lat' dir='ltr'>felici</span> <span class='ocrx_word' id='word_1_87' title='bbox 1358 1012 1493 1091; x_wconf 89' lang='lat' dir='ltr'>quadam</span> <span class='ocrx_word' id='word_1_88' title='bbox 1506 1014 1640 1076; x_wconf 89' lang='lat' dir='ltr'>necessi·</span> 
     </span>
     <span class='ocr_line' id='line_1_8' title="bbox 66 1100 1635 1181; baseline 0.004 -20"><span class='ocrx_word' id='word_1_89' title='bbox 66 1101 172 1181; x_wconf 90' lang='lat' dir='ltr'>nequit,</span> <span class='ocrx_word' id='word_1_90' title='bbox 185 1118 246 1162; x_wconf 89' lang='lat' dir='ltr'>nec</span> <span class='ocrx_word' id='word_1_91' title='bbox 265 1100 324 1161; x_wconf 89' lang='lat' dir='ltr'>suh</span> <span class='ocrx_word' id='word_1_92' title='bbox 347 1102 458 1162; x_wconf 89' lang='lat' dir='ltr'>eodem</span> <span class='ocrx_word' id='word_1_93' title='bbox 477 1120 591 1181; x_wconf 81' lang='lat' dir='ltr'>genere</span> <span class='ocrx_word' id='word_1_94' title='bbox 603 1102 637 1163; x_wconf 93' lang='lat' dir='ltr'>in</span> <span class='ocrx_word' id='word_1_95' title='bbox 651 1104 821 1164; x_wconf 88' lang='lat' dir='ltr'>contrarias</span> <span class='ocrx_word' id='word_1_96' title='bbox 870 1101 933 1157; x_wconf 83' lang='lat' dir='ltr'>tate</span> <span class='ocrx_word' id='word_1_97' title='bbox 956 1115 1029 1159; x_wconf 88' lang='lat' dir='ltr'>eum</span> <span class='ocrx_word' id='word_1_98' title='bbox 1051 1100 1279 1178; x_wconf 90' lang='lat' dir='ltr'>summobono,</span> <span class='ocrx_word' id='word_1_99' title='bbox 1295 1103 1403 1164; x_wconf 87' lang='lat' dir='ltr'>soline</span> <span class='ocrx_word' id='word_1_100' title='bbox 1418 1104 1529 1166; x_wconf 86' lang='lat' dir='ltr'>ultimo</span> <span class='ocrx_word' id='word_1_101' title='bbox 1548 1107 1635 1168; x_wconf 89' lang='lat' dir='ltr'>colli·</span> 
     </span>
     <span class='ocr_line' id='line_1_9' title="bbox 65 1191 1317 1274; baseline 0.002 -21"><span class='ocrx_word' id='word_1_102' title='bbox 65 1191 140 1270; x_wconf 88' lang='lat' dir='ltr'>boni,</span> <span class='ocrx_word' id='word_1_103' title='bbox 153 1211 189 1253; x_wconf 89' lang='lat' dir='ltr'>ae</span> <span class='ocrx_word' id='word_1_104' title='bbox 202 1192 441 1255; x_wconf 86' lang='lat' dir='ltr'>maliinolinore</span> <span class='ocrx_word' id='word_1_105' title='bbox 454 1195 589 1273; x_wconf 61' lang='lat' dir='ltr'>speeiem</span> <span class='ocrx_word' id='word_1_106' title='bbox 605 1200 706 1274; x_wconf 85' lang='lat' dir='ltr'>potest</span> <span class='ocrx_word' id='word_1_107' title='bbox 715 1200 822 1256; x_wconf 85' lang='lat' dir='ltr'>tamen</span> <span class='ocrx_word' id='word_1_108' title='bbox 871 1194 969 1268; x_wconf 81' lang='lat' dir='ltr'>gatos,</span> <span class='ocrx_word' id='word_1_109' title='bbox 982 1194 1014 1251; x_wconf 89' lang='lat' dir='ltr'>et</span> <span class='ocrx_word' id='word_1_110' title='bbox 1027 1191 1317 1256; x_wconf 83' lang='lat' dir='ltr'>coustriotostenet.</span> 
     </span>
     <span class='ocr_line' id='line_1_10' title="bbox 67 1281 1637 1364; baseline 0.004 -20"><span class='ocrx_word' id='word_1_111' title='bbox 67 1283 221 1345; x_wconf 85' lang='lat' dir='ltr'>exduohus</span> <span class='ocrx_word' id='word_1_112' title='bbox 234 1284 400 1364; x_wconf 89' lang='lat' dir='ltr'>propositis</span> <span class='ocrx_word' id='word_1_113' title='bbox 412 1286 522 1347; x_wconf 87' lang='lat' dir='ltr'>orestis</span> <span class='ocrx_word' id='word_1_114' title='bbox 534 1285 625 1347; x_wconf 89' lang='lat' dir='ltr'>honis</span> <span class='ocrx_word' id='word_1_115' title='bbox 636 1284 822 1357; x_wconf 79' lang='lat' dir='ltr'>alterutrum</span> <span class='ocrx_word' id='word_1_116' title='bbox 910 1282 967 1342; x_wconf 85' lang='lat' dir='ltr'>xl.</span> <span class='ocrx_word' id='word_1_117' title='bbox 983 1281 1121 1344; x_wconf 68' lang='grc' dir='ltr'>(Ιιιιὶειιιε</span> <span class='ocrx_word' id='word_1_118' title='bbox 1132 1289 1286 1345; x_wconf 86' lang='lat' dir='ltr'>veretum</span> <span class='ocrx_word' id='word_1_119' title='bbox 1295 1286 1329 1346; x_wconf 90' lang='lat' dir='ltr'>in</span> <span class='ocrx_word' id='word_1_120' title='bbox 1342 1287 1463 1348; x_wconf 89' lang='lat' dir='ltr'>actione</span> <span class='ocrx_word' id='word_1_121' title='bbox 1470 1288 1637 1353; x_wconf 85' lang='lat' dir='ltr'>consisten-</span> 
     </span>
     <span class='ocr_line' id='line_1_11' title="bbox 67 1374 1635 1456; baseline 0.004 -20"><span class='ocrx_word' id='word_1_122' title='bbox 67 1375 393 1455; x_wconf 70' lang='lat' dir='ltr'>optaraauvelagere,</span> <span class='ocrx_word' id='word_1_123' title='bbox 408 1377 460 1438; x_wconf 83' lang='lat' dir='ltr'>vel</span> <span class='ocrx_word' id='word_1_124' title='bbox 473 1395 539 1438; x_wconf 90' lang='lat' dir='ltr'>non</span> <span class='ocrx_word' id='word_1_125' title='bbox 552 1394 654 1456; x_wconf 84' lang='lat' dir='ltr'>agere.</span> <span class='ocrx_word' id='word_1_126' title='bbox 665 1378 726 1438; x_wconf 87' lang='lat' dir='ltr'>Sed</span> <span class='ocrx_word' id='word_1_127' title='bbox 734 1378 820 1441; x_wconf 83' lang='lat' dir='ltr'>illam</span> <span class='ocrx_word' id='word_1_128' title='bbox 869 1377 944 1447; x_wconf 91' lang='lat' dir='ltr'>tem,</span> <span class='ocrx_word' id='word_1_129' title='bbox 961 1379 1030 1433; x_wconf 88' lang='lat' dir='ltr'>tum</span> <span class='ocrx_word' id='word_1_130' title='bbox 1043 1374 1077 1433; x_wconf 91' lang='lat' dir='ltr'>in</span> <span class='ocrx_word' id='word_1_131' title='bbox 1094 1374 1202 1436; x_wconf 91' lang='lat' dir='ltr'>habitu</span> <span class='ocrx_word' id='word_1_132' title='bbox 1211 1376 1364 1453; x_wconf 85' lang='lat' dir='ltr'>justitiam</span> <span class='ocrx_word' id='word_1_133' title='bbox 1387 1378 1635 1450; x_wconf 88' lang='lat' dir='ltr'>libereohtinet;</span> 
     </span>
     <span class='ocr_line' id='line_1_12' title="bbox 68 1463 1638 1550; baseline 0.006 -25"><span class='ocrx_word' id='word_1_134' title='bbox 68 1466 220 1527; x_wconf 74' lang='lat' dir='ltr'>rohnmtis</span> <span class='ocrx_word' id='word_1_135' title='bbox 240 1466 537 1542; x_wconf 73' lang='lat' dir='ltr'>immutabilitatem,</span> <span class='ocrx_word' id='word_1_136' title='bbox 566 1487 629 1548; x_wconf 90' lang='lat' dir='ltr'>qua</span> <span class='ocrx_word' id='word_1_137' title='bbox 647 1468 711 1528; x_wconf 89' lang='lat' dir='ltr'>sola</span> <span class='ocrx_word' id='word_1_138' title='bbox 730 1468 822 1529; x_wconf 90' lang='lat' dir='ltr'>boni·</span> <span class='ocrx_word' id='word_1_139' title='bbox 869 1463 1006 1542; x_wconf 84' lang='lat' dir='ltr'>priorem</span> <span class='ocrx_word' id='word_1_140' title='bbox 1022 1466 1149 1547; x_wconf 87' lang='lat' dir='ltr'>quidem</span> <span class='ocrx_word' id='word_1_141' title='bbox 1163 1467 1282 1543; x_wconf 89' lang='lat' dir='ltr'>eodem,</span> <span class='ocrx_word' id='word_1_142' title='bbox 1298 1472 1392 1550; x_wconf 89' lang='lat' dir='ltr'>atque</span> <span class='ocrx_word' id='word_1_143' title='bbox 1406 1472 1526 1550; x_wconf 83' lang='lat' dir='ltr'>Angeli,</span> <span class='ocrx_word' id='word_1_144' title='bbox 1542 1474 1638 1534; x_wconf 88' lang='lat' dir='ltr'>beati·</span> 
     </span>
     <span class='ocr_line' id='line_1_13' title="bbox 68 1557 1634 1643; baseline 0.008 -28"><span class='ocrx_word' id='word_1_145' title='bbox 68 1558 126 1618; x_wconf 81' lang='lat' dir='ltr'>tatis</span> <span class='ocrx_word' id='word_1_146' title='bbox 149 1559 249 1638; x_wconf 84' lang='lat' dir='ltr'>speeie</span> <span class='ocrx_word' id='word_1_147' title='bbox 279 1560 528 1641; x_wconf 73' lang='lat' dir='ltr'>circumscripte,</span> <span class='ocrx_word' id='word_1_148' title='bbox 554 1560 820 1640; x_wconf 63' lang='lat' dir='ltr'>determinatisque</span> <span class='ocrx_word' id='word_1_149' title='bbox 869 1557 1085 1637; x_wconf 89' lang='lat' dir='ltr'>quehomines</span> <span class='ocrx_word' id='word_1_150' title='bbox 1102 1561 1206 1632; x_wconf 89' lang='lat' dir='ltr'>modo,</span> <span class='ocrx_word' id='word_1_151' title='bbox 1232 1563 1380 1640; x_wconf 84' lang='lat' dir='ltr'>quianon</span> <span class='ocrx_word' id='word_1_152' title='bbox 1396 1570 1506 1643; x_wconf 83' lang='lat' dir='ltr'>sponte</span> <span class='ocrx_word' id='word_1_153' title='bbox 1522 1565 1634 1635; x_wconf 81' lang='lat' dir='ltr'>solum.</span> 
     </span>
     <span class='ocr_line' id='line_1_14' title="bbox 68 1649 1637 1732; baseline 0.01 -29"><span class='ocrx_word' id='word_1_154' title='bbox 68 1657 114 1725; x_wconf 82' lang='lat' dir='ltr'>eet,</span> <span class='ocrx_word' id='word_1_155' title='bbox 127 1651 279 1730; x_wconf 75' lang='lat' dir='ltr'>quamvis,</span> <span class='ocrx_word' id='word_1_156' title='bbox 294 1652 432 1713; x_wconf 81' lang='lat' dir='ltr'>uthomo</span> <span class='ocrx_word' id='word_1_157' title='bbox 440 1657 496 1729; x_wconf 74' lang='lat' dir='ltr'>eet,</span> <span class='ocrx_word' id='word_1_158' title='bbox 511 1653 570 1714; x_wconf 80' lang='lat' dir='ltr'>hoc</span> <span class='ocrx_word' id='word_1_159' title='bbox 578 1653 671 1713; x_wconf 79' lang='lat' dir='ltr'>estab</span> <span class='ocrx_word' id='word_1_160' title='bbox 680 1653 820 1715; x_wconf 74' lang='lat' dir='ltr'>humana</span> <span class='ocrx_word' id='word_1_161' title='bbox 868 1649 920 1708; x_wconf 84' lang='lat' dir='ltr'>sed</span> <span class='ocrx_word' id='word_1_162' title='bbox 954 1650 1048 1710; x_wconf 81' lang='lat' dir='ltr'>etiam</span> <span class='ocrx_word' id='word_1_163' title='bbox 1080 1651 1175 1712; x_wconf 81' lang='lat' dir='ltr'>libere</span> <span class='ocrx_word' id='word_1_164' title='bbox 1209 1654 1338 1715; x_wconf 69' lang='lat' dir='ltr'>honeste</span> <span class='ocrx_word' id='word_1_165' title='bbox 1367 1655 1466 1716; x_wconf 77' lang='lat' dir='ltr'>multa</span> <span class='ocrx_word' id='word_1_166' title='bbox 1494 1657 1582 1732; x_wconf 76' lang='lat' dir='ltr'>fecii,</span> <span class='ocrx_word' id='word_1_167' title='bbox 1606 1664 1637 1719; x_wconf 83' lang='lat' dir='ltr'>et</span> 
     </span>
     <span class='ocr_line' id='line_1_15' title="bbox 68 1738 1633 1825; baseline 0.008 -28"><span class='ocrx_word' id='word_1_168' title='bbox 68 1741 240 1818; x_wconf 74' lang='lat' dir='ltr'>eonffitione,</span> <span class='ocrx_word' id='word_1_169' title='bbox 266 1761 334 1804; x_wconf 83' lang='lat' dir='ltr'>non</span> <span class='ocrx_word' id='word_1_170' title='bbox 345 1744 468 1822; x_wconf 70' lang='lat' dir='ltr'>habeut,</span> <span class='ocrx_word' id='word_1_171' title='bbox 486 1742 646 1825; x_wconf 74' lang='lat' dir='ltr'>(quoniam</span> <span class='ocrx_word' id='word_1_172' title='bbox 664 1745 759 1806; x_wconf 82' lang='lat' dir='ltr'>unius</span> <span class='ocrx_word' id='word_1_173' title='bbox 773 1750 820 1806; x_wconf 79' lang='lat' dir='ltr'>eet</span> <span class='ocrx_word' id='word_1_174' title='bbox 868 1738 1040 1802; x_wconf 84' lang='lat' dir='ltr'>etiamnum</span> <span class='ocrx_word' id='word_1_175' title='bbox 1056 1741 1139 1818; x_wconf 87' lang='lat' dir='ltr'>facit,</span> <span class='ocrx_word' id='word_1_176' title='bbox 1163 1762 1245 1822; x_wconf 75' lang='lat' dir='ltr'>quoe,</span> <span class='ocrx_word' id='word_1_177' title='bbox 1262 1745 1289 1805; x_wconf 87' lang='lat' dir='ltr'>si</span> <span class='ocrx_word' id='word_1_178' title='bbox 1302 1745 1405 1820; x_wconf 90' lang='lat' dir='ltr'>vellet,</span> <span class='ocrx_word' id='word_1_179' title='bbox 1421 1750 1486 1808; x_wconf 90' lang='lat' dir='ltr'>non</span> <span class='ocrx_word' id='word_1_180' title='bbox 1502 1747 1633 1825; x_wconf 86' lang='lat' dir='ltr'>faceret;</span> 
     </span>
     <span class='ocr_line' id='line_1_16' title="bbox 12 1832 1707 1917; baseline 0.005 -27"><span class='ocrx_word' id='word_1_181' title='bbox 12 1856 52 1899; x_wconf 65' lang='lat' dir='ltr'>eu</span> <span class='ocrx_word' id='word_1_182' title='bbox 68 1834 175 1915; x_wconf 79' lang='lat' dir='ltr'>propris</span> <span class='ocrx_word' id='word_1_183' title='bbox 188 1834 362 1897; x_wconf 74' lang='lat' dir='ltr'>divinitatis</span> <span class='ocrx_word' id='word_1_184' title='bbox 374 1835 552 1917; x_wconf 58' lang='grc' dir='ltr'>ᾶναμαρησια)</span> <span class='ocrx_word' id='word_1_185' title='bbox 568 1837 700 1917; x_wconf 77' lang='lat' dir='ltr'>aseipso</span> <span class='ocrx_word' id='word_1_186' title='bbox 713 1842 819 1899; x_wconf 72' lang='lat' dir='ltr'>nmen</span> <span class='ocrx_word' id='word_1_187' title='bbox 866 1832 1068 1909; x_wconf 87' lang='lat' dir='ltr'>posteriorem</span> <span class='ocrx_word' id='word_1_188' title='bbox 1083 1840 1188 1895; x_wconf 92' lang='lat' dir='ltr'>autem</span> <span class='ocrx_word' id='word_1_189' title='bbox 1202 1836 1366 1915; x_wconf 85' lang='lat' dir='ltr'>justitiam,</span> <span class='ocrx_word' id='word_1_190' title='bbox 1395 1855 1463 1915; x_wconf 76' lang='lat' dir='ltr'>qua</span> <span class='ocrx_word' id='word_1_191' title='bbox 1478 1839 1512 1899; x_wconf 92' lang='lat' dir='ltr'>in</span> <span class='ocrx_word' id='word_1_192' title='bbox 1530 1840 1636 1902; x_wconf 87' lang='lat' dir='ltr'>eosita</span> <span class='ocrx_word' id='word_1_193' title='bbox 1702 1890 1707 1899; x_wconf 90' lang='lat'>.</span> 
     </span>
     <span class='ocr_line' id='line_1_17' title="bbox 12 1925 1636 2010; baseline 0.008 -30"><span class='ocrx_word' id='word_1_194' title='bbox 12 1940 17 1949; x_wconf 91' lang='lat'><strong>·</strong></span> <span class='ocrx_word' id='word_1_195' title='bbox 68 1934 175 1987; x_wconf 67' lang='lat' dir='ltr'>munus</span> <span class='ocrx_word' id='word_1_196' title='bbox 206 1926 316 2002; x_wconf 75' lang='lat' dir='ltr'>habet,</span> <span class='ocrx_word' id='word_1_197' title='bbox 351 1928 435 2007; x_wconf 83' lang='lat' dir='ltr'>quod</span> <span class='ocrx_word' id='word_1_198' title='bbox 469 1946 540 1989; x_wconf 76' lang='lat' dir='ltr'>oum</span> <span class='ocrx_word' id='word_1_199' title='bbox 572 1929 635 1989; x_wconf 84' lang='lat' dir='ltr'>Deo</span> <span class='ocrx_word' id='word_1_200' title='bbox 669 1946 733 1989; x_wconf 79' lang='lat' dir='ltr'>une</span> <span class='ocrx_word' id='word_1_201' title='bbox 759 1933 816 2007; x_wconf 77' lang='lat' dir='ltr'>eet,</span> <span class='ocrx_word' id='word_1_202' title='bbox 867 1927 925 1991; x_wconf 89' lang='lat' dir='ltr'>est,</span> <span class='ocrx_word' id='word_1_203' title='bbox 936 1929 973 1984; x_wconf 92' lang='lat' dir='ltr'>ut</span> <span class='ocrx_word' id='word_1_204' title='bbox 983 1925 1109 1986; x_wconf 91' lang='lat' dir='ltr'>nonnisi</span> <span class='ocrx_word' id='word_1_205' title='bbox 1117 1927 1351 2007; x_wconf 87' lang='lat' dir='ltr'>rectejusteque</span> <span class='ocrx_word' id='word_1_206' title='bbox 1359 1930 1458 2008; x_wconf 86' lang='lat' dir='ltr'>possit</span> <span class='ocrx_word' id='word_1_207' title='bbox 1469 1948 1570 2010; x_wconf 86' lang='lat' dir='ltr'>agere,</span> <span class='ocrx_word' id='word_1_208' title='bbox 1578 1953 1636 1996; x_wconf 88' lang='lat' dir='ltr'>nee</span> 
     </span>
     <span class='ocr_line' id='line_1_18' title="bbox 68 2014 1632 2100; baseline 0.004 -21"><span class='ocrx_word' id='word_1_209' title='bbox 68 2018 216 2097; x_wconf 86' lang='lat' dir='ltr'>eademqne</span> <span class='ocrx_word' id='word_1_210' title='bbox 226 2036 372 2099; x_wconf 85' lang='lat' dir='ltr'>persona.</span> <span class='ocrx_word' id='word_1_211' title='bbox 387 2019 559 2098; x_wconf 84' lang='lat' dir='ltr'>Siquidem,</span> <span class='ocrx_word' id='word_1_212' title='bbox 574 2025 606 2081; x_wconf 89' lang='lat' dir='ltr'>et</span> <span class='ocrx_word' id='word_1_213' title='bbox 613 2026 741 2100; x_wconf 87' lang='lat' dir='ltr'>propter</span> <span class='ocrx_word' id='word_1_214' title='bbox 748 2038 818 2100; x_wconf 89' lang='lat' dir='ltr'>pro-</span> <span class='ocrx_word' id='word_1_215' title='bbox 867 2014 907 2075; x_wconf 87' lang='lat' dir='ltr'>ab</span> <span class='ocrx_word' id='word_1_216' title='bbox 921 2016 987 2093; x_wconf 88' lang='lat' dir='ltr'>ejus</span> <span class='ocrx_word' id='word_1_217' title='bbox 1000 2017 1107 2096; x_wconf 84' lang='lat' dir='ltr'>regula</span> <span class='ocrx_word' id='word_1_218' title='bbox 1117 2017 1260 2079; x_wconf 87' lang='lat' dir='ltr'>deflectat</span> <span class='ocrx_word' id='word_1_219' title='bbox 1271 2038 1420 2099; x_wconf 83' lang='lat' dir='ltr'>unquam,</span> <span class='ocrx_word' id='word_1_220' title='bbox 1439 2040 1502 2083; x_wconf 91' lang='lat' dir='ltr'>non</span> <span class='ocrx_word' id='word_1_221' title='bbox 1514 2022 1632 2100; x_wconf 91' lang='lat' dir='ltr'>itidem,</span> 
     </span>
     <span class='ocr_line' id='line_1_19' title="bbox 67 2107 1636 2193; baseline 0.009 -29"><span class='ocrx_word' id='word_1_222' title='bbox 67 2109 213 2189; x_wconf 71' lang='lat' dir='ltr'>pristitum</span> <span class='ocrx_word' id='word_1_223' title='bbox 222 2110 492 2187; x_wconf 78' lang='lat' dir='ltr'>comunionem,</span> <span class='ocrx_word' id='word_1_224' title='bbox 507 2129 578 2190; x_wconf 78' lang='lat' dir='ltr'>quae</span> <span class='ocrx_word' id='word_1_225' title='bbox 591 2117 711 2173; x_wconf 69' lang='lat' dir='ltr'>natine</span> <span class='ocrx_word' id='word_1_226' title='bbox 725 2112 817 2172; x_wconf 83' lang='lat' dir='ltr'>unius</span> <span class='ocrx_word' id='word_1_227' title='bbox 868 2107 1636 2193; x_wconf 70' lang='lat' dir='ltr'>utAngeli,exantegressaliberaevoluntatis{eleo-</span> 
     </span>
     <span class='ocr_line' id='line_1_20' title="bbox 67 2199 1636 2285; baseline 0.006 -23"><span class='ocrx_word' id='word_1_228' title='bbox 67 2201 267 2281; x_wconf 88' lang='lat' dir='ltr'>proprissunt,</span> <span class='ocrx_word' id='word_1_229' title='bbox 288 2201 377 2264; x_wconf 88' lang='lat' dir='ltr'>alteri</span> <span class='ocrx_word' id='word_1_230' title='bbox 389 2201 572 2264; x_wconf 89' lang='lat' dir='ltr'>tribuuntur</span> <span class='ocrx_word' id='word_1_231' title='bbox 585 2211 617 2265; x_wconf 90' lang='lat' dir='ltr'>et</span> <span class='ocrx_word' id='word_1_232' title='bbox 629 2204 713 2282; x_wconf 92' lang='lat' dir='ltr'>quod</span> <span class='ocrx_word' id='word_1_233' title='bbox 726 2204 760 2264; x_wconf 83' lang='lat' dir='ltr'>in</span> <span class='ocrx_word' id='word_1_234' title='bbox 771 2222 815 2281; x_wconf 90' lang='lat' dir='ltr'>se,</span> <span class='ocrx_word' id='word_1_235' title='bbox 867 2199 953 2260; x_wconf 79' lang='lat' dir='ltr'>tione</span> <span class='ocrx_word' id='word_1_236' title='bbox 962 2205 1204 2278; x_wconf 78' lang='lat' dir='ltr'>eonsecutusest,</span> <span class='ocrx_word' id='word_1_237' title='bbox 1213 2208 1364 2282; x_wconf 79' lang='lat' dir='ltr'>tanquam</span> <span class='ocrx_word' id='word_1_238' title='bbox 1372 2204 1538 2285; x_wconf 85' lang='lat' dir='ltr'>aliquando</span> <span class='ocrx_word' id='word_1_239' title='bbox 1547 2227 1636 2272; x_wconf 86' lang='lat' dir='ltr'>secus</span> 
     </span>
     <span class='ocr_line' id='line_1_21' title="bbox 67 2290 1636 2374; baseline 0.006 -21"><span class='ocrx_word' id='word_1_240' title='bbox 67 2310 95 2353; x_wconf 80' lang='lat' dir='ltr'>aa</span> <span class='ocrx_word' id='word_1_241' title='bbox 111 2292 289 2370; x_wconf 81' lang='lat' dir='ltr'>formaliter,</span> <span class='ocrx_word' id='word_1_242' title='bbox 311 2299 349 2354; x_wconf 91' lang='lat' dir='ltr'>ut</span> <span class='ocrx_word' id='word_1_243' title='bbox 365 2296 409 2355; x_wconf 86' lang='lat' dir='ltr'>sie</span> <span class='ocrx_word' id='word_1_244' title='bbox 421 2294 545 2374; x_wconf 89' lang='lat' dir='ltr'>loquar,</span> <span class='ocrx_word' id='word_1_245' title='bbox 568 2294 662 2357; x_wconf 90' lang='lat' dir='ltr'>hahet</span> <span class='ocrx_word' id='word_1_246' title='bbox 677 2296 817 2357; x_wconf 89' lang='lat' dir='ltr'>humana</span> <span class='ocrx_word' id='word_1_247' title='bbox 867 2290 978 2367; x_wconf 75' lang='lat' dir='ltr'>meere,</span> <span class='ocrx_word' id='word_1_248' title='bbox 994 2298 1049 2353; x_wconf 88' lang='lat' dir='ltr'>aut</span> <span class='ocrx_word' id='word_1_249' title='bbox 1061 2295 1099 2354; x_wconf 88' lang='lat' dir='ltr'>ab</span> <span class='ocrx_word' id='word_1_250' title='bbox 1114 2294 1236 2373; x_wconf 85' lang='lat' dir='ltr'>justitia</span> <span class='ocrx_word' id='word_1_251' title='bbox 1249 2296 1392 2356; x_wconf 88' lang='lat' dir='ltr'>recedere</span> <span class='ocrx_word' id='word_1_252' title='bbox 1412 2299 1554 2374; x_wconf 91' lang='lat' dir='ltr'>potuerit.</span> <span class='ocrx_word' id='word_1_253' title='bbox 1579 2302 1636 2362; x_wconf 84' lang='lat' dir='ltr'>Est</span> 
     </span>
     <span class='ocr_line' id='line_1_22' title="bbox 12 2383 1794 2469; baseline 0.01 -29"><span class='ocrx_word' id='word_1_254' title='bbox 12 2405 52 2450; x_wconf 63' lang='lat' dir='ltr'>eo.</span> <span class='ocrx_word' id='word_1_255' title='bbox 68 2383 144 2445; x_wconf 81' lang='lat' dir='ltr'>lerhi</span> <span class='ocrx_word' id='word_1_256' title='bbox 172 2390 310 2461; x_wconf 79' lang='lat' dir='ltr'>natura,</span> <span class='ocrx_word' id='word_1_257' title='bbox 331 2391 455 2464; x_wconf 76' lang='lat' dir='ltr'>propter</span> <span class='ocrx_word' id='word_1_258' title='bbox 469 2387 553 2466; x_wconf 84' lang='lat' dir='ltr'>quod</span> <span class='ocrx_word' id='word_1_259' title='bbox 566 2393 611 2448; x_wconf 82' lang='lat' dir='ltr'>est</span> <span class='ocrx_word' id='word_1_260' title='bbox 634 2395 815 2469; x_wconf 55' lang='grc' dir='ltr'>ἀναμάρτητος,</span> <span class='ocrx_word' id='word_1_261' title='bbox 867 2383 953 2443; x_wconf 91' lang='lat' dir='ltr'>enim</span> <span class='ocrx_word' id='word_1_262' title='bbox 962 2387 1323 2460; x_wconf 59' lang='lat' dir='ltr'>estmoeetsecundum</span> <span class='ocrx_word' id='word_1_263' title='bbox 1337 2390 1550 2468; x_wconf 85' lang='lat' dir='ltr'>substantiam,</span> <span class='ocrx_word' id='word_1_264' title='bbox 1566 2410 1634 2469; x_wconf 90' lang='lat' dir='ltr'>per·</span> <span class='ocrx_word' id='word_1_265' title='bbox 1658 2411 1794 2457; x_wconf 74' lang='lat' dir='ltr'>roseus-</span> 
     </span>
     <span class='ocr_line' id='line_1_23' title="bbox 68 2468 1804 2591; baseline 0.005 -55"><span class='ocrx_word' id='word_1_266' title='bbox 68 2479 149 2536; x_wconf 77' lang='lat' dir='ltr'>lotrm</span> <span class='ocrx_word' id='word_1_267' title='bbox 161 2478 192 2537; x_wconf 93' lang='lat' dir='ltr'>id</span> <span class='ocrx_word' id='word_1_268' title='bbox 203 2476 365 2557; x_wconf 79' lang='lat' dir='ltr'>hypostasi</span> <span class='ocrx_word' id='word_1_269' title='bbox 379 2476 501 2555; x_wconf 83' lang='lat' dir='ltr'>ditinae,</span> <span class='ocrx_word' id='word_1_270' title='bbox 518 2478 568 2539; x_wconf 89' lang='lat' dir='ltr'>oui</span> <span class='ocrx_word' id='word_1_271' title='bbox 582 2484 628 2540; x_wconf 89' lang='lat' dir='ltr'>est</span> <span class='ocrx_word' id='word_1_272' title='bbox 640 2480 814 2559; x_wconf 74' lang='lat' dir='ltr'>conjuncta,</span> <span class='ocrx_word' id='word_1_273' title='bbox 867 2492 1038 2556; x_wconf 80' lang='lat' dir='ltr'>sonumque</span> <span class='ocrx_word' id='word_1_274' title='bbox 1056 2495 1145 2538; x_wconf 85' lang='lat' dir='ltr'>suam</span> <span class='ocrx_word' id='word_1_275' title='bbox 1158 2485 1339 2559; x_wconf 69' lang='grc' dir='ltr'><strong>ἀναμάρτητος,</strong></span> <span class='ocrx_word' id='word_1_276' title='bbox 1355 2484 1391 2540; x_wconf 87' lang='grc' dir='ltr'>ιιι</span> <span class='ocrx_word' id='word_1_277' title='bbox 1413 2497 1539 2559; x_wconf 84' lang='lat' dir='ltr'>peecare</span> <span class='ocrx_word' id='word_1_278' title='bbox 1553 2502 1635 2544; x_wconf 90' lang='lat' dir='ltr'>nun·</span> <span class='ocrx_word' id='word_1_279' title='bbox 1650 2468 1804 2591; x_wconf 52' lang='lat' dir='ltr'>W‘JW</span> 
     </span>
     <span class='ocr_line' id='line_1_24' title="bbox 69 2567 1633 2650; baseline 0.009 -26"><span class='ocrx_word' id='word_1_280' title='bbox 69 2567 144 2629; x_wconf 77' lang='lat' dir='ltr'>refert</span> <span class='ocrx_word' id='word_1_281' title='bbox 154 2575 328 2650; x_wconf 76' lang='lat' dir='ltr'>acceptum.</span> <span class='ocrx_word' id='word_1_282' title='bbox 344 2570 418 2631; x_wconf 80' lang='lat' dir='ltr'>Haee</span> <span class='ocrx_word' id='word_1_283' title='bbox 440 2569 580 2631; x_wconf 80' lang='lat' dir='ltr'>Anselmi</span> <span class='ocrx_word' id='word_1_284' title='bbox 592 2589 682 2633; x_wconf 83' lang='lat' dir='ltr'>mens</span> <span class='ocrx_word' id='word_1_285' title='bbox 695 2582 752 2633; x_wconf 82' lang='lat' dir='ltr'>est.</span> <span class='ocrx_word' id='word_1_286' title='bbox 774 2574 817 2634; x_wconf 82' lang='lat' dir='ltr'>De</span> <span class='ocrx_word' id='word_1_287' title='bbox 867 2584 960 2646; x_wconf 81' lang='lat' dir='ltr'>quem</span> <span class='ocrx_word' id='word_1_288' title='bbox 970 2569 1117 2648; x_wconf 82' lang='lat' dir='ltr'>potuerit.</span> <span class='ocrx_word' id='word_1_289' title='bbox 1134 2569 1207 2644; x_wconf 85' lang='lat' dir='ltr'>Sed,</span> <span class='ocrx_word' id='word_1_290' title='bbox 1223 2570 1306 2649; x_wconf 65' lang='lat' dir='ltr'>otgatt</span> <span class='ocrx_word' id='word_1_291' title='bbox 1317 2571 1491 2649; x_wconf 71' lang='lat' dir='ltr'>sumimus,</span> <span class='ocrx_word' id='word_1_292' title='bbox 1506 2575 1633 2638; x_wconf 81' lang='lat' dir='ltr'>adivine</span> 
     </span>
     <span class='ocr_line' id='line_1_25' title="bbox 12 2660 1632 2819; baseline 0.006 -98"><span class='ocrx_word' id='word_1_293' title='bbox 12 2672 52 2771; x_wconf 53' lang='lat' dir='ltr'>fs</span> <span class='ocrx_word' id='word_1_294' title='bbox 69 2665 216 2812; x_wconf 57' lang='grc' dir='ltr'>ῗψρπριᾳ</span> <span class='ocrx_word' id='word_1_295' title='bbox 228 2660 369 2722; x_wconf 89' lang='lat' dir='ltr'>hominis</span> <span class='ocrx_word' id='word_1_296' title='bbox 378 2662 488 2723; x_wconf 80' lang='lat' dir='ltr'>Christi</span> <span class='ocrx_word' id='word_1_297' title='bbox 499 2662 622 2742; x_wconf 88' lang='lat' dir='ltr'>plenius</span> <span class='ocrx_word' id='word_1_298' title='bbox 630 2662 704 2724; x_wconf 87' lang='lat' dir='ltr'>alibi</span> <span class='ocrx_word' id='word_1_299' title='bbox 717 2664 817 2726; x_wconf 91' lang='lat' dir='ltr'>dieen·</span> <span class='ocrx_word' id='word_1_300' title='bbox 866 2664 980 2812; x_wconf 47' lang='lat' dir='ltr'>nssinufa</span> <span class='ocrx_word' id='word_1_301' title='bbox 1000 2660 1033 2720; x_wconf 87' lang='lat' dir='ltr'>id</span> <span class='ocrx_word' id='word_1_302' title='bbox 1048 2660 1142 2813; x_wconf 42' lang='lat' dir='ltr'>hustet</span> <span class='ocrx_word' id='word_1_303' title='bbox 1161 2663 1253 2815; x_wconf 52' lang='lat' dir='ltr'>hffiio</span> <span class='ocrx_word' id='word_1_304' title='bbox 1271 2662 1424 2815; x_wconf 44' lang='lat' dir='ltr'>Chrisltlus,</span> <span class='ocrx_word' id='word_1_305' title='bbox 1447 2670 1483 2725; x_wconf 89' lang='lat' dir='ltr'>ut</span> <span class='ocrx_word' id='word_1_306' title='bbox 1493 2685 1520 2819; x_wconf 63' lang='lat' dir='ltr'>li</span> <span class='ocrx_word' id='word_1_307' title='bbox 1531 2668 1632 2819; x_wconf 55' lang='lat' dir='ltr'>{eipso</span> 
     </span>
     <span class='ocr_line' id='line_1_26' title="bbox 86 2750 1631 2832; baseline 0.006 -20"><span class='ocrx_word' id='word_1_308' title='bbox 86 2752 198 2815; x_wconf 82' lang='lat' dir='ltr'>amerit.</span> <span class='ocrx_word' id='word_1_309' title='bbox 862 2750 899 2828; x_wconf 86' lang='lat' dir='ltr'>ju</span> <span class='ocrx_word' id='word_1_310' title='bbox 930 2751 1081 2832; x_wconf 87' lang='lat' dir='ltr'>&#39;iamque</span> <span class='ocrx_word' id='word_1_311' title='bbox 1103 2770 1188 2813; x_wconf 88' lang='lat' dir='ltr'>amm</span> <span class='ocrx_word' id='word_1_312' title='bbox 1229 2760 1351 2815; x_wconf 91' lang='lat' dir='ltr'>onatur</span> <span class='ocrx_word' id='word_1_313' title='bbox 1383 2764 1485 2822; x_wconf 80' lang='lat' dir='ltr'>emet</span> <span class='ocrx_word' id='word_1_314' title='bbox 1512 2760 1631 2821; x_wconf 82' lang='lat' dir='ltr'>cituc-</span> 
     </span>
     <span class='ocr_line' id='line_1_27' title="bbox 12 2840 1632 2926; baseline 0.004 -21"><span class='ocrx_word' id='word_1_315' title='bbox 12 2872 40 2905; x_wconf 75' lang='grc' dir='ltr'>ιιι</span> <span class='ocrx_word' id='word_1_316' title='bbox 100 2842 131 2902; x_wconf 80' lang='lat' dir='ltr'>x.</span> <span class='ocrx_word' id='word_1_317' title='bbox 161 2844 338 2906; x_wconf 83' lang='lat' dir='ltr'>Meminisse</span> <span class='ocrx_word' id='word_1_318' title='bbox 371 2846 422 2906; x_wconf 88' lang='lat' dir='ltr'>hie</span> <span class='ocrx_word' id='word_1_319' title='bbox 454 2850 588 2924; x_wconf 82' lang='lat' dir='ltr'>oportet,</span> <span class='ocrx_word' id='word_1_320' title='bbox 620 2847 702 2926; x_wconf 93' lang='lat' dir='ltr'>quod</span> <span class='ocrx_word' id='word_1_321' title='bbox 723 2864 818 2926; x_wconf 89' lang='lat' dir='ltr'>supra</span> <span class='ocrx_word' id='word_1_322' title='bbox 867 2840 924 2902; x_wconf 70' lang='lat' dir='ltr'>lem</span> <span class='ocrx_word' id='word_1_323' title='bbox 937 2843 1101 2923; x_wconf 77' lang='lat' dir='ltr'>possideat·</span> <span class='ocrx_word' id='word_1_324' title='bbox 1116 2845 1142 2905; x_wconf 83' lang='lat' dir='ltr'><strong>A</strong></span> <span class='ocrx_word' id='word_1_325' title='bbox 1156 2845 1268 2925; x_wconf 80' lang='lat' dir='ltr'>seipse,</span> <span class='ocrx_word' id='word_1_326' title='bbox 1282 2846 1421 2925; x_wconf 85' lang='lat' dir='ltr'>inquam,</span> <span class='ocrx_word' id='word_1_327' title='bbox 1439 2847 1497 2910; x_wconf 89' lang='lat' dir='ltr'>hoo</span> <span class='ocrx_word' id='word_1_328' title='bbox 1510 2855 1632 2912; x_wconf 89' lang='lat' dir='ltr'>estnon</span> 
     </span>
     <span class='ocr_line' id='line_1_28' title="bbox 12 2926 1630 3020; baseline 0.006 -26"><span class='ocrx_word' id='word_1_329' title='bbox 12 2926 48 3011; x_wconf 55' lang='grc' dir='ltr'>Γ*</span> <span class='ocrx_word' id='word_1_330' title='bbox 70 2935 235 3012; x_wconf 78' lang='lat' dir='ltr'>nonmmus,</span> <span class='ocrx_word' id='word_1_331' title='bbox 251 2937 438 2999; x_wconf 84' lang='lat' dir='ltr'>Anselmum</span> <span class='ocrx_word' id='word_1_332' title='bbox 449 2937 492 2998; x_wconf 89' lang='lat' dir='ltr'>sio</span> <span class='ocrx_word' id='word_1_333' title='bbox 503 2938 654 3017; x_wconf 72' lang='lat' dir='ltr'>accipere,</span> <span class='ocrx_word' id='word_1_334' title='bbox 672 2940 814 3018; x_wconf 86' lang='lat' dir='ltr'>quodait,</span> <span class='ocrx_word' id='word_1_335' title='bbox 865 2940 975 3013; x_wconf 83' lang='lat' dir='ltr'>sponte</span> <span class='ocrx_word' id='word_1_336' title='bbox 989 2936 1100 3011; x_wconf 88' lang='lat' dir='ltr'>solum,</span> <span class='ocrx_word' id='word_1_337' title='bbox 1117 2937 1273 2998; x_wconf 86' lang='lat' dir='ltr'>sedetiam</span> <span class='ocrx_word' id='word_1_338' title='bbox 1281 2936 1630 3020; x_wconf 83' lang='lat' dir='ltr'>libere3noneosensu,</span> 
     </span>
     <span class='ocr_line' id='line_1_29' title="bbox 12 3026 1632 3116; baseline 0.006 -30"><span class='ocrx_word' id='word_1_339' title='bbox 12 3026 54 3116; x_wconf 48' lang='grc' dir='ltr'>ζ,</span> <span class='ocrx_word' id='word_1_340' title='bbox 71 3028 169 3108; x_wconf 79' lang='lat' dir='ltr'>ceipso</span> <span class='ocrx_word' id='word_1_341' title='bbox 181 3027 286 3091; x_wconf 80' lang='lat' dir='ltr'>tatere</span> <span class='ocrx_word' id='word_1_342' title='bbox 292 3029 457 3111; x_wconf 73' lang='lat' dir='ltr'>justitiam,</span> <span class='ocrx_word' id='word_1_343' title='bbox 472 3034 508 3090; x_wconf 90' lang='lat' dir='ltr'>ut</span> <span class='ocrx_word' id='word_1_344' title='bbox 521 3031 561 3090; x_wconf 87' lang='lat' dir='ltr'>sit</span> <span class='ocrx_word' id='word_1_345' title='bbox 578 3030 677 3092; x_wconf 84' lang='lat' dir='ltr'>libers</span> <span class='ocrx_word' id='word_1_346' title='bbox 694 3040 813 3110; x_wconf 84' lang='lat' dir='ltr'>sponte,</span> <span class='ocrx_word' id='word_1_347' title='bbox 866 3043 961 3104; x_wconf 87' lang='lat' dir='ltr'>quem</span> <span class='ocrx_word' id='word_1_348' title='bbox 980 3045 1134 3089; x_wconf 86' lang='lat' dir='ltr'>novorum</span> <span class='ocrx_word' id='word_1_349' title='bbox 1154 3029 1408 3107; x_wconf 74' lang='lat' dir='ltr'>dogmatistarum</span> <span class='ocrx_word' id='word_1_350' title='bbox 1426 3031 1511 3092; x_wconf 88' lang='lat' dir='ltr'>natio</span> <span class='ocrx_word' id='word_1_351' title='bbox 1523 3031 1632 3095; x_wconf 86' lang='lat' dir='ltr'>inseite</span> 
     </span>
     <span class='ocr_line' id='line_1_30' title="bbox 12 3116 1632 3208; baseline 0.009 -39"><span class='ocrx_word' id='word_1_352' title='bbox 12 3132 29 3169; x_wconf 71' lang='lat' dir='ltr'>a</span> <span class='ocrx_word' id='word_1_353' title='bbox 70 3135 121 3178; x_wconf 80' lang='lat' dir='ltr'>hon</span> <span class='ocrx_word' id='word_1_354' title='bbox 142 3120 320 3182; x_wconf 66' lang='lat' dir='ltr'>necessitate</span> <span class='ocrx_word' id='word_1_355' title='bbox 344 3126 484 3199; x_wconf 68' lang='lat' dir='ltr'>cogente,</span> <span class='ocrx_word' id='word_1_356' title='bbox 511 3120 561 3182; x_wconf 85' lang='lat' dir='ltr'>vel</span> <span class='ocrx_word' id='word_1_357' title='bbox 587 3122 741 3202; x_wconf 68' lang='lat' dir='ltr'>persequi,</span> <span class='ocrx_word' id='word_1_358' title='bbox 768 3123 820 3184; x_wconf 73' lang='lat' dir='ltr'>vel</span> <span class='ocrx_word' id='word_1_359' title='bbox 865 3116 934 3187; x_wconf 81' lang='lat' dir='ltr'>sihi,</span> <span class='ocrx_word' id='word_1_360' title='bbox 951 3135 994 3208; x_wconf 25' lang='lat' dir='ltr'>&#39;ae</span> <span class='ocrx_word' id='word_1_361' title='bbox 1017 3136 1179 3198; x_wconf 77' lang='lat' dir='ltr'>perperam</span> <span class='ocrx_word' id='word_1_362' title='bbox 1201 3118 1304 3196; x_wconf 74' lang='lat' dir='ltr'>finxit,</span> <span class='ocrx_word' id='word_1_363' title='bbox 1324 3121 1413 3199; x_wconf 74' lang='lat' dir='ltr'>quasi</span> <span class='ocrx_word' id='word_1_364' title='bbox 1434 3122 1532 3183; x_wconf 84' lang='lat' dir='ltr'>libero</span> <span class='ocrx_word' id='word_1_365' title='bbox 1551 3124 1632 3185; x_wconf 80' lang='lat' dir='ltr'>nillil</span> 
     </span>
     <span class='ocr_line' id='line_1_31' title="bbox 70 3206 1631 3293; baseline 0.008 -22"><span class='ocrx_word' id='word_1_366' title='bbox 70 3207 176 3289; x_wconf 83' lang='lat' dir='ltr'>hahere,</span> <span class='ocrx_word' id='word_1_367' title='bbox 198 3231 233 3273; x_wconf 87' lang='lat' dir='ltr'>ee</span> <span class='ocrx_word' id='word_1_368' title='bbox 263 3212 326 3274; x_wconf 89' lang='lat' dir='ltr'>sibi</span> <span class='ocrx_word' id='word_1_369' title='bbox 339 3231 465 3274; x_wconf 87' lang='lat' dir='ltr'>eausam</span> <span class='ocrx_word' id='word_1_370' title='bbox 487 3213 608 3293; x_wconf 71' lang='lat' dir='ltr'>adepte</span> <span class='ocrx_word' id='word_1_371' title='bbox 634 3213 717 3275; x_wconf 91' lang='lat' dir='ltr'>illius</span> <span class='ocrx_word' id='word_1_372' title='bbox 737 3233 813 3277; x_wconf 88' lang='lat' dir='ltr'>esse.</span> <span class='ocrx_word' id='word_1_373' title='bbox 865 3206 965 3268; x_wconf 73' lang='lat' dir='ltr'>Obsiei</span> <span class='ocrx_word' id='word_1_374' title='bbox 982 3209 1202 3285; x_wconf 64' lang='lat' dir='ltr'>sseoessfflissms</span> <span class='ocrx_word' id='word_1_375' title='bbox 1217 3213 1478 3274; x_wconf 62' lang='lat' dir='ltr'>lefflmflbfltruw</span> <span class='ocrx_word' id='word_1_376' title='bbox 1495 3215 1631 3292; x_wconf 69' lang='lat' dir='ltr'>quodem</span> 
     </span>
     <span class='ocr_line' id='line_1_32' title="bbox 69 3300 1632 3386; baseline 0 -20"><span class='ocrx_word' id='word_1_377' title='bbox 69 3302 160 3382; x_wconf 74' lang='lat' dir='ltr'>Augeli</span> <span class='ocrx_word' id='word_1_378' title='bbox 171 3323 264 3384; x_wconf 90' lang='lat' dir='ltr'>porro</span> <span class='ocrx_word' id='word_1_379' title='bbox 279 3304 443 3385; x_wconf 81' lang='lat' dir='ltr'>dupliciter</span> <span class='ocrx_word' id='word_1_380' title='bbox 456 3324 475 3365; x_wconf 89' lang='lat' dir='ltr'>a</span> <span class='ocrx_word' id='word_1_381' title='bbox 488 3305 721 3384; x_wconf 82' lang='lat' dir='ltr'>seipsishahent</span> <span class='ocrx_word' id='word_1_382' title='bbox 728 3307 817 3386; x_wconf 78' lang='lat' dir='ltr'>justi.</span> <span class='ocrx_word' id='word_1_383' title='bbox 865 3316 901 3359; x_wconf 88' lang='lat' dir='ltr'>ae</span> <span class='ocrx_word' id='word_1_384' title='bbox 921 3300 1106 3378; x_wconf 80' lang='lat' dir='ltr'>recondito,</span> <span class='ocrx_word' id='word_1_385' title='bbox 1140 3300 1228 3379; x_wconf 86' lang='lat' dir='ltr'>cujus</span> <span class='ocrx_word' id='word_1_386' title='bbox 1255 3301 1408 3380; x_wconf 81' lang='lat' dir='ltr'>ignoratio</span> <span class='ocrx_word' id='word_1_387' title='bbox 1436 3304 1632 3366; x_wconf 87' lang='lat' dir='ltr'>densissimas</span> 
     </span>
     <span class='ocr_line' id='line_1_33' title="bbox 69 3390 1632 3479; baseline 0.006 -31"><span class='ocrx_word' id='word_1_388' title='bbox 69 3392 139 3471; x_wconf 81' lang='lat' dir='ltr'>tiam,</span> <span class='ocrx_word' id='word_1_389' title='bbox 154 3396 209 3456; x_wconf 89' lang='lat' dir='ltr'>hoe</span> <span class='ocrx_word' id='word_1_390' title='bbox 229 3397 373 3476; x_wconf 73' lang='lat' dir='ltr'>eetjuste</span> <span class='ocrx_word' id='word_1_391' title='bbox 390 3397 512 3473; x_wconf 73' lang='lat' dir='ltr'>vivunt,</span> <span class='ocrx_word' id='word_1_392' title='bbox 528 3397 605 3458; x_wconf 69' lang='lat' dir='ltr'>etin</span> <span class='ocrx_word' id='word_1_393' title='bbox 618 3416 655 3459; x_wconf 71' lang='lat' dir='ltr'>eo</span> <span class='ocrx_word' id='word_1_394' title='bbox 674 3417 815 3479; x_wconf 62' lang='lat' dir='ltr'>persepe.</span> <span class='ocrx_word' id='word_1_395' title='bbox 865 3390 992 3452; x_wconf 91' lang='lat' dir='ltr'>illorum</span> <span class='ocrx_word' id='word_1_396' title='bbox 1014 3391 1171 3454; x_wconf 87' lang='lat' dir='ltr'>mentibus</span> <span class='ocrx_word' id='word_1_397' title='bbox 1196 3392 1340 3454; x_wconf 85' lang='lat' dir='ltr'>tenebras</span> <span class='ocrx_word' id='word_1_398' title='bbox 1372 3393 1506 3472; x_wconf 84' lang='lat' dir='ltr'>offudit,</span> <span class='ocrx_word' id='word_1_399' title='bbox 1533 3400 1565 3457; x_wconf 88' lang='lat' dir='ltr'>et</span> <span class='ocrx_word' id='word_1_400' title='bbox 1590 3396 1632 3458; x_wconf 91' lang='lat' dir='ltr'>ah</span> 
     </span>
     <span class='ocr_line' id='line_1_34' title="bbox 69 3482 1632 3570; baseline 0 -20"><span class='ocrx_word' id='word_1_401' title='bbox 69 3492 134 3548; x_wconf 73' lang='lat' dir='ltr'>suut.</span> <span class='ocrx_word' id='word_1_402' title='bbox 153 3489 204 3549; x_wconf 86' lang='lat' dir='ltr'>Fst</span> <span class='ocrx_word' id='word_1_403' title='bbox 223 3489 313 3551; x_wconf 89' lang='lat' dir='ltr'>enim</span> <span class='ocrx_word' id='word_1_404' title='bbox 329 3489 450 3568; x_wconf 88' lang='lat' dir='ltr'>justitia</span> <span class='ocrx_word' id='word_1_405' title='bbox 472 3488 607 3568; x_wconf 85' lang='lat' dir='ltr'>duplex:</span> <span class='ocrx_word' id='word_1_406' title='bbox 635 3509 699 3551; x_wconf 87' lang='lat' dir='ltr'>una</span> <span class='ocrx_word' id='word_1_407' title='bbox 721 3510 816 3570; x_wconf 70' lang='lat' dir='ltr'>quem</span> <span class='ocrx_word' id='word_1_408' title='bbox 865 3482 1004 3543; x_wconf 88' lang='lat' dir='ltr'>Anselmi</span> <span class='ocrx_word' id='word_1_409' title='bbox 1026 3501 1109 3545; x_wconf 84' lang='lat' dir='ltr'>vera.</span> <span class='ocrx_word' id='word_1_410' title='bbox 1131 3490 1163 3545; x_wconf 87' lang='lat' dir='ltr'>et</span> <span class='ocrx_word' id='word_1_411' title='bbox 1188 3485 1326 3563; x_wconf 88' lang='lat' dir='ltr'>genuina</span> <span class='ocrx_word' id='word_1_412' title='bbox 1342 3486 1494 3547; x_wconf 86' lang='lat' dir='ltr'>sententia</span> <span class='ocrx_word' id='word_1_413' title='bbox 1506 3486 1632 3566; x_wconf 82' lang='lat' dir='ltr'>longius</span> 
     </span>
     <span class='ocr_line' id='line_1_35' title="bbox 69 3574 1632 3660; baseline 0.004 -25"><span class='ocrx_word' id='word_1_414' title='bbox 69 3579 189 3641; x_wconf 80' lang='lat' dir='ltr'>actualem</span> <span class='ocrx_word' id='word_1_415' title='bbox 210 3581 378 3643; x_wconf 87' lang='lat' dir='ltr'>nominare</span> <span class='ocrx_word' id='word_1_416' title='bbox 396 3581 503 3660; x_wconf 87' lang='lat' dir='ltr'>possis,</span> <span class='ocrx_word' id='word_1_417' title='bbox 534 3598 605 3642; x_wconf 91' lang='lat' dir='ltr'>cum</span> <span class='ocrx_word' id='word_1_418' title='bbox 632 3582 730 3659; x_wconf 89' lang='lat' dir='ltr'>nulla,</span> <span class='ocrx_word' id='word_1_419' title='bbox 755 3583 815 3645; x_wconf 77' lang='lat' dir='ltr'>nisi</span> <span class='ocrx_word' id='word_1_420' title='bbox 865 3574 1003 3636; x_wconf 80' lang='lat' dir='ltr'>abduxit.</span> <span class='ocrx_word' id='word_1_421' title='bbox 1032 3576 1142 3655; x_wconf 79' lang='lat' dir='ltr'>Ecquis</span> <span class='ocrx_word' id='word_1_422' title='bbox 1164 3576 1259 3651; x_wconf 82' lang='lat' dir='ltr'>igitur</span> <span class='ocrx_word' id='word_1_423' title='bbox 1285 3576 1337 3638; x_wconf 92' lang='lat' dir='ltr'>ille</span> <span class='ocrx_word' id='word_1_424' title='bbox 1360 3578 1472 3641; x_wconf 89' lang='lat' dir='ltr'>modus</span> <span class='ocrx_word' id='word_1_425' title='bbox 1494 3584 1554 3655; x_wconf 87' lang='lat' dir='ltr'>est,</span> <span class='ocrx_word' id='word_1_426' title='bbox 1569 3599 1632 3660; x_wconf 91' lang='lat' dir='ltr'>quo</span> 
     </span>
     <span class='ocr_line' id='line_1_36' title="bbox 69 3666 1631 3751; baseline 0.003 -23"><span class='ocrx_word' id='word_1_427' title='bbox 69 3666 209 3749; x_wconf 71' lang='lat' dir='ltr'>bermuti,</span> <span class='ocrx_word' id='word_1_428' title='bbox 245 3678 280 3734; x_wconf 88' lang='lat' dir='ltr'>et</span> <span class='ocrx_word' id='word_1_429' title='bbox 308 3672 437 3751; x_wconf 71' lang='lat' dir='ltr'>justitie</span> <span class='ocrx_word' id='word_1_430' title='bbox 468 3677 676 3734; x_wconf 73' lang='lat' dir='ltr'>consentanea</span> <span class='ocrx_word' id='word_1_431' title='bbox 711 3675 816 3736; x_wconf 75' lang='lat' dir='ltr'>existit</span> <span class='ocrx_word' id='word_1_432' title='bbox 866 3667 1004 3727; x_wconf 87' lang='lat' dir='ltr'>Christus</span> <span class='ocrx_word' id='word_1_433' title='bbox 1016 3667 1113 3728; x_wconf 91' lang='lat' dir='ltr'>homo</span> <span class='ocrx_word' id='word_1_434' title='bbox 1131 3667 1271 3746; x_wconf 76' lang='lat' dir='ltr'>justitias,</span> <span class='ocrx_word' id='word_1_435' title='bbox 1291 3687 1327 3729; x_wconf 91' lang='lat' dir='ltr'>ao</span> <span class='ocrx_word' id='word_1_436' title='bbox 1340 3670 1508 3731; x_wconf 85' lang='lat' dir='ltr'>sanctitatis</span> <span class='ocrx_word' id='word_1_437' title='bbox 1516 3672 1631 3733; x_wconf 91' lang='lat' dir='ltr'>immu-</span> 
     </span>
     <span class='ocr_line' id='line_1_37' title="bbox 68 3758 1633 3844; baseline 0.01 -23"><span class='ocrx_word' id='word_1_438' title='bbox 68 3762 142 3823; x_wconf 76' lang='lat' dir='ltr'>uso:</span> <span class='ocrx_word' id='word_1_439' title='bbox 163 3765 260 3826; x_wconf 75' lang='lat' dir='ltr'>uem</span> <span class='ocrx_word' id='word_1_440' title='bbox 279 3764 314 3825; x_wconf 83' lang='lat' dir='ltr'>in</span> <span class='ocrx_word' id='word_1_441' title='bbox 327 3770 420 3841; x_wconf 78' lang='lat' dir='ltr'>soto,</span> <span class='ocrx_word' id='word_1_442' title='bbox 436 3770 467 3826; x_wconf 76' lang='lat' dir='ltr'>et</span> <span class='ocrx_word' id='word_1_443' title='bbox 480 3764 568 3844; x_wconf 74' lang='lat' dir='ltr'>quast</span> <span class='ocrx_word' id='word_1_444' title='bbox 593 3764 701 3827; x_wconf 74' lang='lat' dir='ltr'>hasim</span> <span class='ocrx_word' id='word_1_445' title='bbox 715 3767 815 3827; x_wconf 71' lang='lat' dir='ltr'>urni-</span> <span class='ocrx_word' id='word_1_446' title='bbox 864 3758 1047 3819; x_wconf 70' lang='lat' dir='ltr'>militatem</span> <span class='ocrx_word' id='word_1_447' title='bbox 1073 3777 1092 3819; x_wconf 74' lang='lat' dir='ltr'>a</span> <span class='ocrx_word' id='word_1_448' title='bbox 1118 3758 1231 3838; x_wconf 86' lang='lat' dir='ltr'>seipso,</span> <span class='ocrx_word' id='word_1_449' title='bbox 1255 3759 1288 3819; x_wconf 84' lang='lat' dir='ltr'>id</span> <span class='ocrx_word' id='word_1_450' title='bbox 1315 3765 1361 3821; x_wconf 76' lang='lat' dir='ltr'>su</span> <span class='ocrx_word' id='word_1_451' title='bbox 1389 3760 1496 3837; x_wconf 78' lang='lat' dir='ltr'>libere,</span> <span class='ocrx_word' id='word_1_452' title='bbox 1521 3762 1633 3824; x_wconf 77' lang='lat' dir='ltr'>dieitur</span> 
     </span>
     <span class='ocr_line' id='line_1_38' title="bbox 68 3850 1631 3937; baseline 0.001 -23"><span class='ocrx_word' id='word_1_453' title='bbox 68 3857 117 3914; x_wconf 91' lang='lat' dir='ltr'>tur.</span> <span class='ocrx_word' id='word_1_454' title='bbox 135 3855 248 3919; x_wconf 86' lang='lat' dir='ltr'>Harum</span> <span class='ocrx_word' id='word_1_455' title='bbox 273 3854 409 3937; x_wconf 88' lang='lat' dir='ltr'>primam</span> <span class='ocrx_word' id='word_1_456' title='bbox 429 3856 540 3935; x_wconf 84' lang='lat' dir='ltr'>hugeli</span> <span class='ocrx_word' id='word_1_457' title='bbox 553 3875 572 3916; x_wconf 91' lang='lat' dir='ltr'>a</span> <span class='ocrx_word' id='word_1_458' title='bbox 584 3857 702 3936; x_wconf 89' lang='lat' dir='ltr'>seipsis,</span> <span class='ocrx_word' id='word_1_459' title='bbox 724 3857 818 3919; x_wconf 89' lang='lat' dir='ltr'>idest</span> <span class='ocrx_word' id='word_1_460' title='bbox 864 3850 1168 3913; x_wconf 79' lang='lat' dir='ltr'>baberetuimirum</span> <span class='ocrx_word' id='word_1_461' title='bbox 1180 3851 1631 3931; x_wconf 88' lang='lat' dir='ltr'>quodDeusliberehominem</span> 
     </span>
     <span class='ocr_line' id='line_1_39' title="bbox 68 3943 1629 4028; baseline 0 -22"><span class='ocrx_word' id='word_1_462' title='bbox 68 3952 167 4023; x_wconf 70' lang='lat' dir='ltr'>monte,</span> <span class='ocrx_word' id='word_1_463' title='bbox 193 3954 224 4010; x_wconf 89' lang='lat' dir='ltr'>et</span> <span class='ocrx_word' id='word_1_464' title='bbox 248 3948 351 4010; x_wconf 89' lang='lat' dir='ltr'>libero</span> <span class='ocrx_word' id='word_1_465' title='bbox 376 3947 502 4009; x_wconf 89' lang='lat' dir='ltr'>arbitrio</span> <span class='ocrx_word' id='word_1_466' title='bbox 527 3947 694 4009; x_wconf 89' lang='lat' dir='ltr'>voluntatis</span> <span class='ocrx_word' id='word_1_467' title='bbox 711 3949 814 4028; x_wconf 85' lang='lat' dir='ltr'>expri·</span> <span class='ocrx_word' id='word_1_468' title='bbox 866 3943 1042 4022; x_wconf 80' lang='lat' dir='ltr'>assumpsit,</span> <span class='ocrx_word' id='word_1_469' title='bbox 1078 3961 1150 4003; x_wconf 89' lang='lat' dir='ltr'>eum</span> <span class='ocrx_word' id='word_1_470' title='bbox 1186 3948 1288 4022; x_wconf 89' lang='lat' dir='ltr'>posset</span> <span class='ocrx_word' id='word_1_471' title='bbox 1321 3943 1417 4004; x_wconf 89' lang='lat' dir='ltr'>homo</span> <span class='ocrx_word' id='word_1_472' title='bbox 1451 3962 1517 4014; x_wconf 89' lang='lat' dir='ltr'>non</span> <span class='ocrx_word' id='word_1_473' title='bbox 1550 3945 1629 4006; x_wconf 87' lang='lat' dir='ltr'>fieri.</span> 
     </span>
     <span class='ocr_line' id='line_1_40' title="bbox 69 4033 1631 4120; baseline 0 -23"><span class='ocrx_word' id='word_1_474' title='bbox 69 4040 371 4120; x_wconf 80' lang='lat' dir='ltr'>muntquotiesrecti,</span> <span class='ocrx_word' id='word_1_475' title='bbox 386 4045 418 4102; x_wconf 92' lang='lat' dir='ltr'>et</span> <span class='ocrx_word' id='word_1_476' title='bbox 426 4040 548 4101; x_wconf 89' lang='lat' dir='ltr'>honesti</span> <span class='ocrx_word' id='word_1_477' title='bbox 558 4040 675 4120; x_wconf 91' lang='lat' dir='ltr'>aliquid</span> <span class='ocrx_word' id='word_1_478' title='bbox 687 4040 814 4118; x_wconf 78' lang='lat' dir='ltr'>facium,</span> <span class='ocrx_word' id='word_1_479' title='bbox 866 4035 955 4096; x_wconf 85' lang='lat' dir='ltr'>Unde</span> <span class='ocrx_word' id='word_1_480' title='bbox 977 4033 1129 4113; x_wconf 91' lang='lat' dir='ltr'>quidquid</span> <span class='ocrx_word' id='word_1_481' title='bbox 1156 4050 1195 4094; x_wconf 81' lang='lat' dir='ltr'>ex</span> <span class='ocrx_word' id='word_1_482' title='bbox 1221 4034 1274 4094; x_wconf 92' lang='lat' dir='ltr'>illa</span> <span class='ocrx_word' id='word_1_483' title='bbox 1305 4034 1522 4112; x_wconf 84' lang='lat' dir='ltr'>conjunctione</span> <span class='ocrx_word' id='word_1_484' title='bbox 1545 4037 1631 4098; x_wconf 86' lang='lat' dir='ltr'>velut</span> 
     </span>
     <span class='ocr_line' id='line_1_41' title="bbox 68 4125 1632 4211; baseline -0.002 -18"><span class='ocrx_word' id='word_1_485' title='bbox 68 4131 134 4206; x_wconf 80' lang='lat' dir='ltr'>quod</span> <span class='ocrx_word' id='word_1_486' title='bbox 144 4132 348 4211; x_wconf 83' lang='lat' dir='ltr'>iisintegrum</span> <span class='ocrx_word' id='word_1_487' title='bbox 362 4136 441 4194; x_wconf 87' lang='lat' dir='ltr'>esset</span> <span class='ocrx_word' id='word_1_488' title='bbox 451 4131 603 4201; x_wconf 82' lang='lat' dir='ltr'>omittere,</span> <span class='ocrx_word' id='word_1_489' title='bbox 620 4136 674 4192; x_wconf 89' lang='lat' dir='ltr'>aut</span> <span class='ocrx_word' id='word_1_490' title='bbox 683 4131 815 4194; x_wconf 74' lang='lat' dir='ltr'>alterum</span> <span class='ocrx_word' id='word_1_491' title='bbox 864 4126 1036 4187; x_wconf 87' lang='lat' dir='ltr'>necessario</span> <span class='ocrx_word' id='word_1_492' title='bbox 1045 4142 1223 4186; x_wconf 82' lang='lat' dir='ltr'>connexum</span> <span class='ocrx_word' id='word_1_493' title='bbox 1231 4129 1340 4186; x_wconf 81' lang='lat' dir='ltr'>noctiis</span> <span class='ocrx_word' id='word_1_494' title='bbox 1352 4131 1397 4186; x_wconf 85' lang='lat' dir='ltr'>est</span> <span class='ocrx_word' id='word_1_495' title='bbox 1411 4125 1562 4204; x_wconf 84' lang='lat' dir='ltr'>Christus,</span> <span class='ocrx_word' id='word_1_496' title='bbox 1572 4129 1632 4190; x_wconf 88' lang='lat' dir='ltr'>hoc</span> 
     </span>
     <span class='ocr_line' id='line_1_42' title="bbox 69 4215 1632 4303; baseline 0.001 -21"><span class='ocrx_word' id='word_1_497' title='bbox 69 4218 203 4286; x_wconf 83' lang='lat' dir='ltr'>heodem</span> <span class='ocrx_word' id='word_1_498' title='bbox 216 4225 389 4286; x_wconf 87' lang='lat' dir='ltr'>honestatis</span> <span class='ocrx_word' id='word_1_499' title='bbox 402 4242 515 4303; x_wconf 87' lang='lat' dir='ltr'>genere</span> <span class='ocrx_word' id='word_1_500' title='bbox 527 4223 693 4303; x_wconf 80' lang='lat' dir='ltr'>suscipere.</span> <span class='ocrx_word' id='word_1_501' title='bbox 707 4225 815 4285; x_wconf 88' lang='lat' dir='ltr'>Poste·</span> <span class='ocrx_word' id='word_1_502' title='bbox 864 4236 883 4278; x_wconf 90' lang='lat' dir='ltr'>a</span> <span class='ocrx_word' id='word_1_503' title='bbox 903 4218 1014 4297; x_wconf 88' lang='lat' dir='ltr'>seipso,</span> <span class='ocrx_word' id='word_1_504' title='bbox 1031 4218 1063 4278; x_wconf 91' lang='lat' dir='ltr'>id</span> <span class='ocrx_word' id='word_1_505' title='bbox 1076 4223 1122 4278; x_wconf 91' lang='lat' dir='ltr'>est</span> <span class='ocrx_word' id='word_1_506' title='bbox 1132 4215 1342 4293; x_wconf 90' lang='lat' dir='ltr'>liherehabet,</span> <span class='ocrx_word' id='word_1_507' title='bbox 1357 4235 1422 4278; x_wconf 90' lang='lat' dir='ltr'>non</span> <span class='ocrx_word' id='word_1_508' title='bbox 1433 4236 1472 4280; x_wconf 82' lang='lat' dir='ltr'>ex</span> <span class='ocrx_word' id='word_1_509' title='bbox 1483 4219 1632 4284; x_wconf 83' lang='lat' dir='ltr'>humanae</span> 
     </span>
     <span class='ocr_line' id='line_1_43' title="bbox 68 4307 1631 4396; baseline 0.002 -24"><span class='ocrx_word' id='word_1_510' title='bbox 68 4311 161 4377; x_wconf 79' lang='lat' dir='ltr'>dotem</span> <span class='ocrx_word' id='word_1_511' title='bbox 178 4336 274 4393; x_wconf 89' lang='lat' dir='ltr'>vero,</span> <span class='ocrx_word' id='word_1_512' title='bbox 296 4322 332 4377; x_wconf 91' lang='lat' dir='ltr'>ut</span> <span class='ocrx_word' id='word_1_513' title='bbox 359 4316 398 4378; x_wconf 90' lang='lat' dir='ltr'>ad</span> <span class='ocrx_word' id='word_1_514' title='bbox 421 4322 503 4378; x_wconf 87' lang='lat' dir='ltr'>recte</span> <span class='ocrx_word' id='word_1_515' title='bbox 528 4316 684 4396; x_wconf 86' lang='lat' dir='ltr'>agendum</span> <span class='ocrx_word' id='word_1_516' title='bbox 708 4321 816 4395; x_wconf 86' lang='lat' dir='ltr'>parato</span> <span class='ocrx_word' id='word_1_517' title='bbox 864 4307 1033 4371; x_wconf 82' lang='lat' dir='ltr'>uoluntatis</span> <span class='ocrx_word' id='word_1_518' title='bbox 1059 4309 1231 4384; x_wconf 84' lang='lat' dir='ltr'>electione,</span> <span class='ocrx_word' id='word_1_519' title='bbox 1265 4308 1319 4371; x_wconf 86' lang='lat' dir='ltr'>sed</span> <span class='ocrx_word' id='word_1_520' title='bbox 1333 4310 1457 4372; x_wconf 77' lang='lat' dir='ltr'>divinia.</span> <span class='ocrx_word' id='word_1_521' title='bbox 1475 4312 1631 4385; x_wconf 88' lang='lat' dir='ltr'>Quamob-</span> 
     </span>
     <span class='ocr_line' id='line_1_44' title="bbox 68 4392 1633 4486; baseline 0.001 -21"><span class='ocrx_word' id='word_1_522' title='bbox 68 4392 368 4486; x_wconf 76' lang='lat' dir='ltr'>sempeianimosint,</span> <span class='ocrx_word' id='word_1_523' title='bbox 384 4408 515 4469; x_wconf 85' lang='lat' dir='ltr'>neaniai</span> <span class='ocrx_word' id='word_1_524' title='bbox 528 4409 816 4486; x_wconf 87' lang='lat' dir='ltr'>honestesegerere</span> <span class='ocrx_word' id='word_1_525' title='bbox 865 4420 956 4471; x_wconf 88' lang='lat' dir='ltr'>rem,</span> <span class='ocrx_word' id='word_1_526' title='bbox 991 4403 1076 4482; x_wconf 90' lang='lat' dir='ltr'>quod</span> <span class='ocrx_word' id='word_1_527' title='bbox 1108 4402 1228 4463; x_wconf 83' lang='lat' dir='ltr'>Christo</span> <span class='ocrx_word' id='word_1_528' title='bbox 1255 4402 1427 4463; x_wconf 87' lang='lat' dir='ltr'>secundum</span> <span class='ocrx_word' id='word_1_529' title='bbox 1455 4404 1633 4467; x_wconf 90' lang='lat' dir='ltr'>humanum</span> 
     </span>
     <span class='ocr_line' id='line_1_45' title="bbox 69 4494 1634 4581; baseline 0.001 -22"><span class='ocrx_word' id='word_1_530' title='bbox 69 4499 173 4576; x_wconf 85' lang='lat' dir='ltr'>possint,</span> <span class='ocrx_word' id='word_1_531' title='bbox 199 4519 235 4562; x_wconf 90' lang='lat' dir='ltr'>ae</span> <span class='ocrx_word' id='word_1_532' title='bbox 260 4517 424 4581; x_wconf 90' lang='lat' dir='ltr'>nunquam</span> <span class='ocrx_word' id='word_1_533' title='bbox 450 4499 489 4559; x_wconf 91' lang='lat' dir='ltr'>ab</span> <span class='ocrx_word' id='word_1_534' title='bbox 505 4498 628 4578; x_wconf 88' lang='lat' dir='ltr'>justitia</span> <span class='ocrx_word' id='word_1_535' title='bbox 636 4498 814 4576; x_wconf 87' lang='lat' dir='ltr'>desciscant,</span> <span class='ocrx_word' id='word_1_536' title='bbox 865 4495 1047 4575; x_wconf 88' lang='lat' dir='ltr'>appetitum,</span> <span class='ocrx_word' id='word_1_537' title='bbox 1060 4500 1091 4556; x_wconf 92' lang='lat' dir='ltr'>et</span> <span class='ocrx_word' id='word_1_538' title='bbox 1105 4494 1295 4555; x_wconf 84' lang='lat' dir='ltr'>voluntatem</span> <span class='ocrx_word' id='word_1_539' title='bbox 1308 4496 1519 4557; x_wconf 84' lang='lat' dir='ltr'>necessarium</span> <span class='ocrx_word' id='word_1_540' title='bbox 1532 4506 1589 4575; x_wconf 89' lang='lat' dir='ltr'>est,</span> <span class='ocrx_word' id='word_1_541' title='bbox 1599 4504 1634 4561; x_wconf 92' lang='lat' dir='ltr'>ut</span> 
     </span>
     <span class='ocr_line' id='line_1_46' title="bbox 69 4586 1634 4671; baseline 0.001 -21"><span class='ocrx_word' id='word_1_542' title='bbox 69 4586 164 4651; x_wconf 83' lang='lat' dir='ltr'>hahent</span> <span class='ocrx_word' id='word_1_543' title='bbox 189 4610 254 4654; x_wconf 93' lang='lat' dir='ltr'>non</span> <span class='ocrx_word' id='word_1_544' title='bbox 282 4610 321 4653; x_wconf 81' lang='lat' dir='ltr'>ex</span> <span class='ocrx_word' id='word_1_545' title='bbox 348 4591 494 4671; x_wconf 72' lang='lat' dir='ltr'>presenti</span> <span class='ocrx_word' id='word_1_546' title='bbox 518 4591 625 4652; x_wconf 77' lang='lat' dir='ltr'>liberm</span> <span class='ocrx_word' id='word_1_547' title='bbox 649 4590 817 4653; x_wconf 87' lang='lat' dir='ltr'>voluntatis</span> <span class='ocrx_word' id='word_1_548' title='bbox 866 4588 954 4648; x_wconf 89' lang='lat' dir='ltr'>aliter</span> <span class='ocrx_word' id='word_1_549' title='bbox 977 4587 1101 4648; x_wconf 84' lang='lat' dir='ltr'>evenire</span> <span class='ocrx_word' id='word_1_550' title='bbox 1123 4603 1286 4664; x_wconf 86' lang='lat' dir='ltr'>nunquam</span> <span class='ocrx_word' id='word_1_551' title='bbox 1308 4588 1453 4665; x_wconf 87' lang='lat' dir='ltr'>potuerit,</span> <span class='ocrx_word' id='word_1_552' title='bbox 1470 4588 1503 4650; x_wconf 94' lang='lat' dir='ltr'>id</span> <span class='ocrx_word' id='word_1_553' title='bbox 1522 4608 1634 4652; x_wconf 85' lang='lat' dir='ltr'>secun·</span> 
     </span>
     <span class='ocr_line' id='line_1_47' title="bbox 70 4678 1633 4762; baseline 0.003 -22"><span class='ocrx_word' id='word_1_554' title='bbox 70 4695 125 4753; x_wconf 87' lang='lat' dir='ltr'>usu,</span> <span class='ocrx_word' id='word_1_555' title='bbox 145 4683 292 4762; x_wconf 89' lang='lat' dir='ltr'>quoniam</span> <span class='ocrx_word' id='word_1_556' title='bbox 309 4682 368 4743; x_wconf 85' lang='lat' dir='ltr'>hoe</span> <span class='ocrx_word' id='word_1_557' title='bbox 382 4682 443 4743; x_wconf 90' lang='lat' dir='ltr'>illis</span> <span class='ocrx_word' id='word_1_558' title='bbox 462 4681 596 4743; x_wconf 89' lang='lat' dir='ltr'>liberum</span> <span class='ocrx_word' id='word_1_559' title='bbox 610 4701 675 4743; x_wconf 89' lang='lat' dir='ltr'>non</span> <span class='ocrx_word' id='word_1_560' title='bbox 689 4689 745 4755; x_wconf 90' lang='lat' dir='ltr'>est,</span> <span class='ocrx_word' id='word_1_561' title='bbox 762 4682 815 4742; x_wconf 91' lang='lat' dir='ltr'>sed</span> <span class='ocrx_word' id='word_1_562' title='bbox 865 4678 941 4739; x_wconf 92' lang='lat' dir='ltr'>dum</span> <span class='ocrx_word' id='word_1_563' title='bbox 954 4679 1091 4740; x_wconf 80' lang='lat' dir='ltr'>diuinam</span> <span class='ocrx_word' id='word_1_564' title='bbox 1104 4683 1261 4755; x_wconf 89' lang='lat' dir='ltr'>naturam,</span> <span class='ocrx_word' id='word_1_565' title='bbox 1276 4683 1369 4757; x_wconf 89' lang='lat' dir='ltr'>atque</span> <span class='ocrx_word' id='word_1_566' title='bbox 1382 4697 1558 4758; x_wconf 88' lang='lat' dir='ltr'>personam,</span> <span class='ocrx_word' id='word_1_567' title='bbox 1569 4700 1633 4744; x_wconf 91' lang='lat' dir='ltr'>non</span> 
     </span>
     <span class='ocr_line' id='line_1_48' title="bbox 69 4770 1633 4854; baseline 0 -18"><span class='ocrx_word' id='word_1_568' title='bbox 69 4776 266 4852; x_wconf 75' lang='lat' dir='ltr'>moesmrium,</span> <span class='ocrx_word' id='word_1_569' title='bbox 288 4792 400 4835; x_wconf 86' lang='lat' dir='ltr'>verum</span> <span class='ocrx_word' id='word_1_570' title='bbox 414 4792 454 4836; x_wconf 87' lang='lat' dir='ltr'>ex</span> <span class='ocrx_word' id='word_1_571' title='bbox 473 4791 521 4852; x_wconf 89' lang='lat' dir='ltr'>eo,</span> <span class='ocrx_word' id='word_1_572' title='bbox 536 4774 620 4854; x_wconf 91' lang='lat' dir='ltr'>quod</span> <span class='ocrx_word' id='word_1_573' title='bbox 634 4791 706 4835; x_wconf 86' lang='lat' dir='ltr'>cum</span> <span class='ocrx_word' id='word_1_574' title='bbox 720 4774 751 4833; x_wconf 81' lang='lat' dir='ltr'>to</span> <span class='ocrx_word' id='word_1_575' title='bbox 764 4773 816 4836; x_wconf 82' lang='lat' dir='ltr'>oio</span> <span class='ocrx_word' id='word_1_576' title='bbox 864 4771 957 4832; x_wconf 90' lang='lat' dir='ltr'>modo</span> <span class='ocrx_word' id='word_1_577' title='bbox 983 4776 1200 4850; x_wconf 88' lang='lat' dir='ltr'>spontaneum,</span> <span class='ocrx_word' id='word_1_578' title='bbox 1218 4770 1272 4832; x_wconf 90' lang='lat' dir='ltr'>sed</span> <span class='ocrx_word' id='word_1_579' title='bbox 1293 4771 1386 4833; x_wconf 89' lang='lat' dir='ltr'>etiam</span> <span class='ocrx_word' id='word_1_580' title='bbox 1404 4771 1540 4834; x_wconf 89' lang='lat' dir='ltr'>liberum</span> <span class='ocrx_word' id='word_1_581' title='bbox 1559 4775 1633 4836; x_wconf 88' lang='lat' dir='ltr'>dioi-</span> 
     </span>
     <span class='ocr_line' id='line_1_49' title="bbox 69 4861 1632 4945; baseline 0 -19"><span class='ocrx_word' id='word_1_582' title='bbox 69 4866 97 4920; x_wconf 71' lang='grc' dir='ltr'>ιι</span> <span class='ocrx_word' id='word_1_583' title='bbox 114 4865 218 4929; x_wconf 77' lang='lat' dir='ltr'>schole</span> <span class='ocrx_word' id='word_1_584' title='bbox 242 4868 426 4945; x_wconf 89' lang='lat' dir='ltr'>loquuntur,</span> <span class='ocrx_word' id='word_1_585' title='bbox 455 4865 556 4926; x_wconf 87' lang='lat' dir='ltr'>adhue</span> <span class='ocrx_word' id='word_1_586' title='bbox 583 4870 697 4941; x_wconf 90' lang='lat' dir='ltr'>essent,</span> <span class='ocrx_word' id='word_1_587' title='bbox 724 4864 758 4925; x_wconf 92' lang='lat' dir='ltr'>in</span> <span class='ocrx_word' id='word_1_588' title='bbox 778 4883 815 4926; x_wconf 86' lang='lat' dir='ltr'>ea</span> <span class='ocrx_word' id='word_1_589' title='bbox 864 4867 933 4936; x_wconf 90' lang='lat' dir='ltr'>tur;</span> <span class='ocrx_word' id='word_1_590' title='bbox 950 4862 1044 4942; x_wconf 94' lang='lat' dir='ltr'>idque</span> <span class='ocrx_word' id='word_1_591' title='bbox 1064 4862 1186 4923; x_wconf 88' lang='lat' dir='ltr'>habeta</span> <span class='ocrx_word' id='word_1_592' title='bbox 1198 4861 1310 4939; x_wconf 88' lang='lat' dir='ltr'>seipso,</span> <span class='ocrx_word' id='word_1_593' title='bbox 1326 4863 1385 4921; x_wconf 90' lang='lat' dir='ltr'>hoc</span> <span class='ocrx_word' id='word_1_594' title='bbox 1402 4869 1449 4923; x_wconf 90' lang='lat' dir='ltr'>est</span> <span class='ocrx_word' id='word_1_595' title='bbox 1464 4863 1562 4925; x_wconf 88' lang='lat' dir='ltr'>libero</span> <span class='ocrx_word' id='word_1_596' title='bbox 1575 4882 1632 4926; x_wconf 88' lang='lat' dir='ltr'>suo</span> 
     </span>
     <span class='ocr_line' id='line_1_50' title="bbox 32 4952 1632 5037; baseline -0.001 -17"><span class='ocrx_word' id='word_1_597' title='bbox 32 4954 35 4962; x_wconf 49' lang='lat'><strong>⁴</strong></span> <span class='ocrx_word' id='word_1_598' title='bbox 69 4955 158 5032; x_wconf 64' lang='lat' dir='ltr'>mstis,</span> <span class='ocrx_word' id='word_1_599' title='bbox 173 4958 493 5037; x_wconf 73' lang='lat' dir='ltr'>etjsistitia„qaacum</span> <span class='ocrx_word' id='word_1_600' title='bbox 512 4957 608 5019; x_wconf 86' lang='lat' dir='ltr'>creati</span> <span class='ocrx_word' id='word_1_601' title='bbox 620 4960 704 5030; x_wconf 88' lang='lat' dir='ltr'>sunt,</span> <span class='ocrx_word' id='word_1_602' title='bbox 719 4955 814 5017; x_wconf 88' lang='lat' dir='ltr'>libere</span> <span class='ocrx_word' id='word_1_603' title='bbox 863 4952 994 5014; x_wconf 91' lang='lat' dir='ltr'>arbitrio</span> <span class='ocrx_word' id='word_1_604' title='bbox 1006 4973 1071 5015; x_wconf 90' lang='lat' dir='ltr'>non</span> <span class='ocrx_word' id='word_1_605' title='bbox 1079 4955 1232 5029; x_wconf 86' lang='lat' dir='ltr'>humano,</span> <span class='ocrx_word' id='word_1_606' title='bbox 1247 4954 1300 5014; x_wconf 88' lang='lat' dir='ltr'>sed</span> <span class='ocrx_word' id='word_1_607' title='bbox 1314 4953 1435 5015; x_wconf 89' lang='lat' dir='ltr'>divino:</span> <span class='ocrx_word' id='word_1_608' title='bbox 1456 4956 1632 5029; x_wconf 70' lang='lat' dir='ltr'>«Quamvis</span> 
     </span>
     <span class='ocr_line' id='line_1_51' title="bbox 68 5045 1634 5126; baseline 0.003 -19"><span class='ocrx_word' id='word_1_609' title='bbox 68 5060 176 5110; x_wconf 85' lang='lat' dir='ltr'>manere</span> <span class='ocrx_word' id='word_1_610' title='bbox 200 5050 421 5125; x_wconf 80' lang='lat' dir='ltr'>decreverunt,</span> <span class='ocrx_word' id='word_1_611' title='bbox 449 5066 523 5109; x_wconf 92' lang='lat' dir='ltr'>cum</span> <span class='ocrx_word' id='word_1_612' title='bbox 545 5047 584 5107; x_wconf 88' lang='lat' dir='ltr'>ab</span> <span class='ocrx_word' id='word_1_613' title='bbox 611 5047 665 5108; x_wconf 85' lang='lat' dir='ltr'>illa</span> <span class='ocrx_word' id='word_1_614' title='bbox 689 5053 814 5126; x_wconf 86' lang='lat' dir='ltr'>possent</span> <span class='ocrx_word' id='word_1_615' title='bbox 864 5045 960 5122; x_wconf 92' lang='lat' dir='ltr'>enim,</span> <span class='ocrx_word' id='word_1_616' title='bbox 975 5045 1019 5106; x_wconf 88' lang='lat' dir='ltr'>ait</span> <span class='ocrx_word' id='word_1_617' title='bbox 1034 5046 1210 5121; x_wconf 83' lang='lat' dir='ltr'>Anselmus,</span> <span class='ocrx_word' id='word_1_618' title='bbox 1228 5047 1634 5112; x_wconf 86' lang='lat' dir='ltr'>humananatursadivina</span> 
     </span>
     <span class='ocr_line' id='line_1_52' title="bbox 69 5133 1629 5219; baseline 0.004 -22"><span class='ocrx_word' id='word_1_619' title='bbox 69 5133 189 5218; x_wconf 80' lang='lat' dir='ltr'>deficere,</span> <span class='ocrx_word' id='word_1_620' title='bbox 209 5142 235 5202; x_wconf 86' lang='lat' dir='ltr'>si</span> <span class='ocrx_word' id='word_1_621' title='bbox 256 5140 381 5202; x_wconf 81' lang='lat' dir='ltr'>vellent.</span> <span class='ocrx_word' id='word_1_622' title='bbox 406 5140 520 5201; x_wconf 85' lang='lat' dir='ltr'>liinoa</span> <span class='ocrx_word' id='word_1_623' title='bbox 540 5138 647 5219; x_wconf 86' lang='lat' dir='ltr'>seipsis</span> <span class='ocrx_word' id='word_1_624' title='bbox 662 5138 814 5217; x_wconf 87' lang='lat' dir='ltr'>justitiam</span> <span class='ocrx_word' id='word_1_625' title='bbox 864 5136 986 5213; x_wconf 86' lang='lat' dir='ltr'>habeat,</span> <span class='ocrx_word' id='word_1_626' title='bbox 1009 5138 1092 5217; x_wconf 92' lang='lat' dir='ltr'>quod</span> <span class='ocrx_word' id='word_1_627' title='bbox 1108 5136 1245 5213; x_wconf 88' lang='lat' dir='ltr'>habebit,</span> <span class='ocrx_word' id='word_1_628' title='bbox 1269 5136 1352 5199; x_wconf 90' lang='lat' dir='ltr'>idem</span> <span class='ocrx_word' id='word_1_629' title='bbox 1371 5142 1477 5199; x_wconf 86' lang='lat' dir='ltr'>tamen</span> <span class='ocrx_word' id='word_1_630' title='bbox 1490 5141 1629 5219; x_wconf 89' lang='lat' dir='ltr'>aseipso,</span> 
     </span>
     <span class='ocr_line' id='line_1_53' title="bbox 68 5223 1629 5312; baseline 0.003 -25"><span class='ocrx_word' id='word_1_631' title='bbox 68 5223 164 5292; x_wconf 77' lang='lat' dir='ltr'>lubere</span> <span class='ocrx_word' id='word_1_632' title='bbox 184 5232 255 5293; x_wconf 87' lang='lat' dir='ltr'>illos</span> <span class='ocrx_word' id='word_1_633' title='bbox 278 5232 322 5293; x_wconf 87' lang='lat' dir='ltr'>ait</span> <span class='ocrx_word' id='word_1_634' title='bbox 343 5232 525 5308; x_wconf 75' lang='lat' dir='ltr'>asselinus,</span> <span class='ocrx_word' id='word_1_635' title='bbox 555 5248 592 5292; x_wconf 92' lang='lat' dir='ltr'>eo</span> <span class='ocrx_word' id='word_1_636' title='bbox 617 5228 721 5304; x_wconf 90' lang='lat' dir='ltr'>modo,</span> <span class='ocrx_word' id='word_1_637' title='bbox 751 5248 813 5308; x_wconf 92' lang='lat' dir='ltr'>quo</span> <span class='ocrx_word' id='word_1_638' title='bbox 867 5227 1024 5309; x_wconf 82' lang='lat' dir='ltr'>(quoniam</span> <span class='ocrx_word' id='word_1_639' title='bbox 1048 5229 1118 5291; x_wconf 82' lang='lat' dir='ltr'>duae</span> <span class='ocrx_word' id='word_1_640' title='bbox 1141 5237 1261 5292; x_wconf 88' lang='lat' dir='ltr'>naturae</span> <span class='ocrx_word' id='word_1_641' title='bbox 1283 5245 1348 5290; x_wconf 91' lang='lat' dir='ltr'>una</span> <span class='ocrx_word' id='word_1_642' title='bbox 1367 5247 1502 5309; x_wconf 89' lang='lat' dir='ltr'>persona</span> <span class='ocrx_word' id='word_1_643' title='bbox 1528 5231 1629 5312; x_wconf 84' lang='lat' dir='ltr'>erunt)</span> 
     </span>
     <span class='ocr_line' id='line_1_54' title="bbox 68 5320 1029 5404; baseline -0.004 -23"><span class='ocrx_word' id='word_1_644' title='bbox 68 5326 163 5384; x_wconf 77' lang='lat' dir='ltr'>oute</span> <span class='ocrx_word' id='word_1_645' title='bbox 193 5330 314 5385; x_wconf 88' lang='lat' dir='ltr'>mentes</span> <span class='ocrx_word' id='word_1_646' title='bbox 342 5342 431 5404; x_wconf 88' lang='lat' dir='ltr'>posse</span> <span class='ocrx_word' id='word_1_647' title='bbox 458 5341 532 5384; x_wconf 90' lang='lat' dir='ltr'>ase</span> <span class='ocrx_word' id='word_1_648' title='bbox 563 5322 707 5385; x_wconf 87' lang='lat' dir='ltr'>dicuntur</span> <span class='ocrx_word' id='word_1_649' title='bbox 727 5321 814 5383; x_wconf 75' lang='lat' dir='ltr'>sshm</span> <span class='ocrx_word' id='word_1_650' title='bbox 864 5320 1000 5381; x_wconf 88' lang='lat' dir='ltr'>habebit.</span> <span class='ocrx_word' id='word_1_651' title='bbox 1015 5346 1029 5375; x_wconf 71' lang='lat' dir='ltr'>s</span> 
     </span>
     <span class='ocr_line' id='line_1_55' title="bbox 69 5408 1632 5496; baseline 0.001 -21"><span class='ocrx_word' id='word_1_652' title='bbox 69 5408 185 5489; x_wconf 79' lang='lat' dir='ltr'>hubem3</span> <span class='ocrx_word' id='word_1_653' title='bbox 207 5415 457 5496; x_wconf 87' lang='lat' dir='ltr'>quandoquidem</span> <span class='ocrx_word' id='word_1_654' title='bbox 481 5415 631 5490; x_wconf 87' lang='lat' dir='ltr'>absolute,</span> <span class='ocrx_word' id='word_1_655' title='bbox 660 5418 752 5494; x_wconf 89' lang='lat' dir='ltr'>atque</span> <span class='ocrx_word' id='word_1_656' title='bbox 775 5430 813 5473; x_wconf 84' lang='lat' dir='ltr'>ex</span> <span class='ocrx_word' id='word_1_657' title='bbox 903 5413 972 5473; x_wconf 87' lang='lat' dir='ltr'>llll.</span> <span class='ocrx_word' id='word_1_658' title='bbox 995 5413 1069 5486; x_wconf 84' lang='lat' dir='ltr'>Quae</span> <span class='ocrx_word' id='word_1_659' title='bbox 1077 5411 1209 5474; x_wconf 83' lang='lat' dir='ltr'>verbosi</span> <span class='ocrx_word' id='word_1_660' title='bbox 1223 5411 1517 5492; x_wconf 84' lang='lat' dir='ltr'>attentiuslegerent</span> <span class='ocrx_word' id='word_1_661' title='bbox 1525 5416 1632 5477; x_wconf 90' lang='lat' dir='ltr'>adver-</span> 
     </span>
     <span class='ocr_line' id='line_1_56' title="bbox 69 5503 1631 5587; baseline 0.005 -24"><span class='ocrx_word' id='word_1_662' title='bbox 69 5504 176 5584; x_wconf 87' lang='lat' dir='ltr'>propria</span> <span class='ocrx_word' id='word_1_663' title='bbox 187 5506 359 5570; x_wconf 86' lang='lat' dir='ltr'>conditione</span> <span class='ocrx_word' id='word_1_664' title='bbox 372 5511 498 5587; x_wconf 86' lang='lat' dir='ltr'>possent</span> <span class='ocrx_word' id='word_1_665' title='bbox 508 5505 639 5585; x_wconf 85' lang='lat' dir='ltr'>abjicere</span> <span class='ocrx_word' id='word_1_666' title='bbox 645 5504 810 5585; x_wconf 86' lang='lat' dir='ltr'>justitiam.</span> <span class='ocrx_word' id='word_1_667' title='bbox 862 5504 945 5582; x_wconf 85' lang='lat' dir='ltr'>sarii,</span> <span class='ocrx_word' id='word_1_668' title='bbox 966 5523 1129 5585; x_wconf 90' lang='lat' dir='ltr'>nunquam</span> <span class='ocrx_word' id='word_1_669' title='bbox 1153 5503 1202 5566; x_wconf 89' lang='lat' dir='ltr'>sui</span> <span class='ocrx_word' id='word_1_670' title='bbox 1223 5503 1376 5567; x_wconf 86' lang='lat' dir='ltr'>fautorem</span> <span class='ocrx_word' id='word_1_671' title='bbox 1401 5506 1516 5571; x_wconf 85' lang='lat' dir='ltr'>erroris</span> <span class='ocrx_word' id='word_1_672' title='bbox 1540 5506 1631 5570; x_wconf 91' lang='lat' dir='ltr'>illum</span> 
     </span>
    </p>
   </div>
   <div class='ocr_carea' id='block_1_3' title="bbox 0 0 1978 6165">
    <p class='ocr_par' dir='ltr' id='par_1_3' title="bbox 0 0 1978 6165">
     <span class='ocr_line' id='line_1_57' title="bbox 0 0 1978 6165; baseline 0 0"><span class='ocrx_word' id='word_1_673' title='bbox 0 0 1978 6165; x_wconf 95' lang='lat' dir='ltr'> </span> 
     </span>
    </p>
   </div>
  </div>
 </body>
</html>
