4096 6166
724 383 836 447 LIBER
856 381 973 451 UNUS,
996 382 1083 446 CAP.
1106 385 1144 446 X.
1665 385 1725 446 sat

132 546 174 608 in
211 546 312 630 capite
345 565 367 607 r
394 549 538 611 sessionis
573 549 657 612 illins
683 550 726 612 ita
753 548 909 611 desernit:
961 550 1053 611 Mitto
1066 549 1196 630 reliqua,
1207 567 1277 629 quaa
1287 553 1319 611 et
1332 537 1442 611 eodem
1460 544 1526 621 illo,
1541 553 1572 610 et
1592 549 1733 628 sequenti

137 661 156 697 ιι
180 640 323 702 Declarat
335 647 495 721 praeterea,
511 642 608 722 ipsius
618 642 846 722 justificationis
861 659 913 703 ex·
961 643 1060 722 eapite
1067 643 1213 722 disputat,
1228 643 1310 702 Tum
1321 642 1354 702 in
1364 641 1732 721 recognitionelihrorum

134 732 268 794 ordiam
290 733 404 795 adultis
432 754 452 795 a
473 735 528 795 Dei
551 753 607 815 per
626 734 783 796 Christum
802 735 913 795 desum
960 732 996 794 de
1006 739 1116 814 prosto,
1129 741 1157 795 et
1166 733 1260 795 libero
1280 731 1415 809 arbitrri),
1430 733 1468 793 ad
1483 738 1642 812 eaputxu,
1660 732 1734 794 uhe-

134 824 357 903 prrereniente
372 826 470 904 gratia
484 827 672 891 sumendum
691 844 766 903 esse,
781 825 841 887 hoo
854 830 910 902 est,
960 825 1037 901 rins,
1049 832 1080 887 et
1092 826 1229 907 apertius
1243 825 1382 907 ejusdem
1406 824 1601 886 efficientiam
1624 825 1732 904 gratim

132 914 180 976 ab
195 914 262 994 ejus
271 919 444 992 voradone,
460 936 522 997 qua
546 919 642 979 nullis
655 936 762 980 eorum
779 917 912 979 existen·
960 917 1106 994 declarat,
1126 937 1221 998 quarn
1251 918 1297 979 ait
1320 934 1385 979 esse
1400 938 1416 975 ι
1439 916 1684 997 persuasionem,
1701 921 1733 977 et

132 1006 227 1070 tibus
241 1009 359 1071 meritis
383 1015 545 1085 vorantur,
562 1018 598 1073 ut
611 1010 735 1091 quiper
756 1015 912 1091 pesestas
960 1011 1111 1072 moralem
1127 1011 1297 1073 motionem
1312 1009 1489 1087 voluntatis,
1501 1027 1572 1089 quaa
1586 1013 1732 1071 movetur

133 1101 206 1162 Deo
220 1101 320 1163 aversi
333 1107 434 1180 erant,
450 1120 506 1182 per
519 1103 586 1183 ejus
604 1103 802 1177 excitantem,
818 1108 911 1181 atque
960 1101 1115 1164 mediante
1129 1102 1287 1165 intellectu
1305 1108 1499 1184 proponente
1522 1101 1688 1180 objectum.
1711 1121 1728 1160 ι)

132 1192 343 1272 adjuvantem
356 1184 486 1274 gratiam
501 1195 542 1255 ad
553 1195 798 1257 convertendum
813 1212 855 1268 se,
871 1194 910 1255 ad
961 1195 996 1254 ln
1003 1194 1387 1276 quo'l'ridentinssynodo
1394 1194 1582 1255 adamussim
1588 1193 1730 1273 quadrat,

127 1301 229 1365 ⁴suam
247 1286 386 1365 ipsorum
401 1286 664 1365 justificationem,
681 1287 782 1348 eidem
803 1286 911 1365 gratiae
960 1304 1030 1364 quse
1041 1286 1305 1349 illuminationem
1313 1292 1404 1349 vocat
1412 1286 1632 1366 aspirationem
1643 1285 1730 1346 illam

131 1375 237 1438 libere
251 1379 456 1453 assentiendo,
471 1385 502 1440 et
522 1379 716 1459 cooperando
743 1378 910 1458 disponan-
959 1377 1078 1456 gratita
1095 1379 1133 1440 Et
1145 1379 1294 1441 hactenus
1309 1379 1436 1459 quidem
1449 1378 1600 1439 catholiea
1613 1377 1729 1458 profes·

131 1472 192 1529 tur
212 1468 267 1543 ita,
296 1477 343 1548 nt,
371 1475 520 1550 tangente
545 1473 608 1533 Deo
629 1489 683 1533 eor
696 1470 834 1531 hominis
855 1488 911 1550 per
960 1469 1245 1543 sio,aoneeessaria
1264 1471 1337 1533 fidei
1362 1469 1662 1549 doetrinsprooedit.
1678 1470 1726 1544 Et,

133 1559 274 1640 Spiritus
286 1563 385 1622 saneti
406 1562 679 1635 illuminationem,
701 1580 803 1642 neque
815 1562 911 1623 homo
960 1562 1116 1624 siveram
1139 1564 1320 1644 quaerimus,
1334 1562 1415 1624 nihil
1435 1562 1518 1623 ultra
1539 1562 1667 1624 tendere
1683 1565 1731 1623 est

131 1651 205 1732 ipse
216 1652 439 1715 nihilomnino
466 1660 547 1734 agat,
562 1654 796 1734 inspirationem
824 1653 910 1714 illam
960 1672 1056 1735 opus;
1072 1674 1184 1736 neque,
1196 1656 1296 1735 qualis
1309 1654 1349 1717 sit
1362 1652 1527 1716 efficientis
1540 1653 1594 1714 illa
1606 1652 1726 1732 gratim

132 1744 303 1824 resipiens,
318 1745 433 1827 quippe
440 1745 495 1825 qui
503 1747 601 1823 illam,
609 1750 640 1807 et
648 1746 780 1826 ahjiaere
789 1750 908 1826 potest:
960 1759 1015 1808 aut
1036 1749 1301 1828 quemadmodum
1323 1747 1517 1807 voluntatem
1536 1745 1665 1817 excitet,
1693 1763 1730 1806 ae

132 1854 242 1916 neque
255 1842 361 1899 tamen
384 1837 450 1898 sine
477 1838 577 1918 gratia
597 1838 652 1899 Dei
674 1854 802 1901 movere
826 1854 858 1897 se
872 1836 911 1897 ad
960 1857 1032 1901 eum
1056 1840 1122 1919 ejus
1139 1839 1280 1901 libertate
1313 1837 1495 1913 consentiat,
1511 1837 1589 1898 seire
1603 1837 1731 1898 interest

128 1927 289 2007 justitiam
317 1947 422 1991 eoram
447 1929 501 1991 illo
534 1930 632 1992 libera
661 1948 718 1991 sua
750 1929 911 1993 voluntate
959 1930 1043 1991 illius
1053 1931 1137 2004 fidei,
1152 1950 1215 2011 qua
1241 1930 1406 1991 Christiani
1417 1946 1535 1990 snmus.
1551 1928 1731 2007 cujusmodi

131 2022 245 2100 possit.
262 2022 406 2101 »Tangit
428 2026 502 2102 ergo
516 2040 569 2084 eor
591 2021 726 2083 hominis
739 2022 831 2096 Deus,
847 2038 912 2082 non
967 2048 981 2076 ι
1000 2023 1226 2103 profundiores,
1242 2021 1491 2101 difficilioresque
1503 2026 1607 2101 partes
1627 2021 1731 2082 incur·

134 2112 911 2194 utiquelorinsecus,utPelagiusaiebat,tanquam
959 2116 1096 2177 rentium
1110 2114 1330 2195 questionum,
1346 2139 1360 2168 »
1382 2118 1417 2174 ut
1429 2113 1609 2174 Caelestinus
1628 2112 1731 2192 loqui·

134 2205 209 2284 lege
222 2224 259 2267 aa
282 2205 423 2267 doctrina
435 2206 603 2287 proposita,
627 2206 681 2268 sad
694 2204 824 2266 interius
847 2223 914 2265 rno-
960 2211 1013 2267 tur
1031 2227 1133 2288 neque
1155 2207 1215 2268 looi
1240 2212 1285 2268 est
1315 2206 1410 2286 hujus
1435 2205 1604 2284 attingere,
1629 2223 1731 2285 neque

134 2315 230 2372 vens,
245 2305 276 2360 et
288 2297 480 2372 illuminans,
495 2298 539 2360 ita
551 2304 668 2365 tamen,
683 2302 719 2359 ut
736 2297 832 2358 libere
852 2296 913 2357 ins·
961 2300 1106 2377 consilii,
1131 2318 1168 2360 ae
1198 2298 1349 2379 propositi
1371 2298 1430 2359 erit
1456 2315 1608 2376 unquam,
1631 2296 1731 2358 donee

136 2390 574 2470 pirationemillamyoluntas
584 2390 722 2471 resipiat.
732 2390 807 2463 Qum
815 2388 913 2450 libera
962 2392 1028 2469 ejus
1049 2391 1096 2453 rei
1110 2391 1331 2471 pertractandas
1345 2388 1526 2450 auctoritate
1537 2388 1618 2448 sedis
1632 2386 1730 2468 Apos-

136 2482 277 2563 rereptio
290 2481 324 2542 in
357 2500 405 2555 eo,
427 2488 464 2543 ut
491 2483 534 2543 ait
556 2482 705 2562 synodus,
730 2480 829 2560 posita
855 2485 911 2557 est,
960 2483 1058 2545 tolient
1071 2488 1204 2563 potestas
1217 2482 1281 2542 fiat.
1322 2480 1557 2542 Meminerimus
1590 2480 1729 2557 interim,

138 2574 225 2655 quod
242 2574 285 2635 sie
306 2574 451 2648 admittit,
480 2579 515 2634 ut
539 2591 620 2651 eam,
642 2573 669 2634 si
693 2572 796 2647 vellet,
812 2576 914 2652 posset
961 2575 1045 2655 quod
1058 2575 1227 2655 prudenter
1237 2574 1385 2634 admonet
1402 2571 1535 2652 cyrillus
1547 2570 1730 2632 Alexandri-

138 2665 285 2745 ahjieere.
308 2666 383 2740 Quae
404 2665 501 2727 verba
518 2682 676 2728 novorum
697 2663 914 2743 theologorum
961 2673 1050 2738 nust,
1065 2684 1076 2721 ι
1091 2663 1342 2743 supervacaneas
1350 2660 1582 2741 disputationes,
1589 2659 1732 2721 nimiam·

139 2763 357 2820 commentum
365 2757 477 2819 trabali
495 2758 557 2819 telo
570 2757 762 2819 confodiunt.
962 2775 1023 2837 que
1035 2756 1116 2818 eirea
1126 2755 1309 2836 qrmstiones
1321 2753 1451 2815 minime
1461 2752 1646 2814 necessarias
1660 2770 1732 2812 oon·

183 2849 390 2911 Bellarminus
410 2867 486 2912 vero
500 2849 611 2911 diserte
629 2849 810 2910 interiorem
822 2847 911 2928 illap·
960 2849 1133 2911 tentionem
1155 2865 1304 2928 generare
1333 2863 1463 2926 pugnas,
1480 2851 1512 2906 et
1537 2843 1732 2906 audientium

140 2959 215 3004 sum
226 2943 335 3021 gratiae
349 2941 446 3022 eapite
458 2942 512 3003 illo
531 2960 576 3005 ιιιι
596 2940 747 3016 defendit3
767 2955 862 3020 quam
874 2958 913 3002 ex
962 2943 1082 3002 animos
1094 2941 1225 3002 ferire.»
1256 2940 1337 2999 Tum
1352 2944 1435 2999 reate
1449 2937 1598 3016 seriptum
1612 2953 1677 2997 esse
1691 2935 1731 2996 ah

140 3034 318 3113 Augustino
342 3033 415 3096 dicit
426 3051 491 3096 esse
509 3035 726 3109 «suasionem,
741 3032 915 3113 inspiratio-
963 3028 1368 3105 FaeundoHermianensi1,
1388 3050 1404 3086 ι
1425 3029 1506 3090 Satis
1527 3045 1594 3088 non
1614 3044 1679 3088 esse
1691 3028 1732 3088 ad

139 3143 230 3199 nem,
244 3125 383 3187 visorum
402 3125 638 3202 immissionem,
655 3125 811 3186 internam
825 3143 914 3189 voea-
962 3124 1206 3197 eontentionem,
1231 3123 1315 3203 quod
1350 3120 1487 3182 abundat
1512 3120 1552 3180 ad
1576 3118 1686 3195 lidem3
1711 3144 1726 3174 ι

139 3217 302 3278 tionem.»
325 3221 368 3278 Ae
377 3217 521 3297 subinde,
541 3239 557 3276 ι
576 3217 672 3278 Vides
692 3217 744 3278 hie
766 3216 912 3296 gratiam,
962 3217 1089 3297 quippe,
1104 3215 1284 3277 ntllilarins
1309 3212 1383 3288 ait¹,
1412 3237 1426 3266 ι
1447 3230 1512 3273 non
1525 3229 1582 3291 per
1595 3210 1733 3272 difficiles

138 3309 256 3389 inquit,
271 3309 325 3370 Dei
352 3309 517 3384 efficacem,
541 3327 612 3389 que
624 3308 797 3370 infidelium
821 3307 913 3369 eorda
962 3327 1020 3369 nos
1032 3312 1113 3370 Dens
1124 3308 1164 3369 ad
1175 3308 1299 3369 beatam
1312 3303 1726 3384 vitemquestionesvoest.»

138 3400 306 3469 convertit,
315 3406 347 3461 et
354 3401 757 3480 voluntatembonsm,quoe
767 3405 913 3479 operatur
963 3401 1017 3461 His
1030 3401 1145 3480 itaque,
1163 3418 1225 3479 qua
1243 3398 1386 3479 synodali
1408 3396 1590 3457 austeritate
1604 3395 1731 3456 delinita

137 3491 286 3567 innubis,
303 3510 368 3553 esse
381 3493 575 3553 vocationem
590 3491 696 3567 altam,
712 3498 805 3572 atque
817 3508 913 3552 saere-
961 3498 1044 3567 sunt,
1059 3498 1096 3554 ut
1117 3491 1278 3553 inteteris
1299 3489 1372 3551 lidei
1391 3488 1495 3563 rebus,
1515 3487 1559 3548 sia
1574 3488 1608 3549 in
1620 3488 1679 3549 hae
1692 3487 1731 3550 de

120 3589 219 3660 tam,
233 3602 303 3664 qum
328 3601 454 3645 sensum
473 3584 643 3662 internum,
657 3583 690 3645 id
713 3589 759 3646 est
775 3589 912 3646 mentem
961 3585 1060 3660 gratia
1093 3583 1204 3647 Christi
1236 3581 1443 3662 disputahme
1477 3585 1639 3641 contentos
1665 3597 1731 3641 esse

136 3675 217 3755 ugit,
240 3680 333 3756 atque
346 3676 392 3736 illi
405 3676 579 3756 persuadet,
594 3682 630 3737 ut
643 3694 829 3738 eonsensum
842 3677 913 3738 doe»
962 3677 1056 3757 hugi,
1070 3694 1106 3737 ao
1120 3675 1296 3737 moderatos
1307 3671 1468 3751 theologos
1488 3668 1621 3751 oportet,

136 3767 243 3842 trinae,
267 3786 336 3848 quae
356 3768 415 3829 sihi
427 3768 630 3849 predioatur,
650 3769 871 3831 accommodet.
893 3788 910 3828 ι

176 3975 198 4015 ιι
216 3959 310 4016 Grata.
327 3959 375 4016 lib.
394 3960 454 4017 Vlll
471 3959 508 4016 ds
525 3959 657 4018 Aderat.
673 3962 706 4016 to
718 3961 799 4033 Sptr.
820 3960 849 4014 tt
860 3958 907 4032 γὰρ
958 3978 1007 4023 aare
1021 3959 1218 4033 ιὸκᾶιιγιιιας,
1232 3964 1337 4033 γιιιῶσι
1352 3959 1444 4032 μάχας,
1458 3957 1555 4012 καὶτὸν
1569 3962 1620 4013 τῶν
1634 3956 1730 4031 tarpea-

136 4041 252 4115 περιτταὶ
265 4041 391 4107 διαλέξεις,
402 4042 443 4098 ml
463 4043 493 4098 rh
513 4045 651 4115 φιλόνεικοι
664 4045 753 4117 κομιδῆ
767 4044 824 4115 περὶ
837 4045 912 4112 {prd-
960 4044 1040 4115 μένων
1053 4043 1168 4099 mmmm
1181 4047 1249 4098 ιοῦν.
1306 4121 1311 4129 Ι

166 4211 178 4257 l
194 4211 246 4258 Fas.
258 4210 282 4255 in
297 4210 453 4266 aaa,t.111.-
465 4211 480 4256 l
490 4211 539 4257 lat,
551 4212 588 4257 ¹1.
