3934 6172
403 403 451 464 be
471 402 629 465 orleteile
650 402 724 465 SEX
744 400 905 477 DIERUM,
927 399 1001 461 LIB.
1024 398 1048 472 l,
1070 396 1157 458 GAP.
1181 397 1232 456 lX.
1554 394 1611 455 187

62 575 295 649 oomoupora
312 566 448 643 Sublato,
463 567 647 647 crurifragio
661 574 795 633 mortem
844 567 1027 628 dissomnss
1039 562 1241 625 hebdomades
1254 560 1468 625 nominabunt.
1484 561 1612 622 Peracto

61 663 341 735 mimicasque
365 660 477 739 deponi
502 678 520 723 e
546 679 636 723 cruce
660 669 793 741 possent.
844 658 941 739 igitur
962 657 1037 719 orbs
1049 661 1169 736 septem
1191 654 1325 731 dierum,
1340 653 1468 733 ipsoque
1490 652 1612 732 expleto

61 755 131 829 Quod
153 770 267 817 necem
294 768 360 815 nou
383 751 452 830 fuit,
485 753 513 813 ai
537 771 602 815 nox
628 754 796 833 insequens
844 751 983 826 sabbato,
998 749 1082 828 quod
1096 747 1253 809 occidente
1272 746 1336 809 sole
1350 745 1449 819 desiit,
1471 748 1614 826 sequenti

62 850 222 919 Pamsceres,
244 862 309 906 uon
322 844 442 908 sabbati
455 862 527 925 pars
554 851 644 909 esset.
668 847 797 910 Videat
844 842 1070 913 metumedia,
1100 858 1171 920 quse
1196 840 1288 919 coepit
1317 837 1395 899 feria
1419 839 1519 916 prima
1545 847 1615 918 post

61 938 198 1018 Augustini
205 938 307 999 locum
315 936 580 1016 illumpauloante
589 938 794 1018 descriptum,
845 935 1019 1010 sabbatum,
1046 934 1104 995 hoc
1124 932 1218 994 modo
1235 950 1299 993 nox
1319 931 1383 1001 illa,
1404 949 1474 1010 quse
1494 931 1614 994 sabbati

10 1060 28 1105 f,
60 1029 797 1112 eanodnoillecouoluduntnr3Paruscevenpro
844 1027 947 1088 lucem
969 1026 1093 1104 excipit,
1121 1042 1193 1104 pars
1217 1030 1263 1085 est
1284 1024 1370 1085 ierim
1384 1025 1504 1103 primae.
1526 1025 1614 1098 Quod

10 1125 36 1211 ξ’
61 1125 113 1204 pric
127 1124 229 1184 dcam
245 1121 341 1184 tuisse
365 1127 486 1201 partem
505 1127 692 1201 postremum
720 1125 797 1187 lucis
844 1119 928 1181 enim
943 1119 983 1180 ed
999 1118 1131 1179 verbum
1146 1123 1289 1196 ἐπιφώσκιιι
1303 1115 1423 1188 attinet,
1449 1116 1482 1176 id
1494 1117 1613 1196 simpli-

10 1232 19 1267 ι
61 1217 182 1295 ejusque
192 1213 352 1293 luitpridie
360 1212 490 1287 sabbath
500 1213 622 1288 deinde,
631 1215 797 1277 sabbatum
845 1211 919 1272 citer
944 1211 1031 1281 taire,
1053 1216 1201 1291 oppetere,
1226 1216 1256 1270 et
1277 1206 1436 1271 aduentare
1449 1209 1612 1287 signifieat,

60 1309 91 1368 ab
100 1309 209 1367 menate
221 1308 312 1366 nocte
327 1306 463 1385 caepisse.
479 1305 615 1367 Pessime
629 1313 733 1369 antem
745 1327 795 1369 ar-
844 1303 931 1364 nullo
944 1303 1005 1365 alio
1020 1301 1195 1375 subaudita,
1216 1306 1328 1380 utpute
1341 1301 1427 1376 luna,
1443 1299 1548 1377 stellis,
1564 1303 1613 1363 vel

60 1398 202 1478 gummeri
227 1397 452 1477 philoponum,
484 1416 523 1458 er
556 1398 646 1461 dictis
689 1406 795 1479 aparte
844 1395 907 1455 sole
921 1401 988 1457 tum
1003 1394 1212 1469 illucescente;
1225 1393 1312 1472 cujas
1325 1392 1464 1453 absolute
1478 1394 1615 1457 notionis

61 1491 149 1569 hqoct;
174 1507 271 1568 neque
292 1507 367 1550 vere
383 1490 417 1550 id
442 1489 482 1551 ab
505 1507 542 1551 eo
555 1490 656 1569 adjici,
670 1493 796 1556 ludaeos
844 1486 922 1547 ratio
936 1487 1056 1548 reddite
1066 1492 1112 1547 est
1124 1487 1158 1547 in
1166 1483 1473 1547 Animadversionem
1481 1484 1522 1546 od
1538 1486 1613 1569 Epi·

61 1588 116 1643 tonc
137 1581 246 1642 balneis
269 1582 330 1655 uti,
353 1580 378 1641 si
401 1582 433 1641 id
456 1585 547 1644 nocte
567 1582 631 1658 ille,
655 1603 725 1663 quae
750 1592 796 1647 est
839 1577 996 1659 phocium.
1021 1578 1156 1657 Adjuvat
1172 1578 1254 1639 hanc
1267 1592 1406 1638 nostram
1420 1578 1611 1657 opinionem,

61 1676 302 1752 puellaresceven,
318 1674 388 1734 fieri
402 1673 564 1753 intelligat.
587 1675 665 1736 Vide
677 1683 794 1737 tracta-
845 1676 876 1730 at
900 1671 1108 1750 philoponum
1129 1687 1220 1731 reum
1236 1670 1349 1747 erroris
1372 1670 1501 1749 peregit,
1530 1673 1613 1750 quod

61 1772 110 1828 tum
120 1783 215 1827 eorum
228 1766 449 1831 Telmedicum
462 1765 498 1829 de
509 1765 650 1836 Subboto,
669 1787 707 1828 ex
718 1788 790 1849 qno,
844 1760 1042 1841 Lea-escapite
1051 1779 1121 1823 xxm
1132 1762 1254 1823 scribit:
1271 1762 1315 1823 Et
1329 1760 1461 1821 dieserot
1473 1762 1614 1825 Parasce-

60 1876 132 1935 quan
148 1857 251 1918 laisum
276 1857 320 1916 sit
342 1856 421 1917 illud
434 1876 591 1936 agnosces.
611 1860 701 1936 Nam,
717 1863 742 1922 si
755 1863 794 1923 de
842 1871 901 1930 oea,
914 1861 942 1919 ct
953 1853 1101 1915 motatum
1114 1853 1325 1930 illucescebat&
1343 1854 1508 1929 Nimirum,
1525 1862 1612 1936 post-

60 1949 191 2011 Parasccve
213 1950 340 2029 proprie
367 1949 447 2009 dicto
477 1949 637 2028 loquitur,
662 1952 721 2014 hoc
748 1960 795 2015 est
844 1963 940 2024 quem
961 1946 1155 2009 [romaicam
1180 1965 1291 2027 eorpus
1310 1947 1408 2008 humo
1428 1948 1614 2009 mandatum

60 2042 188 2103 intendis
207 2060 255 2118 eo,
279 2059 347 2122 quo
365 2045 439 2103 unta
461 2042 534 2105 solis
549 2060 691 2105 omasum
708 2063 741 2106 aa
754 2046 794 2107 ad
844 2044 900 2111 est,
917 2038 985 2116 jem
1008 2039 1166 2101 desinente
1188 2041 1364 2113 Peresocve,
1388 2039 1487 2100 inibat
1507 2040 1614 2100 sabba-

59 2132 188 2195 eborum
207 2133 452 2214 comparabant3
480 2133 560 2197 nihil
581 2134 640 2198 hoo
666 2138 794 2199 adrem
843 2136 922 2193 tom.
958 2131 1148 2210 Quocunque
1189 2132 1316 2192 undem
1349 2132 1443 2193 modo
1481 2130 1613 2194 verbum

58 2226 171 2303 pertinet,
184 2244 283 2306 neque
298 2225 471 2306 quidquam
485 2226 558 2287 iuda
571 2226 681 2308 probat
694 2228 795 2291 Philo-
845 2227 988 2300 ἐπιφώσκιιι
1017 2223 1181 2303 intelligas,
1212 2231 1331 2287 eertum
1359 2232 1405 2286 est
1439 2225 1613 2287 Sabbatum

59 2334 142 2395 ponus
843 2313 945 2376 iniisse
960 2321 1029 2397 post
1043 2317 1223 2379 Parasceres
1237 2317 1423 2392 clsnsulem3
1447 2319 1611 2381 Parasceve

86 2411 139 2472 lli.
153 2412 281 2474 Usasest
308 2418 340 2473 et
357 2414 538 2476 Theodorus
559 2416 793 2495 Mopsuestanus
844 2412 949 2468 erstem
976 2407 1048 2468 solis
1075 2425 1187 2469 occasu
1211 2409 1379 2471 desinebat.
1407 2410 1447 2469 Et
1472 2417 1610 2489 apparet,

58 2518 105 2563 oon
123 2506 339 2567 contemnenda
362 2506 515 2583 rasianog
541 2513 578 2567 ut
603 2506 644 2568 ab
664 2507 793 2569 ineunte
844 2499 958 2561 Lucam
972 2500 1031 2561 hoe
1045 2500 1102 2560 sihi
1123 2502 1214 2579 velle,
1230 2502 1429 2563 commodum
1444 2502 1500 2563 uhi
1512 2503 1613 2564 Chris·

10 2600 123 2679 „aab
144 2603 205 2676 post
239 2599 432 2661 Parascereu
466 2598 610 2660 Pesohale
640 2607 792 2679 ιυχΜμεροι
843 2597 894 2653 tus
914 2593 1053 2672 sepultus
1072 2598 1129 2666 eat,
1153 2596 1317 2657 Perasccve
1332 2595 1368 2655 iu
1390 2594 1510 2656 exitum
1523 2596 1611 2657 incli-

10 2682 31 2775 ,¹²
59 2687 154 2766 cepisse
175 2690 331 2769 probaret,
358 2690 500 2751 Ecclesiae
521 2691 704 2752 christianas
728 2692 792 2753 ritu
843 2688 948 2753 nante,
973 2685 1101 2764 jamjam
1122 2687 1283 2766 appetiisse
1302 2687 1483 2764 sabbatum3
1510 2707 1612 2767 neque

59 2778 136 2854 siniti,
147 2782 196 2860 qui
207 2782 273 2842 aine
286 2781 386 2843 dubia
400 2783 439 2844 ab
450 2783 467 2844 J
470 2782 632 2844 udaeomm
650 2783 791 2845 instituto
844 2775 1071 2838 iteloeuturum
1084 2778 1197 2853 fuisse,
1211 2780 1238 2841 si
1256 2782 1436 2841 Parasceues
1449 2781 1612 2841 duodecim

59 2872 172 2935 mavit,
193 2875 283 2935 «Nos
304 2873 402 2947 enim,
425 2875 538 2954 inquit,
561 2881 791 2939 fflnctffifflsup.
843 2867 946 2929 adhue
980 2870 1066 2931 horse
1103 2872 1332 2950 superfuissent.
1376 2872 1537 2949 Siquidem
1570 2881 1611 2934 καὶ

59 2963 170 3026 rmum
186 2965 300 3028 festum
325 2966 480 3028 celebrare
503 2968 668 3047 incipimus
686 2986 705 3029 a
722 2987 790 3031 ves·
843 2969 964 3024 σάὸὁαιοι
975 2969 1099 3043 talpam
1114 2965 1196 3026 idem
1209 2964 1301 3041 valet,
1318 2969 1411 3043 atque
1429 2963 1610 3041 immmedot,

58 3070 122 3130 pere,
146 3062 173 3117 et
196 3058 334 3121 corriecto
354 3058 420 3136 jem
446 3058 583 3134 subbato,
610 3064 642 3121 et
665 3061 792 3123 ineunte
845 3052 982 3131 iuuabat,
994 3068 1156 3135 proptereat
1166 3055 1330 3123 sacocum.

58 3153 135 3223 noctu
171 3151 403 3211 resumectionis
442 3151 527 3212 diem
568 3158 788 3229 paramese.»
883 3146 966 3207 VllI.
996 3148 1177 3225 Postremio,
1194 3148 1250 3209 etsi
1277 3148 1382 3209 Judeei
1414 3148 1454 3208 ab
1481 3147 1610 3212 ineunte

59 3232 252 3309 doodutdixi,
274 3257 390 3300 verum
413 3244 470 3315 est,
492 3246 525 3301 et
544 3240 577 3300 in
594 3240 724 3302 Ecclesia
734 3261 791 3303 ve.
843 3252 971 3314 uespere
984 3235 1067 3296 diem
1088 3255 1182 3301 suum
1200 3237 1443 3316 auspicarentur,
1464 3257 1610 3301 nonnun-

59 3330 269 3407 tcrcrerratum3
287 3331 391 3410 ¹idque
403 3337 540 3410 arguunt
549 3342 669 3414 πάννυχοι
682 3343 789 3411 στάσεις,
843 3344 935 3405 quam
955 3333 1060 3391 umen
1074 3330 1129 3409 qui
1148 3348 1198 3392 res
1217 3330 1343 3391 illorum
1361 3330 1510 3399 referunt,
1530 3337 1567 3393 ut
1580 3349 1611 3392 se

58 3415 266 3497 idcsuauouea,
288 3439 369 3503 quas
391 3428 457 3485 tota
472 3423 524 3485 illo
538 3430 629 3487 noste
643 3425 792 3489 inflante.
842 3419 882 3481 ad
895 3421 1123 3499 Romanorum,
1138 3422 1334 3502 aliarumque
1349 3423 1492 3501 mutium
1509 3440 1611 3487 mores

59 3509 222 3589 hsobibom,
234 3521 273 3576 ut
286 3515 416 3579 rituales
430 3515 513 3591 libri,
527 3534 563 3578 ue
576 3518 691 3592 Graes,
706 3519 790 3580 Lati-
842 3513 1086 3590 accommodent,
1109 3515 1213 3577 civilia
1223 3560 1225 3565 .
1235 3515 1357 3576 dierum
1374 3517 1472 3596 spatia
1489 3518 1528 3577 ab
1542 3524 1610 3579 orto

59 3616 132 3681 neque
148 3612 351 3671 monumenta
370 3612 536 3671 testentur.
562 3609 666 3675 Quare
678 3609 793 3672 fristra
842 3603 906 3665 sole
919 3604 959 3665 ed
976 3622 1121 3669 oceasum
1134 3613 1314 3685 numerant,
1328 3608 1379 3669 vel
1391 3607 1494 3669 lucem
1508 3604 1611 3690 potius

59 3688 459 3778 heimprobatrhiloponua
470 3703 610 3762 ettotam
624 3701 792 3764 Dorcinicoe
842 3714 899 3775 pro
918 3697 969 3758 die
990 3704 1135 3773 sumunt;
1158 3699 1421 3781 quamadmodum
1435 3702 1607 3780 Romanos,

10 3856 11 3859 ,
60 3790 251 3853 famosioris
279 3792 446 3855 historiam
460 3792 635 3855 caecubae.
664 3793 793 3875 Scripsit
842 3795 872 3850 et
886 3789 1403 3871 GraccuetAEgyptiosinstituisse
1416 3798 1545 3854 constet.
1559 3795 1610 3856 Sic

40 3875 197 3956 fllrlthuus,
225 3882 464 3963 consectarium
490 3881 629 3957 uiduis,
654 3903 699 3962 so,
724 3904 792 3967 quea
842 3881 937 3942 etiem
965 3883 1133 3944 Christiani
1156 3884 1190 3945 in
1215 3883 1298 3945 lestis
1320 3887 1383 3945 suis
1406 3885 1609 3964 conputandis

10 3910 145 4055 Eleusi
168 3980 198 4035 tu
223 3976 357 4056 primam
383 3973 534 4049 sabbatii,
576 3976 737 4039 mudiercs
752 3979 792 4040 ad
841 3990 977 4051 persaepe
996 3974 1122 4051 iaciunt,
1147 3981 1182 4036 ut
1196 3977 1289 4037 modo
1303 3976 1342 4038 ab
1362 3994 1499 4055 vespero,
1514 3978 1608 4039 modo

10 4060 19 4109 t
60 4063 218 4138 trebicum
236 4067 342 4131 ivisse.
366 4067 449 4127 Hinc
469 4067 521 4128 ille
543 4068 711 4146 concludit,
729 4069 793 4132 die·
841 4064 880 4129 ub
894 4065 1030 4127 diluculo
1047 4067 1332 4146 sequenteillorum
1348 4066 1436 4129 initia
1454 4061 1605 4149 repetent.

60 4167 109 4213 mm
129 4156 209 4221 iaicis
232 4160 361 4222 ludseos
386 4174 497 4238 cepere
523 4159 629 4221 solitos
651 4160 692 4221 ah
719 4168 791 4223 ortu
882 4157 944 4218 Sed
972 4158 1163 4239 Philoponus
1194 4161 1228 4220 in
1249 4159 1321 4234 eol,
1350 4160 1434 4239 qnod
1461 4161 1608 4224 adversus

59 4243 265 4328 aliquantam
290 4258 336 4331 set
350 4259 479 4314 cessetur
502 4250 654 4329 significat
673 4261 703 4315 τι
716 4263 792 4334 seps,
841 4250 1038 4311 Theodorum
1051 4268 1248 4330 propugnare
1266 4253 1369 4331 coepit,
1397 4252 1497 4314 scriis
1517 4254 1606 4316 inste
1652 4280 1759 4327 asim„

60 4347 208 4420 πῦιῶάιιι,
235 4344 269 4407 id
291 4348 339 4405 est
360 4341 524 4405 abacelam
546 4340 674 4415 soddoti,
696 4362 791 4423 quem
840 4347 919 4415 tens,
954 4349 1176 4421 argumentum
1204 4344 1358 4423 expromit
1393 4344 1489 4416 aliud,
1524 4347 1607 4427 quod
1645 4336 1765 4432 ”Effigiff

10 4470 11 4473 =
59 4434 181 4508 unum
202 4437 379 4516 designant,
401 4453 434 4495 eo
459 4454 516 4516 que
529 4433 649 4497 lucescit
669 4436 700 4497 io
719 4441 788 4516 pri·
841 4434 1014 4514 expendere
1035 4435 1087 4495 hic
1101 4440 1233 4513 oportet.
1250 4437 1348 4514 Neget
1364 4437 1449 4497 enim
1467 4443 1607 4500 constare
1641 4442 1773 4495 explicatur.

60 4537 112 4583 m
130 4526 247 4602 uchri,
266 4528 382 4608 quibus
403 4527 477 4588 solis
504 4531 590 4589 ortus
620 4528 787 4601 indicetur.
838 4530 882 4605 id,
906 4527 990 4606 quod
1011 4527 1151 4587 Christus
1173 4529 1256 4607 apud
1280 4528 1461 4590 Metthaeum
1481 4530 1557 4590 dixit
1569 4531 1607 4591 de

59 4609 119 4675 Tunc
129 4620 204 4679 onim
217 4627 361 4699 ἐπιφώσκει,
375 4620 435 4683 hoc
448 4624 494 4680 est
505 4618 674 4681 lucetdies.
837 4621 941 4682 triduo
966 4618 1144 4698 sepulturus,
1155 4619 1185 4679 -si
1197 4636 1270 4681 cum
1296 4623 1438 4699 sequenti
1460 4621 1528 4684 luce
1544 4640 1607 4683 nox

86 4704 178 4770 Verum
200 4712 292 4774 aliter
319 4712 540 4790 intelligendus
560 4717 606 4773 est
628 4712 787 4790 hicloous,
838 4712 1022 4773 antecedens
1043 4717 1209 4790 componat
1236 4712 1340 4787 dicm3
1369 4712 1466 4784 Sicut,
1493 4715 1605 4792 inquit,

10 4796 11 4799 ’
60 4798 432 4867 uuudsmomtrarimus.
444 4806 498 4865 Est
509 4805 594 4866 enim
603 4812 648 4884 ddi
661 4813 790 4867 atteror
839 4805 902 4884 soit
914 4804 1005 4864 Jonas
1024 4804 1055 4864 iu
1077 4809 1178 4865 uentre
1192 4804 1249 4865 ceti
1264 4803 1361 4865 tribus
1374 4804 1482 4878 dictus,
1505 4814 1532 4867 et
1547 4807 1606 4867 tri-

60 4884 116 4953 lleu
134 4896 209 4973 quod
228 4896 370 4977 corlenis
387 4896 528 4959 subdatis.
558 4898 638 4958 Nem
662 4897 791 4959 sabbata
841 4895 892 4957 dur
903 4892 1052 4958 mdibus⁸
1062 4896 1125 4965 ‚aio
1141 4896 1203 4956 erit
1221 4894 1324 4957 lilius
1336 4895 1460 4957 hominis
1478 4897 1510 4959 iu
1523 4897 1607 4961 corde

10 5090 12 5169 ζ
82 5094 259 5154 rinoceros,
280 5099 405 5172 lleilqpct’e
418 5099 475 5172 γὰρ,
499 5098 629 5171 φησ1,πὴν
653 5104 697 5167 της
716 5100 787 5173 ἁγίας
872 5099 981 5156 emat.
1005 5114 1101 5155 xxvrrr.
1124 5096 1183 5171 Ὀψὲ
1195 5097 1222 5153 di
1236 5097 1375 5163 πα66άτων,
1390 5104 1421 5174 τῇ
1437 5094 1603 5178 ἐπιφωσκούσῃ

10 5208 12 5257 3
59 5169 176 5243 Mane
189 5182 273 5255 ἑορτὴν
288 5178 446 5256 ἐπιτελοῦμεν
466 5180 507 5254 tp’
525 5181 643 5255 ἑσπέραις,
658 5185 788 5255 πεπληρω-
837 5183 871 5245 εἰς
885 5184 941 5255 piar
956 5182 1095 5237 σαὸδάτων.

10 5286 12 5333 3
58 5256 152 5331 seps
164 5270 204 5319 toi
222 5267 355 5331 widicau,
371 5265 511 5339 ἀρχομένης
525 5264 552 5321 tl
566 5270 609 5333 τῆς
626 5267 725 5332 wasia,
742 5266 786 5334 rba
872 5270 973 5323 cLssc.
995 5280 1075 5339 utu,
1096 5267 1140 5333 54.
1166 5266 1213 5318 llari
1233 5264 1313 5337 ἡμίρα
1334 5262 1365 5334 ἢν
1379 5268 1537 5341 παρασκευὴ,
1560 5271 1601 5323 καὶ

10 5356 12 5375 “
58 5342 385 5424 ῖήὄνωπάωυςλόγιζόμιθα
398 5350 502 5423 ἡμέραν.
837 5351 958 5404 cessator
974 5348 1107 5421 luipone.

57 5478 127 5587 pm·
138 5489 228 5593 ffijde
239 5490 362 5534 eim-e
373 5488 438 5544 Apud
450 5488 507 5531 Phil.
521 5488 537 5531 1.
546 5487 573 5539 ll,
585 5500 605 5533 e.
615 5489 699 5533 xre-3
713 5488 760 5533 bib.
770 5489 810 5533 lili
819 5490 845 5534 dc
856 5492 915 5535 hort.
927 5492 990 5547 temp.
1004 5501 1023 5535 c.
1035 5501 1060 5532 xx
1075 5495 1096 5532 et
1111 5488 1133 5531 in
1141 5488 1217 5532 datm.
1227 5490 1256 5545 qd
1270 5489 1398 5543 Epicu-t
1412 5488 1493 5536 bibli,
1502 5499 1522 5533 c.
1531 5500 1601 5534 uxr.-
