3934 6172
423 340 474 402 DE
493 340 656 404 OPlFlGIO
679 342 754 410 SEX
774 343 934 419 DIERUM,
958 347 1030 408 LlB.
1053 349 1092 409 ll.
1115 348 1198 410 CAP.
1221 351 1273 411 IX.
1578 355 1638 417 269

872 499 974 561 lienus
989 501 1011 577 ¹,
1028 496 1085 575 soli
1098 504 1218 564 Adamo
1232 503 1461 580 editnmfuisse,
1471 509 1638 585 antequam

851 591 1004 655 vformata
1030 596 1070 655 sit
1087 596 1219 670 mulier,
1248 597 1406 677 Scriptura
1431 599 1639 661 demonsttare

264 700 293 782 C
304 702 340 782 Α
350 704 381 783 p
391 703 467 784 UT
519 703 600 784 px·
873 685 1005 747 videtur.
1022 688 1293 769 Nametproeeepit
1306 690 1343 766 ei,
1359 690 1434 751 dicit
1443 710 1451 765 ;
1466 697 1497 752 et
1511 710 1548 751 ee
1557 693 1639 752 omni

875 776 951 857 tipm
978 779 1121 842 Paradisi
1134 781 1277 858 ecmede²,
1306 789 1363 843 etc.
1394 801 1464 861 quae
1489 784 1640 861 singulari

874 887 1007 931 numero
1034 871 1190 951 dicuntur,
1214 874 1308 953 idque
1332 880 1405 934 ante
1430 875 1640 936 narrationem

80 967 252 1032 demandato
263 967 405 1030 diuinitus
421 968 535 1030 domini
553 969 650 1049 prenae
663 968 750 1031 edito.
774 971 823 1032 An
875 966 961 1021 ortus
984 964 1069 1025 Eva.
1091 966 1264 1045 Utrumque
1292 966 1451 1046 probabile
1473 972 1529 1043 est,
1551 972 1582 1028 et
1601 968 1640 1028 ab

113 1058 168 1127 mii,
181 1056 329 1139 siquando
342 1056 454 1118 dotum
481 1057 555 1132 Once
568 1075 663 1119 cauam
676 1060 824 1139 praecepti
874 1052 1504 1137 Augustindpositnmprimumambohus
1513 1058 1642 1119 edixisse

113 1149 187 1211 illine
199 1151 324 1230 flamm,
343 1148 548 1224 Quorumdam
566 1158 695 1210 nererum
708 1151 822 1230 opinio,
876 1144 1054 1222 Dominum,
1077 1153 1108 1208 et
1126 1148 1193 1227 jam
1214 1150 1327 1210 iactam
1350 1150 1443 1210 fuisse
1468 1149 1639 1226 feminam,

110 1242 205 1321 pninm
212 1250 348 1321 parentes
356 1240 551 1322 paruulorum
568 1240 663 1303 instar
675 1241 825 1321 simplices
875 1252 948 1296 eum
960 1235 1061 1316 legem
1080 1240 1267 1320 praescripsit
1282 1261 1289 1301 ε
1305 1263 1321 1299 u
1336 1240 1397 1302 Sed
1415 1243 1556 1303 nondum
1569 1261 1642 1302 nar-

112 1332 194 1404 tntae.
220 1333 378 1394 Primaria
404 1352 494 1410 emese
525 1331 591 1411 [trit
621 1340 654 1393 ut
680 1337 824 1395 uirtutum
875 1333 978 1389 rutum
1001 1348 1076 1403 esse,
1092 1333 1357 1411 quemadmodum
1374 1334 1454 1395 foeta
1477 1334 1528 1410 sit3
1549 1335 1643 1412 idque

111 1425 325 1487 exercendarum
347 1425 473 1486 materia
490 1430 666 1505 suppeteret:
687 1443 824 1504 proeser-
874 1425 981 1499 postea
994 1424 1224 1502 recapitulando
1238 1432 1399 1486 narratum
1416 1444 1490 1487 esse.
1507 1447 1522 1485 n
1540 1429 1642 1505 Argu-

112 1516 158 1576 tim
175 1515 350 1578 obedientiis.
379 1516 418 1577 ln
442 1515 495 1577 iilo
512 1523 661 1597 precepto
682 1516 824 1579 mundata
876 1519 1033 1574 mentatur
1046 1521 1151 1577 antem
1164 1515 1355 1595 Augustinus
1369 1537 1407 1579 ex
1420 1518 1515 1578 Mosis
1527 1517 1639 1588 uerbis,

110 1608 193 1667 mania
205 1609 361 1686 conum,
372 1607 515 1669 manuni
526 1607 677 1670 dicerunt,
719 1608 824 1671 Altera
876 1602 930 1663 uhi
939 1606 1076 1684 primum
1085 1608 1127 1668 iia
1136 1609 1362 1688 prescribitur:
1377 1609 1442 1671 «Ab
1456 1610 1537 1670 omni
1547 1610 1640 1690 lique,

111 1716 193 1775 mue,
206 1698 550 1780 ntceuiterisum'eetum
563 1707 735 1781 ammoneret.
760 1699 825 1762 Cur
876 1695 954 1777 quud
972 1706 1012 1759 esi
1030 1701 1062 1760 in
1085 1700 1243 1769 Porodiso,
1259 1721 1353 1764 escum
1373 1701 1447 1777 edes,
1463 1721 1529 1764 non
1551 1703 1640 1776 dixit,

111 1789 300 1851 Dmetorrini
321 1791 413 1872 iepem
432 1790 567 1860 ediderit,
593 1811 683 1872 quem
704 1792 825 1853 minime
875 1787 972 1851 ederis.
989 1792 1105 1853 Deinde
1114 1793 1325 1872 aujrrngitzue
1340 1794 1419 1875 liquo
1432 1802 1529 1855 cutem
1543 1813 1644 1875 coquo-

110 1890 276 1944 erecturum
289 1901 347 1944 esse
359 1884 460 1945 sciret.
477 1883 550 1959 Qum
565 1883 606 1943 sit
619 1882 754 1945 mundati
764 1902 825 1945 sen-
875 1880 972 1942 scemii
983 1881 1098 1962 bonnm,
1117 1892 1145 1945 et
1157 1883 1281 1959 mulum,
1300 1904 1359 1945 non
1371 1884 1586 1947 manducabitis
1607 1885 1642 1947 de

111 1974 198 2035 tantm.
211 1975 259 2036 An
271 1975 351 2037 Dens
363 1976 515 2037 mammo
527 1973 672 2037 comedere
683 1980 820 2051 vetuerit,
878 1970 943 2033 illo.
964 1975 983 2034 J
986 1993 1037 2035 am
1049 1976 1100 2036 hic
1121 1980 1272 2055 tanqrram
1289 1977 1329 2037 ari
1349 1979 1457 2038 ambos
1483 1977 1643 2057 pluraliter

111 2064 244 2129 sedetiam
259 2076 387 2149 tenuere.
875 2065 1025 2144 loquitur,
1049 2073 1080 2130 et
1099 2068 1261 2148 pluraliter
1272 2075 1463 2150 preceptum
1481 2070 1640 2147 terminat,

875 2159 999 2220 dicens:
1031 2160 1093 2237 (tuo
1120 2160 1169 2222 die
1186 2169 1284 2222 auten
1302 2161 1419 2224 ederitis
1434 2161 1471 2222 ab
1484 2180 1526 2236 eo,
1549 2168 1643 2223 morte

4 2282 45 2333 p„
111 2250 266 2312 illumini
279 2251 393 2332 primo,
415 2252 520 2312 statim
540 2256 632 2331 atque
656 2251 823 2312 translatus
874 2252 1053 2312 moriemini.
1075 2274 1090 2311 u
1113 2254 1187 2327 Quae
1199 2254 1323 2315 numeri
1337 2255 1468 2315 varietas
1481 2254 1516 2314 in
1530 2254 1643 2315 Graecis

4 2353 23 2387 ⁸·
38 2352 57 2385 ἥ
74 2345 115 2401 cet
125 2340 153 2400 in
163 2343 345 2417 Paradisum,
360 2349 552 2423 praeceptum
561 2343 711 2404 Dominus
723 2342 820 2420 dedit,
874 2343 1028 2405 codicibus
1041 2346 1185 2420 occurrit,
1197 2365 1269 2407 cum
1285 2346 1444 2422 Hebraice,
1460 2351 1492 2406 et
1499 2345 1538 2405 ab
1554 2346 1644 2423 Sym-

4 2398 55 2493 ib
74 2450 188 2512 qucum
199 2441 289 2497 eertoe
301 2435 421 2497 arboris
433 2434 601 2496 interdixit.
614 2435 679 2495 Hoc
691 2434 820 2494 manda·
873 2436 982 2495 macho
994 2436 1160 2517 utrobique
1174 2437 1213 2497 sit
1222 2437 1398 2516 singularis.
1411 2439 1492 2497 Tum
1505 2456 1579 2498 vero
1587 2436 1643 2497 uni

4 2516 19 2549 ²
73 2530 145 2602 lum,
155 2544 241 2606 quam
254 2525 346 2608 lepem
356 2525 588 2606 primordialem
601 2531 691 2587 vocat
703 2525 822 2586 Tertul-
872 2527 991 2589 Adamo
1001 2549 1016 2586 u
1021 2529 1200 2609 praecepisse
1207 2529 1431 2591 ordinatissime
1439 2530 1539 2609 potuit
1548 2520 1640 2601 Deus,

72 2725 131 2787 enus
140 2725 211 2777 esseni
224 2724 311 2777 falsitas
329 2739 381 2777 mox
401 2723 515 2791 apparuit,
532 2724 586 2776 dum
597 2724 701 2776 eumdem
713 2724 821 2789 angulum
903 2725 1146 2794 sollemniacensis
1161 2743 1205 2781 non
1215 2729 1564 2783 felicitersuceeesitcrauiorum
1574 2744 1642 2782 cere·

71 2798 161 2850 breim
173 2799 269 2852 mrebris
280 2800 395 2852 columine
408 2800 529 2852 admodum
538 2798 633 2850 dirersis
646 2799 822 2866 comespnudere
872 2799 1008 2868 brorumque
1022 2804 1156 2869 differentia,
1179 2806 1225 2858 alio
1245 2807 1347 2859 conversi
1361 2813 1422 2869 sunt,
1442 2820 1566 2871 novamque
1579 2821 1641 2872 pra-

71 2873 215 2939 munem
228 2883 271 2927 est
872 2879 967 2929 tendunt
992 2880 1155 2946 exceptionem.
1182 2884 1292 2933 leserunt
1316 2883 1376 2933 enirn
1402 2896 1455 2932 cum
1478 2881 1506 2931 u.
1531 2882 1641 2932 licurens

98 2949 204 3003 fimum
223 2952 294 3016 iritum
315 2950 391 3015 aneni
416 2950 503 3002 facialis
530 2950 649 3002 immutare
670 2949 820 3015 Polygeuistae
871 2952 970 3004 colorem
993 2956 1084 3019 nigrum
1107 2971 1153 3007 non
1176 2970 1226 3008 esse
1251 2957 1356 3009 accidens
1374 2971 1386 3007 c
1403 2954 1479 3007 causis
1492 2955 1640 3006 euterioribus

71 3025 133 3075 macti
143 3031 199 3078 unt.
213 3026 281 3078 Nunc
302 3039 357 3077 vero
380 3030 406 3075 ut
419 3039 494 3076 reram
507 3025 654 3077 dimensionis
671 3025 743 3077 eremi
755 3039 819 3076 rnen·
871 3041 1015 3093 pmmauans,
1031 3031 1064 3081 sel
1083 3044 1095 3082 e
1118 3031 1210 3097 speciali
1224 3032 1354 3082 membrana
1367 3031 1431 3091 oriri,
1446 3045 1496 3096 qua
1512 3031 1535 3081 in
1549 3029 1639 3082 Cauca-

71 3114 135 3153 m
146 3104 262 3155 admittunt
270 3104 423 3156 definitionem
435 3118 449 3155 a
461 3104 560 3155 Berardo
570 3102 716 3169 propositam.
727 3103 822 3168 Apicem
870 3103 934 3155 sinna
956 3105 1026 3170 stirpe
1048 3120 1094 3157 non
1116 3111 1218 3172 apparet.
1227 3106 1272 3159 Sed
1287 3107 1361 3158 inanis
1374 3112 1397 3157 et
1412 3106 1500 3158 ludicra
1514 3106 1636 3159 cavillatio.

70 3182 135 3247 merli
156 3184 242 3235 uentis
263 3183 378 3235 deducunt
402 3196 447 3234 non
472 3182 501 3234 ab
518 3184 656 3235 extremitate
677 3182 821 3233 incisirarurn
870 3177 934 3230 Unde
948 3181 1007 3231 enim
1021 3185 1107 3232 certum
1124 3181 1215 3245 habent,
1230 3183 1290 3248 quod
1303 3183 1375 3234 instar
1387 3182 1505 3233 axiomatis
1517 3182 1541 3232 in
1555 3182 1638 3248 deper-

70 3257 151 3309 milic
162 3259 294 3325 asperioris,
309 3264 334 3309 ut
347 3257 452 3324 damper,
465 3258 505 3309 sed
519 3271 533 3309 a
547 3263 630 3325 puncto
645 3258 683 3309 ubi
701 3257 821 3309 nasibasis
869 3252 921 3305 dita
940 3269 1014 3308 causa
1028 3257 1181 3309 fulcimentum
1194 3262 1320 3320 assumam,
1334 3257 1504 3310 videlicethanc
1521 3258 1638 3309 membra-

70 3333 167 3385 mcum
187 3348 241 3385 cnm
263 3333 356 3385 muilia
376 3334 501 3399 sipariore.
521 3333 611 3397 ingnio
628 3332 703 3384 faciali
721 3333 751 3382 ita
764 3332 819 3382 defr-
868 3342 920 3380 uam
943 3345 988 3382 non
1014 3346 1081 3398 posse
1104 3333 1179 3384 cauus
1202 3333 1380 3386 accidentalibus
1401 3334 1506 3398 produci,
1523 3334 1637 3399 semelque

69 3407 117 3466 ritu.
129 3410 212 3462 er'dens
224 3410 331 3476 apparuit
343 3409 427 3461 multos
438 3408 516 3474 nigros
530 3409 634 3460 eumdem
646 3407 729 3459 habere
742 3421 819 3471 angu-
868 3406 1010 3470 productam,
1024 3409 1169 3472 generatione
1181 3409 1316 3461 uansfuudi.
1340 3408 1482 3461 Contrarium
1499 3423 1554 3460 sane
1569 3423 1637 3475 quarn

70 3480 108 3532 im
119 3484 213 3538 mittem
232 3499 262 3537 ac
284 3484 415 3550 Eunomus,
439 3484 463 3536 id
476 3489 510 3536 est
523 3484 640 3536 cerebrum
655 3484 733 3535 eodem
750 3482 818 3533 modo
867 3479 971 3545 plurimis
982 3483 1083 3535 tactset
1094 3485 1257 3550 experementis
1269 3488 1366 3546 constat,
1380 3484 1462 3549 quibus
1475 3484 1519 3536 hnc
1531 3485 1636 3536 ulturum

69 3558 125 3611 utrm
135 3562 309 3627 eumerium.
317 3560 398 3611 Plures
409 3559 459 3611 alia
468 3559 647 3611 elucubrationes
656 3558 684 3610 de
695 3558 819 3623 capacitate
867 3554 1060 3621 Polygenistarum
1078 3559 1247 3613 fundamentum
1269 3561 1342 3613 vaide
1361 3564 1534 3626 conquassatum
1547 3561 1635 3626 penitus

68 3636 127 3686 cut
147 3636 299 3703 adprobarem
322 3649 421 3687 mesum
441 3633 579 3687 cerebralem
606 3636 664 3685 inter
683 3633 779 3698 Nigrum
795 3637 819 3683 et
866 3633 981 3686 evertitur.

69 3708 185 3778 hcm
198 3726 245 3764 non
259 3725 310 3763 eam
324 3710 408 3762 babere
420 3709 568 3762 dfflmenfiam
581 3724 648 3775 quam
661 3709 706 3774 ipsi
717 3709 818 3774 Polym-
899 3708 965 3760 Unde
978 3710 1115 3763 concludere
1128 3710 1181 3764 licet
1194 3711 1387 3778 Polygenistarum
1401 3717 1500 3778 systema
1512 3712 1581 3763 nullis
1594 3726 1635 3763 ra-

69 3788 120 3839 ?ua
130 3789 266 3840 ammerant
866 3784 952 3838 tiorum
961 3786 1085 3838 solidarum
1099 3786 1174 3839 fulciri
1192 3789 1319 3850 momentis,
1333 3788 1633 3853 inconcusamquemanere,

94 3862 231 3916 tremimus
244 3863 316 3916 Ornn
328 3862 497 3928 inploramus
505 3861 690 3914 considerandam
704 3872 819 3911 commen-
866 3861 979 3925 eregione
993 3862 1102 3926 scientia,
1117 3862 1240 3915 llosaicam
1254 3864 1409 3916 collectionem
1420 3864 1447 3915 de
1456 3864 1541 3916 unitate
1550 3863 1635 3929 speciei

68 3938 117 3990 darii
135 3940 276 3994 usremulam
300 3937 451 4004 occipiialem,
473 3936 600 4003 etquidem
613 3936 702 3986 merita.
717 3934 743 3986 Si
758 3934 817 3985 enim
865 3933 979 3988 humanae.

67 4011 122 4067 mm
142 4017 195 4068 mlii
210 4015 274 4068 aliud
297 4019 410 4079 esiqnam
431 4013 511 4064 simius
526 4011 706 4070 uanmormatus,
725 4023 818 4061 necesse
899 4013 945 4063 biii
959 4014 1025 4065 unius
1039 4013 1122 4081 speciei
1135 4013 1330 4078 humanadogma
1343 4013 1555 4066 convellereconati
1571 4019 1632 4077 sunt,

68 4094 95 4139 ei
107 4092 181 4158 &pes
193 4092 305 4143 hnmanae
318 4089 371 4140 bule
385 4093 467 4154 puncto
479 4088 636 4154 proximiores,
654 4086 713 4137 unde
730 4090 818 4137 catera
866 4100 880 4137 e
897 4088 1024 4141 diversitate
1037 4089 1165 4154 linguarum
1178 4095 1310 4153 argumenta
1318 4093 1429 4140 eruentes.
1446 4088 1492 4140 Sed
1505 4088 1542 4140 bic
1555 4089 1632 4153 edam,

68 4162 306 4229 iuimrmesrenmt,
320 4163 475 4215 bacchabere
489 4162 630 4215 earamulam
644 4161 818 4227 itadispositam
867 4177 912 4228 quo
929 4165 997 4216 altius
1024 4179 1144 4231 progressa
1167 4169 1201 4216 est
1218 4164 1320 4223 scientia,
1347 4178 1374 4215 co
1396 4164 1490 4215 solidius
1511 4165 1634 4217 narrationi

67 4248 124 4299 usis
133 4248 208 4311 iamt,
222 4246 429 4312 qaumummmum
441 4257 514 4305 more,
523 4247 619 4308 quatuor
627 4240 722 4307 podibus
735 4239 819 4291 amiu-
866 4238 972 4291 liosaica
999 4240 1153 4292 fulcimentum
1179 4238 1288 4291 exhibuit.
1314 4239 1346 4290 lit
1369 4253 1447 4289 eorum
1465 4239 1635 4293 diffleutauhus

67 4317 110 4371 tre.
123 4323 192 4375 Porro
205 4320 346 4375 macarium
362 4318 445 4383 ubique
459 4322 581 4383 cisemper
598 4316 688 4375 evenit3
708 4330 818 4381 nusquam
867 4314 1080 4381 exceptionibusnoe
1101 4316 1141 4366 fiat
1161 4315 1215 4366 satis
1236 4327 1329 4365 necesse
1344 4313 1453 4366 babemus
1467 4316 1570 4381 quadam
1584 4317 1635 4367 sin-

67 4400 196 4463 efmnqnam
209 4398 290 4461 itiner
305 4396 350 4447 situ
361 4392 494 4445 honroutali
507 4391 623 4443 aniculare
636 4391 717 4457 potuit,
733 4391 819 4442 etlict-
867 4392 962 4456 gillatim
987 4406 1122 4458 proponere,
1136 4391 1332 4454 incursionemque
1349 4390 1410 4441 haud
1424 4405 1502 4456 parum
1516 4391 1593 4443 utilem
1612 4393 1636 4443 in

68 4476 144 4526 mets
159 4473 225 4526 serbi
239 4472 320 4537 arada,
339 4469 421 4535 capitis
436 4467 603 4519 erticmationes
616 4480 668 4519 cum
686 4466 745 4517 eollo
761 4479 817 4531 pro·
866 4466 996 4531 philologia
1006 4472 1029 4518 et
1041 4466 1194 4532 psychologiae
1208 4478 1301 4530 campos
1315 4465 1417 4530 aggredi.

67 4548 257 4603 numerarem
270 4542 662 4612 equilibriositrsrertimlis,qnam
673 4541 818 4607 ipsestirpes
901 4542 1020 4593 Hominem
1044 4541 1101 4591 niun
1121 4540 1149 4591 de
1170 4553 1194 4590 se
1207 4539 1309 4591 attulisse
1326 4539 1348 4589 in
1368 4540 1507 4593 efformanda
1523 4540 1634 4594 locutione

68 4621 161 4677 turm*
175 4638 227 4677 esse
241 4626 345 4689 passum
868 4616 970 4668 nonnulli
992 4616 1076 4682 opinati
1102 4619 1155 4667 sunt
1167 4614 1323 4681 metaphysici,
1341 4615 1401 4665 inter
1416 4629 1474 4681 quos
1497 4615 1525 4666 de
1538 4615 1634 4680 bonald,

90 4700 132 4752 iim
151 4700 243 4752 infimas
263 4698 302 4749 ibo
324 4696 409 4748 nullam
426 4695 520 4746 existme
537 4694 596 4744 iuter
611 4692 686 4744 ranas
701 4692 817 4745 hominum
867 4692 934 4758 idque
948 4692 1096 4743 ariminense
1113 4694 1231 4757 scopant
1247 4689 1397 4742 narrationem
1416 4690 1528 4742 Genetos
1550 4692 1574 4743 in
1587 4697 1635 4744 tuto

67 4775 131 4842 tice
150 4775 302 4829 &dmentem
324 4771 422 4834 cerebri,
438 4769 592 4835 sedejusdem
610 4769 699 4833 generis
714 4769 768 4821 sunt
784 4781 817 4820 ee
867 4768 1012 4820 collocarent.
1028 4766 1073 4818 ulii
1088 4780 1101 4817 c
1117 4772 1205 4829 nocua,
1223 4765 1339 4819 Gondillac
1356 4765 1636 4832 tidelicef,toiuqueejns

68 4850 180 4905 Mlier
203 4866 232 4905 ac
255 4864 288 4902 en
310 4849 349 4914 qui
368 4847 501 4899 interturia
515 4842 598 4898 'canum
613 4859 696 4909 genera
710 4844 816 4906 erutum,
866 4843 954 4907 schola,
977 4844 1161 4894 incensatione
1187 4841 1330 4907 muitationis
1344 4841 1463 4893 essentiam
1490 4847 1633 4908 reponentes,

68 4926 132 4989 tamn
142 4943 190 4981 nnn
202 4923 461 4988 obetandbm,e1‘usdem
473 4936 501 4973 ac
515 4922 581 4972 unius
594 4934 643 4972 esse
652 4920 736 4987 speciei
749 4933 818 4971 canes
866 4919 980 4970 hominem
993 4919 1078 4985 absque
1091 4918 1149 4969 alius
1162 4917 1280 4983 cujuslibet
1292 4917 1413 4981 adjutorio,
1427 4930 1492 4967 snam
1504 4916 1549 4967 sibi
1562 4917 1635 4970 efor-

68 4999 192 5057 nauem
214 5000 331 5068 est‘apud
353 5012 432 5051 omnes
452 4997 561 5049 eruditos.
575 4996 717 5062 Experientiu
730 4999 818 5047 consui
866 4993 1053 5058 massalinguam
1066 5007 1191 5045 asseruere.

68 5074 160 5131 umus
182 5076 317 5141 visendique
343 5074 431 5126 ratione
446 5072 503 5124 altas
519 5085 601 5123 masse
617 5069 727 5122 cerebrali
742 5070 818 5121 ademi
899 5070 1008 5120 Humana
1021 5069 1102 5120 meatu
1115 5069 1245 5120 facultatum
1262 5068 1351 5132 gravior
1365 5066 1479 5131 indagatio
1492 5066 1551 5118 ultra
1570 5080 1636 5117 veros

67 5151 357 5216 mammarumque
369 5147 453 5201 raum
466 5147 675 5200 conformationem.
692 5144 774 5197 Notum
784 5149 819 5197 est
867 5145 973 5210 progredi
998 5144 1081 5196 limites
1106 5144 1204 5196 ostendit
1230 5143 1308 5195 ambas
1334 5142 1402 5194 hasce
1427 5142 1545 5204 formulas,
1566 5155 1634 5192 unam

67 5240 134 5291 mma
152 5242 269 5296 muneque
282 5230 394 5292 ammte,
409 5227 487 5291 postea
503 5223 592 5276 cinnes
605 5222 677 5274 factm
696 5220 819 5273 mcdillca·
866 5221 996 5272 Rousseau:
1007 5220 1247 5273 Neemscrietocuttc
1257 5218 1468 5269 adinveniendum
1476 5217 1633 5268 foeminam.

66 5300 135 5357 iim
146 5305 225 5358 subire
238 5318 290 5370 qun
305 5300 435 5354 notabiliter
448 5299 528 5366 cepitis
540 5299 636 5350 formam
648 5297 760 5350 immutat.
853 5295 966 5365 ,Alteram
972 5296 1001 5347 de
1011 5295 1098 5348 Bnnald
1106 5312 1112 5345 ι
1120 5295 1197 5347 licem
1206 5294 1295 5359 centini
1309 5307 1381 5344 suum
1390 5293 1545 5349 locutionem,
1561 5293 1635 5341 mte-

89 5477 98 5520 i
109 5477 216 5526 librom
228 5479 290 5526 dade
300 5489 342 5534 esp
360 5488 414 5523 u.-
421 5475 437 5521 ὓ
444 5476 496 5522 Gen.
509 5486 535 5526 ιι,
547 5474 609 5521 iu-
619 5473 633 5518 8
645 5474 705 5529 aar.
717 5472 758 5520 tiu.
770 5471 819 5517 vill
826 5471 854 5518 de
863 5473 917 5520 Gen.
928 5473 958 5518 ad
968 5473 1002 5519 itt.
1012 5484 1061 5530 cap.
1075 5483 1128 5516 xvir.
