4122 6184
668 326 719 387 DE
738 323 913 399 ANGELlS,
928 321 1000 382 LlB.
1022 322 1066 394 ll,
1090 322 1174 384 CAP.
1197 324 1249 384 111.
1270 366 1274 371 -
1716 325 1754 387 la

171 492 226 572 qui
236 508 330 570 supra
340 491 451 552 infima
459 509 603 572 quaque.
618 509 654 553 ae
670 491 788 570 dejecta
807 507 938 552 consur-
991 486 1142 564 Universo,
1157 489 1256 566 capite
1269 504 1301 550 u.
1314 488 1449 568 Uterque
1462 493 1566 551 autem
1579 488 1618 549 ab
1632 489 1753 570 Diony-

171 584 228 662 git.
244 583 366 663 Quippe
378 590 444 645 toto
457 590 571 645 conatu
584 583 619 644 in
632 585 733 645 Deum
749 581 847 645 evecti
860 581 939 642 nihil
988 579 1033 641 sio
1047 580 1164 644 didicit.

172 673 290 736 humile
318 677 453 755 sapiunt,
485 681 517 736 et
536 676 576 737 ab
597 676 684 737 omni
705 675 780 736 laete
799 673 939 735 materiae
1028 673 1126 732 Porro
1159 673 1396 753 chrysostomus
1429 673 1558 734 homilia
1597 673 1687 734 tertia
1719 672 1755 736 de

172 767 318 842 sinceros,
332 785 368 828 ac
384 767 519 847 liquidos
534 768 618 829 illius
631 768 760 829 haustus
769 765 936 846 excipiunt,
987 761 1281 843 incomprebensibili
1291 765 1437 825 adversus
1450 765 1628 841 Anomceos,
1638 765 1756 828 Cheru·

62 887 67 895 ·
173 876 210 918 ec
235 860 334 920 lirum
360 860 592 938 quodammodo
614 864 750 940 portant,
777 863 808 919 et
827 867 939 937 οωφόρω
987 853 1088 915 bimos
1102 857 1263 936 anteponit
1285 855 1485 936 Seraphimis,
1508 858 1600 918 ethis
1614 859 1753 938 superio·

173 956 332 1011 roeanmr.
362 951 411 1011 lta
443 951 622 1031 Dionysius.
662 951 822 1011 Cassianus
851 948 939 1010 sedes
988 965 1037 1007 res
1055 947 1138 1021 fecit,
1159 955 1227 1009 tum
1241 966 1315 1010 vero
1337 967 1410 1009 eum
1432 949 1566 1009 Thronis
1580 950 1753 1012 confundit.

172 1041 269 1102 dictas
283 1041 352 1102 ruli
366 1039 376 1074 ¹
391 1088 399 1115 ‚
413 1062 429 1099 a
442 1042 526 1121 quod
548 1044 592 1104 ita
613 1043 676 1103 lieo
697 1042 883 1115 cohereant,
909 1044 941 1101 et
988 1038 1078 1115 Nam
1093 1056 1165 1102 cum
1179 1040 1434 1120 Seraphimorum
1445 1041 1646 1115 meminisset,
1656 1042 1710 1121 qui
1722 1060 1756 1105 se

171 1134 346 1195 domestice
369 1133 431 1194 sint
453 1136 492 1212 ei,
508 1153 544 1196 ao
557 1135 736 1211 familiares,
756 1135 839 1195 utin
851 1133 937 1213 ipsis,
987 1131 1100 1210 pennis
1114 1131 1258 1193 velebant
1268 1133 1341 1208 suis,
1363 1153 1374 1189 r
1392 1149 1457 1193 non
1469 1131 1526 1192 hes
1538 1134 1755 1195 tantummodo

172 1224 256 1285 velut
268 1225 449 1305 inqnadam
462 1226 546 1301 sede,
569 1225 676 1287 divina
688 1227 831 1305 maJ'estas
845 1244 939 1305 pecu·
987 1222 1124 1285 Virtutes
1151 1224 1305 1302 angelicas
1330 1241 1438 1286 coram
1459 1225 1521 1285 Deo
1536 1241 1568 1284 se
1594 1225 1757 1287 demittere

171 1313 278 1377 liarius
300 1318 496 1397 requiesset,
526 1326 558 1379 et
582 1318 813 1397 quodammodo
839 1318 873 1377 in
896 1317 940 1377 eis
987 1314 1041 1387 ait,
1050 1315 1103 1376 sed
1113 1315 1757 1396 etiamillas,quaeiissuperioressuntvide-

171 1406 475 1471 firmiusreelinetur.
486 1431 502 1468 ν
513 1409 699 1490 Gregorius²
713 1428 768 1487 ,ex
775 1427 873 1488 eoque
883 1409 939 1469 lsi·
987 1404 1239 1483 licetCherubim3
1251 1408 1276 1468 si
1294 1408 1420 1487 quidem
1435 1407 1497 1469 illae
1510 1425 1607 1487 prope
1621 1409 1753 1486 adstant,

171 1499 277 1577 dorus,
299 1502 402 1581 llngo,
424 1507 455 1562 et
474 1502 675 1579 lombardus,
704 1501 747 1562 sic
771 1501 941 1581 appellatos
988 1496 1056 1557 istae
1078 1517 1152 1560 vero
1175 1500 1309 1561 thronus
1330 1506 1403 1561 sunt
1416 1500 1471 1561 bei
1484 1497 1507 1559 ⁶.
1535 1501 1757 1581 »Quanquam

171 1597 294 1670 putant,
313 1594 426 1672 equod
440 1594 475 1654 in
486 1594 531 1655 eis
545 1594 697 1655 Dominus
715 1593 830 1669 sedeat,
841 1599 873 1654 et
885 1611 941 1674 per
989 1587 1029 1648 ob
1042 1589 1076 1650 id
1090 1591 1184 1671 vulgo
1207 1592 1382 1672 Seraphimi
1396 1591 1594 1652 Cherubimis
1608 1594 1757 1674 anteponi

171 1700 223 1744 eos
235 1702 293 1745 sua
301 1684 418 1763 judicia
435 1685 599 1762 decernat;
615 1707 631 1745 ν
658 1686 721 1746 sive
739 1707 755 1743 a
773 1685 886 1765 quibus
901 1686 941 1746 ad
989 1680 1099 1758 solent,
1111 1684 1195 1761 quod
1207 1685 1395 1763 canesque
1405 1683 1449 1744 illi
1463 1690 1639 1761 censentur,
1655 1686 1754 1747 scien·

172 1778 345 1838 exercenda
363 1777 482 1856 judicia
504 1796 627 1858 semper
650 1778 942 1858 deusomnipotens
989 1772 1040 1833 tiae
1054 1780 1188 1853 praestat,
1212 1776 1362 1855 quesistis
1383 1775 1540 1845 tribuitur,
1562 1795 1672 1838 verum
1689 1796 1754 1840 non

170 1869 648 1948 presideatrssernardusinde⁸
661 1870 943 1948 ,aquodsedent,et
990 1881 1029 1923 ex
1040 1883 1077 1925 eo
1098 1866 1195 1945 sequi,
1211 1867 1370 1929 inferiores
1384 1868 1441 1928 hos
1451 1868 1511 1929 illis
1525 1886 1602 1945 esse,
1622 1887 1661 1930 ex
1673 1870 1757 1931 Guil-

171 1962 584 2040 exeosedentquodsedetin
594 1962 638 2024 eis
646 1964 760 2023 bens.»
772 1963 873 2029 Quam
882 1979 943 2022 ses-
989 1954 1084 2016 lelmo
1099 1957 1262 2019 Parisiensi
1276 1959 1369 2039 paulo
1383 1964 1453 2039 post
1465 1960 1674 2022 ostendemus.

170 2053 289 2115 sionem
304 2054 550 2133 interpretatur«
564 2072 720 2116 summam
735 2054 942 2133 tranquillita-
1030 2047 1081 2109 Vl.
1111 2050 1365 2112 dominationum
1392 2051 1579 2113 vocabulum
1606 2053 1755 2115 conditio·
1781 2082 1926 2129 nonomine*

170 2150 246 2221 tem,
258 2145 497 2225 placidissimam
518 2148 726 2220 serenitatem,
749 2164 857 2226 pacem
871 2163 941 2224 quae
990 2156 1064 2199 nem
1079 2139 1119 2200 ab
1138 2141 1241 2203 servili
1260 2142 1381 2217 effectu,
1400 2148 1430 2203 et
1448 2143 1555 2204 intime
1569 2145 1757 2224 subjectione
1802 2136 1909 2183 “With

171 2243 321 2317 exuperat
347 2254 475 2300 omnem
496 2238 724 2299 intellectum.»
752 2240 833 2299 Deus
857 2237 942 2299 enim
990 2231 1121 2293 liberam
1133 2234 1295 2313 significat,
1309 2253 1410 2314 neque
1420 2236 1477 2295 ulli
1490 2237 1660 2315 tyrannice
1670 2238 1758 2300 dissi-

172 2328 276 2390 omnia
289 2347 361 2390 curn
371 2329 599 2408 tranquillitate
609 2329 740 2409 judicat.
990 2324 1238 2402 militudini,hoc
1252 2331 1298 2387 est
1308 2326 1447 2388 materie
1460 2328 1757 2403 cedentem,aeverae

211 2421 255 2483 Aa
267 2420 427 2482 sciendum
448 2428 505 2499 est,
527 2421 697 2482 nonnullos
709 2426 829 2482 veteres
842 2421 942 2483 'Phro-
991 2415 1222 2493 dominationitl,
1233 2417 1317 2479 idest
1329 2436 1489 2480 summum
1501 2419 1649 2481 inomnia
1661 2421 1759 2483 domi·

172 2530 230 2573 nos
253 2512 397 2574 arbitrari
423 2532 488 2574 non
513 2531 578 2575 esse
606 2513 785 2574 distinctum
810 2512 850 2573 ab
876 2513 943 2573 aliis
990 2513 1100 2568 natum
1138 2509 1307 2574 exercentis
1340 2509 1507 2571 divinitatis
1549 2511 1755 2574 imitatricem.

173 2603 326 2680 ordinem,
339 2606 605 2666 sedeosdemoum
619 2604 815 2666 Chembimis
828 2602 941 2683 iacere,
991 2599 1070 2659 Num
1090 2601 1255 2677 sensibilia,
1282 2606 1313 2662 et
1336 2620 1483 2682 corporea
1505 2604 1615 2663 servile
1644 2604 1760 2684 aliquid

172 2701 208 2755 ut
220 2697 434 2758 Theodoretus
447 2698 481 2758 in
495 2697 725 2759 commentariis
745 2697 785 2757 ad
805 2696 943 2776 primurn
991 2690 1117 2769 hahent,
1133 2697 1164 2753 et
1183 2693 1343 2770 illiberale,
1364 2695 1408 2754 ait
1420 2694 1595 2763 Maximus:
1616 2714 1635 2755 a
1649 2697 1761 2775 quibus

173 2794 265 2867 caput
287 2789 425 2868 epistolae
448 2787 490 2850 ad
525 2788 723 2863 colossenses,
752 2788 807 2849 ubi
830 2789 944 2850 Paulus
992 2783 1073 2843 Ordo
1092 2783 1143 2845 ille
1163 2785 1325 2864 insigniter
1338 2786 1515 2862 abducitur,
1532 2805 1589 2848 nec
1602 2788 1702 2848 teneri
1715 2806 1758 2857 se.

174 2879 238 2940 ait:
258 2880 363 2941 «Sive
380 2880 512 2956 Tironi,
547 2882 607 2941 sive
627 2879 860 2957 dominationes,
883 2886 940 2943 etc.
991 2874 1161 2955 subjicique
1174 2878 1301 2955 patitur,
1324 2896 1359 2938 ae
1372 2879 1490 2939 ooeteris
1510 2897 1603 2957 porro
1618 2880 1760 2941 eamdem

174 2971 324 3047 Thronos,
340 2973 452 3051 inquit,
462 2978 549 3052 pulo,
565 2973 606 3033 ab
615 2972 668 3033 illo
684 2972 840 3033 nominari
866 2974 944 3033 (lhe-
992 2969 1229 3046 generositatem
1246 2969 1288 3029 im
1291 2970 1395 3048 partit.
1411 2971 1453 3030 At
1462 2970 1638 3048 Gregorius,
1654 2970 1759 3048 etalii,

173 3063 286 3125 rubim.
308 3065 364 3124 llis
382 3065 468 3125 enim
491 3064 635 3139 divinum
655 3064 803 3125 thronum
818 3063 945 3144 imposi-
993 3060 1305 3122 Dominationesinde
1318 3061 1475 3121 nominari
1488 3061 1663 3139 sentiunt«
1678 3063 1762 3142 quod

174 3159 240 3216 tum
263 3156 343 3216 vidit
355 3156 495 3216 Ezechiel
508 3157 666 3235 Propheta
679 3166 730 3216 ἢν
747 3156 835 3230 Quod
848 3157 943 3217 etiam
992 3154 1072 3211 mira
1094 3152 1233 3231 potentia
1254 3152 1458 3232 praeeminent
1471 3172 1527 3232 pro
1552 3172 1600 3230 eo,
1616 3155 1701 3235 quod
1718 3154 1762 3216 eis

175 3247 211 3306 ab
226 3248 400 3327 Augustino
414 3248 623 3328 significatum
637 3266 713 3323 esse,
729 3249 941 3328 supramemi-
991 3249 1102 3304 catera
1131 3245 1170 3304 ad
1204 3243 1414 3306 obediendum
1455 3245 1594 3325 subjecta
1620 3253 1703 3307 sunt.
1742 3269 1755 3306 ν

174 3338 277 3400 nimus
291 3338 314 3400 θ.
350 3340 438 3400 Idem
465 3340 558 3400 etiarn
591 3339 759 3419 Gregorius
785 3340 943 3420 Nyssenus
992 3334 1122 3415 Nempe,
1156 3342 1192 3395 ut
1226 3336 1403 3399 Bernardus
1436 3338 1589 3417 copiosius
1615 3338 1757 3418 explieat,

174 3429 308 3492 affirmat
321 3431 556 3511 inprimolihro
573 3430 712 3492 adversus
724 3430 941 3493 Eunominw.
992 3427 1076 3505 quod
1094 3426 1291 3487 inferioribus
1312 3428 1451 3508 quinque
1471 3428 1633 3489 ordinibus
1650 3451 1664 3487 ο
1681 3431 1759 3492 adeo

211 3520 251 3580 At
263 3520 400 3581 Isidorus
414 3520 602 3599 Hispalensis
614 3519 861 3601 libroOripiacm
874 3538 944 3600 sep·
993 3519 1238 3598 supereminent,
1274 3523 1309 3578 ut
1343 3525 1483 3598 respectu
1512 3521 1626 3581 horum
1656 3522 1759 3583 caeteri

173 3610 261 3687 tirno,
285 3612 385 3692 eapite
413 3628 444 3672 vr
466 3611 649 3689 Cherubim,
665 3618 696 3672 et
717 3612 891 3691 Seraphim,
908 3630 945 3680 ae
991 3610 1156 3671 videantur
1169 3628 1278 3672 omnes
1290 3611 1543 3672 administratorii
1565 3613 1702 3692 spiritus,
1728 3618 1759 3676 et

174 3708 284 3764 cetera
307 3703 458 3765 voeabula
475 3703 520 3764 ite
541 3722 606 3765 esse
631 3702 777 3783 specialia
798 3703 944 3764 ordinum
991 3703 1759 3785 adistos,tanquamaddominosrelerriregimina

174 3795 371 3874 singulorum
392 3800 506 3872 censet,
530 3802 567 3856 ut
584 3801 690 3856 tamen
711 3796 774 3856 sint
795 3814 834 3856 ex
856 3801 944 3876 parte
992 3793 1235 3873 principatuum,
1259 3794 1413 3855 tutamina
1425 3801 1622 3875 potestatum,
1648 3815 1757 3878 opera·

175 3888 353 3948 eommunia
366 3889 521 3949 omnium.
536 3889 628 3963 Nam,
643 3888 720 3948 dum
728 3887 847 3948 Throni
856 3888 944 3948 sedes
990 3885 1090 3947 tiones
1096 3887 1258 3963 virtutum,
1268 3886 1756 3968 revelationeshrchangelorum,

174 3979 226 4039 nei
240 3980 493 4059 inquorumdam
500 3980 693 4059 Angelorum
705 3980 814 4041 ordine
826 3979 942 4058 specia-
991 3996 1112 4055 curam,
1129 3984 1160 4040 et
1168 3978 1396 4058 providentiam
1418 3981 1611 4060 Angelorum
1621 3979 1644 4040 ⁸.
1666 4003 1679 4040 ν
1698 3982 1759 4042 Sed

173 4069 243 4132 liter
271 4072 492 4152 designentur,
521 4078 628 4132 tamen
654 4090 710 4151 per
733 4071 939 4145 Psalmistam‚
989 4070 1050 4130 hoc
1081 4071 1184 4150 ipsum
1217 4089 1362 4151 supremo
1391 4073 1495 4152 potius
1528 4073 1641 4150 ordini,
1664 4090 1759 4152 quarn

176 4159 234 4236 Oai
246 4161 325 4223 aedes
346 4181 436 4244 anper
452 4161 626 4240 cherubim,
648 4163 772 4224 dicitur.
796 4162 858 4223 Sed
872 4163 941 4224 ideo
991 4168 1101 4243 questo
1114 4181 1284 4243 congruere
1298 4164 1429 4225 videtur.

173 4251 222 4313 isti
244 4254 371 4316 ordines
398 4254 591 4334 Angelorum
613 4254 741 4334 privatis
763 4255 943 4316 nominibus
1032 4254 1190 4316 Virtutum
1206 4254 1382 4334 appellatio,
1399 4256 1441 4316 ait
1457 4255 1634 4335 Dionysius,
1655 4256 1758 4318 aviri-
1842 4280 1874 4324 n„

173 4345 382 4424 appellantur,
406 4347 479 4426 quia
501 4347 560 4407 hoe
572 4347 675 4425 ipsum
689 4346 825 4408 officium
838 4346 872 4406 in
885 4365 942 4407 suo
990 4345 1054 4407 lem
1073 4347 1256 4425 quemdam,
1277 4346 1322 4427 (ut
1342 4340 1384 4407 sic
1402 4345 1542 4428 dixerim)
1564 4349 1757 4427 masculam,
1790 4333 1923 4379 mmm*

175 4437 286 4498 ordine
296 4438 418 4516 plenius
427 4439 680 4518 acceperunt.Et,
695 4457 767 4499 cum
776 4438 943 4499 sintomni·
991 4439 1267 4518 inconcussamque
1290 4438 1504 4501 fortitudinem
1522 4441 1682 4518 significat,
1697 4459 1761 4521 que

176 4527 234 4588 hus
254 4530 444 4607 eommunia,
461 4531 588 4609 propria
602 4535 709 4591 tamen
728 4531 794 4591 haee
814 4531 944 4591 nomina
993 4531 1026 4591 in
1040 4530 1185 4591 omnihus
1202 4529 1315 4591 divinis
1334 4531 1397 4591 suis
1415 4531 1588 4593 actionibus
1609 4534 1758 4612 preditos,

177 4620 240 4680 suis
253 4620 415 4682 ordinibus
433 4622 659 4701 deputantur.»
682 4623 759 4688 Quae
779 4621 945 4683 Rhebanus
994 4621 1034 4682 ad
1060 4621 1161 4682 nullas
1183 4621 1303 4682 divinas
1329 4622 1571 4684 illuminationes
1597 4624 1762 4704 capiendas

177 4711 304 4773 murus
317 4730 357 4774 ex
381 4718 469 4793 parte
482 4713 689 4794 descripsitin
702 4713 946 4795 primolibrode
994 4713 1148 4788 invalide,
1168 4712 1392 4792 imbecillasque
1412 4720 1520 4790 sunt⁰;
1537 4736 1553 4773 ν
1569 4716 1762 4778 sedlirmita-

212 4953 235 4994 o
251 4939 427 4995 Tasonoasr.
443 4939 473 4995 in
488 4953 573 5011 capr
596 4938 638 4996 ud
663 4938 725 4996 Col.
740 4956 796 4997 rer.
818 4939 862 4996 le.
881 4939 946 5014 Θρό-
1032 4940 1144 4997 ollrou.
1178 4939 1226 5010 Τὴν
1245 4939 1271 4995 δὲ
1298 4947 1348 4995 τῶν
1371 4939 1448 5014 ἁγίων
1469 4942 1596 5015 δυνάμεων
1621 4941 1762 5017 ἀρρενωπόν

178 5040 234 5083 νονς
257 5015 365 5094 ἡγοῦμαι
387 5019 419 5075 τὰ
441 5022 563 5095 Χερονθνμ
584 5021 657 5076 atsto
677 5023 766 5096 λίγειν.
782 5023 878 5085 τούτοις
899 5022 947 5096 γὰρ
995 5043 1059 5090 τινα,
1087 5024 1128 5078 καί
1155 5022 1328 5079 hordeaceos
1350 5023 1466 5096 ἀνδρίαν,
1496 5024 1528 5088 είς
1550 5027 1629 5089 πάσας
1649 5026 1692 5090 τὰς
1707 5026 1762 5081 κατ’

178 5100 228 5158 ries
241 5105 283 5158 τδν
296 5106 361 5158 θεῖον
375 5103 526 5178 ἐπικείμενον
547 5105 631 5178 θρόνον
645 5105 660 5159 θ
673 5107 796 5179 προφήτης
814 5104 945 5175 ’isimuth
996 5106 1076 5161 αὐτῶν
1086 5107 1196 5170 θεοειδεῖς
1218 5105 1345 5180 ἐνεργείας,
1362 5107 1422 5180 πρθς
1436 5108 1556 5180 μηδεμίαν
1570 5107 1696 5184 ὑποδοχὴν
1711 5115 1761 5164 τῶν

212 5188 230 5244 θ
249 5189 349 5244 Cusrs.
365 5188 414 5241 Kal
432 5186 478 5241 odit
492 5186 561 5241 eisd
576 5190 662 5261 μόνον,
675 5188 794 5243 ἀλλὰκαὶ
807 5188 833 5242 ai
853 5189 947 5244 τούτων
995 5188 1155 5263 ἐνδεδομένων
1174 5188 1236 5264 οὔτῇ
1249 5191 1383 5264 θεαρχαῶν
1398 5189 1542 5264 θλλάμψεων
1557 5192 1668 5265 ἀδρονῶς
1693 5190 1763 5255 ἔξεο·

177 5269 308 5343 ἀνώτεροι,
322 5270 354 5327 τὰ
367 5271 499 5343 Χερονθίμ.
515 5270 586 5326 citui
604 5270 647 5344 pir
664 5271 711 5345 γὰρ
724 5272 829 5342 πλησίον
844 5271 945 5342 ἑστήκα-
994 5274 1118 5348 erroneas,
1129 5276 1239 5337 δυνατῶς
1249 5272 1288 5329 ἐπί
1301 5275 1330 5329 τὸ
1343 5275 1490 5349 θεομίμητον
1505 5275 1667 5348 ἀναγομένην,
1680 5282 1735 5334 ele.

176 5372 226 5420 σιν,
241 5351 328 5408 iactam
342 5354 370 5408 di
379 5354 465 5426 θρόνος
477 5353 524 5409 eici
534 5354 598 5409 θεοῦ.

203 5505 273 5552 tcol.
284 5506 306 5558 8,
318 5518 338 5552 ο.
355 5518 428 5551 rue·
443 5506 531 5552 suom.
543 5518 643 5553 ωει-
652 5507 667 5553 8
677 5506 726 5553 bib.
739 5507 767 5552 lli
778 5508 805 5555 de
817 5508 905 5556 consid.
917 5519 937 5553 ε.
949 5519 980 5553 ιν.
992 5530 1019 5544 -
1030 5509 1044 5552 l
1054 5509 1107 5565 cap.
1119 5521 1136 5560 r,
1149 5519 1172 5555 a.
1183 5507 1254 5553 8.-b
1265 5508 1453 5567 Armenta-ti
1470 5506 1517 5550 Lib.
1530 5506 1546 5549 t
1557 5507 1585 5551 do
1597 5506 1689 5553 eonem.
1704 5517 1735 5550 ιν.
