4096 6166
812 329 924 397 statu
945 277 1062 406 UNUS,
1085 328 1171 395 OAP.
1193 329 1245 391 lv.
1759 330 1820 401 dlii

1047 494 1182 577 pendere
1195 511 1319 559 necesse
1330 498 1376 559 est
1387 495 1455 577 eius
1464 497 1597 572 manilii.
1610 498 1693 583 quod
1706 496 1820 561 duode

1048 586 1129 647 cimo
1142 591 1211 667 post
1225 585 1328 671 ipsum
1340 589 1453 653 saeculo
1463 589 1654 655 celebratum
1664 590 1822 667 estimet·

455 705 484 787 C
497 707 670 791 APUT
712 711 776 795 lv
1046 674 1817 761 pretationem,obidunum,quodverhaejusdem,

787 775 797 794 ⁰
1047 766 1819 837 acsententiasdecretissuisacrommodavit.Nam

1048 863 1079 918 et
1093 858 1308 937 Augustinus,
1325 865 1355 920 et
1369 861 1508 942 plerique
1524 863 1650 925 Petrum
1669 861 1732 935 alii,
1746 861 1819 925 fidei

227 965 443 1033 convelluntur
452 971 584 1055 deincep,
598 974 789 1055 fimum„
802 979 910 1054 omma,
926 980 996 1061 qu„
1047 949 1205 1052 catholicas
1226 951 1372 1029 dogmata
1388 952 1555 1033 Scriptura
1569 952 1681 1026 verbis,
1698 964 1820 1015 senten-

269 1060 320 1123 ιω
332 1071 437 1126 auctor
450 1065 578 1146 ,prm
595 1067 715 1143 „fg-mr,
731 1077 766 1131 ,t
783 1089 822 1132 ω,
836 1072 998 1153 mmmm·
1046 1040 1158 1120 trisque
1168 1042 1348 1149 declarant3
1364 1062 1465 1149 neque
1478 1051 1640 1124 propterea
1653 1043 1816 1125 quisquam

266 1153 403 1219 doctrino
415 1157 517 1237 prodet
529 1158 780 1240 enumerandum
800 1181 856 1225 csse
870 1162 996 1225 Tricies·
1046 1132 1223 1211 Auguslmb
1237 1134 1287 1195 vel
1302 1135 1459 1213 Bemfllffls
1479 1136 1528 1197 Vel
1542 1137 1727 1217 Clll¹¹³<l¹¹³¹¹¹¹
1741 1137 1816 1197 fille·

140 1305 144 1310 ,
267 1247 363 1309 nm
377 1249 545 1312 marsum,
563 1249 623 1313 02„-
635 1269 673 1313 π
685 1252 805 1315 adm„
820 1253 998 1337 ,Μορμὼ
1045 1222 1122 1297 rius,
1141 1224 1333 1306 scripturam
1345 1228 1548 1309 interpretem
1562 1247 1626 1293 esse
1638 1228 1815 1293 contendat.

266 1339 349 1400 stiur
363 1359 373 1401 .·
387 1339 429 1401 ud
445 1341 607 1422 Augustini
626 1346 785 1406 marentius
805 1346 899 1407 multu
923 1347 996 1408 Tri·
1087 1317 1133 1379 Ad
1158 1317 1226 1378 hffl⁰
1251 1336 1314 1383 ”⁰¹¹
1337 1318 1380 1383 ⁵5⁰
1406 1321 1616 1400 Augustimlffl
1636 1320 1817 1383 Tridentini

264 1429 415 1493 amrinum
431 1432 575 1495 Mam,
595 1435 767 1516 ,Wpfcandf
786 1438 896 1518 mutia,
918 1437 999 1521 quod
1045 1409 1183 1489 synodus
1197 1411 1360 1491 expressit,
1373 1411 1451 1475 nihil
1465 1412 1816 1477 utadilliusseuteutias

266 1522 406 1604 empti,
418 1524 533 1606 aliqu„
545 1526 740 1607 mmmm·
1044 1499 1201 1607 adjecerit,
1217 1502 1335 1607 cumin
1356 1503 1511 1585 plerisque
1538 1505 1690 1569 nonnulla
1703 1505 1816 1586 passim

1044 1598 1213 1655 intexuerit
1219 1595 1395 1674 explicandi
1403 1597 1513 1675 gratia,
1521 1598 1656 1677 ut,quod
1671 1597 1712 1658 ad
1721 1616 1817 1659 novas

266 1686 291 1751 1.
314 1682 469 1749 Satisbnc
482 1701 548 1746 esse
561 1688 751 1767 poterantad
766 1688 995 1769 coarguendam
1045 1684 1247 1749 conluteudas
1258 1688 1391 1751 hareses
1401 1688 1518 1765 deerat,
1529 1689 1700 1751 accessione
1713 1689 1817 1770 aliqua

223 1775 397 1856 epistolam,
413 1779 591 1856 etauctoris
609 1778 643 1840 in
657 1798 694 1841 ea
716 1799 856 1860 scopum,
871 1800 907 1845 ac
922 1800 994 1862 pro·
1044 1776 1211 1858 suppleret,
1235 1786 1290 1843 aut
1313 1797 1383 1861 quae
1403 1781 1561 1861 ambigue,
1575 1788 1606 1843 ct
1628 1781 1756 1842 obscure
1775 1780 1816 1842 ab

222 1869 360 1948 positum
384 1869 600 1945 refellendum,
628 1890 699 1951 quas
726 1873 869 1935 universe
896 1874 995 1935 trihus
1043 1869 1097 1930 illo
1107 1875 1196 1931 erant
1208 1871 1316 1949 posita,
1332 1871 1501 1935 illustraret
1514 1892 1550 1935 ac
1561 1872 1755 1954 patefaceret.
1771 1874 1817 1935 m

221 1961 289 2027 istis
316 1962 466 2041 capitibus
490 1963 630 2041 exposita
655 1969 747 2037 suut,
775 1983 847 2027 cum
874 1965 995 2029 inuictis
1044 1979 1106 2040 quo
1130 1962 1332 2043 interpretem
1356 1966 1459 2044 potius
1485 1965 1640 2045 synodum
1666 1966 1814 2045 Augusti-

222 2053 394 2117 rationihus
419 2054 584 2133 probatum
607 2055 696 2133 illud,
717 2056 922 2136 effectumque
942 2057 992 2131 sit,
1043 2052 1146 2115 nisum
1159 2054 1322 2133 doctrines,
1338 2074 1432 2135 quam
1446 2057 1527 2119 hanc
1547 2057 1628 2119 illius
1643 2057 1816 2121 assemani·

220 2150 408 2227 preposure
419 2145 546 2209 doctum
560 2148 704 2210 abbatem
715 2148 914 2226 existimasse,
924 2150 995 2211 doc·
1043 2144 1119 2206 festo
1133 2153 1317 2226 argumento
1334 2148 1500 2228 colligitur.

221 2238 338 2303 ninam
361 2238 525 2318 Augustini
548 2240 802 2305 Tridentiuorum
828 2240 867 2302 de
893 2240 994 2320 gratia
1087 2238 1169 2301 Utin
1182 2240 1288 2321 paucis
1298 2239 1450 2321 capitibus
1460 2240 1542 2301 iltius
1552 2240 1816 2322 interpretationis

221 2332 417 2395 decretorum
438 2332 639 2412 interpretem
659 2338 803 2413 oportere
825 2333 990 2407 constitui;
1043 2331 1198 2409 specimen
1213 2331 1381 2411 praebeam,
1397 2350 1454 2413 age
1466 2332 1505 2392 sit
1517 2332 1593 2395 illud
1616 2332 1766 2413 primum,
1782 2334 1814 2394 in

220 2431 252 2489 et
265 2423 557 2501 conbovemiarum,
572 2443 639 2504 qua
658 2425 697 2486 de
710 2425 771 2486 illis
783 2425 866 2487 inter
879 2426 993 2487 Catho-
1043 2439 1105 2501 quo
1119 2440 1201 2483 nora
1223 2422 1313 2484 factio
1326 2423 1439 2502 gestire
1453 2440 1489 2501 ac
1504 2423 1696 2504 triumphare
1711 2425 1788 2489 solet
1804 2445 1812 2485 :

219 2516 295 2581 licos
308 2522 554 2590 commorentur,
571 2517 827 2597 disceptatricem.
844 2517 993 2584 Quocum
1044 2513 1234 2588 Augustinus
1247 2514 1280 2574 in
1303 2532 1339 2577 ea
1361 2514 1484 2577 ridetm
1503 2515 1650 2594 opinione
1663 2515 1766 2594 uuae,
1779 2521 1815 2579 ut

220 2607 301 2673 nihil
314 2608 354 2673 ad
368 2607 424 2670 ista
444 2626 567 2673 necessa
589 2609 754 2673 videbatur
777 2608 919 2688 adjicere,
932 2609 990 2675 nisi
1043 2604 1200 2667 Christum
1211 2612 1340 2684 negaret
1353 2624 1409 2687 pro
1430 2606 1576 2669 omnibus
1587 2606 1699 2671 Adami
1712 2612 1815 2689 poste·

218 2702 326 2765 ulcera
351 2701 494 2779 quadam
519 2700 658 2781 epistola
674 2702 758 2777 alia,
786 2706 990 2782 superessent,
1041 2696 1083 2757 ris
1097 2702 1229 2759 mortem
1245 2696 1367 2773 obiisse,
1382 2698 1436 2759 sed
1457 2717 1514 2779 pro
1533 2699 1637 2760 electis
1651 2699 1812 2775 dunmxat,

219 2812 288 2874 qum
315 2794 465 2859 medam
493 2812 512 2854 a
537 2793 627 2857 nobis
658 2811 786 2874 operam
814 2800 990 2873 reposcunt.
1041 2793 1072 2848 et
1094 2787 1323 2868 pradestiuatis.
1351 2790 1415 2853 Hor
1436 2790 1509 2870 quia
1531 2789 1646 2855 falsum
1665 2791 1815 2873 judicavit

220 2887 318 2960 Quam
329 2885 474 2965 squidem
488 2885 633 2965 deinceps
659 2903 755 2964 quam
768 2890 876 2966 potero
898 2884 990 2945 lenis-
1041 2878 1221 2943 tridentius
1235 2881 1494 2965 synodus,nccab
1505 2881 1664 2963 Scriptura
1676 2888 1812 2962 tantum,

218 2980 343 3053 umam,
360 2977 622 3044 achrevissimam
635 2977 780 3039 adhibere
793 2976 897 3049 statui,
912 2982 948 3037 ut
961 2982 992 3039 et
1040 2971 1094 3032 sed
1116 2972 1209 3032 etiam
1231 2970 1270 3032 ab
1293 2972 1456 3047 Augustini
1481 2992 1573 3034 sensu
1596 2972 1758 3051 dissidens,
1783 2980 1814 3039 et

217 3069 391 3151 praecipuis,
409 3087 445 3131 aa
461 3069 640 3131 necessariis
658 3068 810 3133 duntaxat
827 3067 988 3144 insistam3
1040 3062 1222 3140 abhorrens,
1237 3063 1362 3140 idcirco,
1378 3083 1450 3126 cum
1466 3066 1504 3126 de
1526 3083 1563 3126 ea
1575 3085 1609 3126 re
1623 3066 1810 3143 decerneret,

218 3169 250 3225 ot
262 3162 326 3227 hcc
338 3163 455 3227 cursim
470 3179 644 3241 peragrare,
658 3179 694 3222 ac
712 3160 849 3223 delibare
863 3165 990 3223 conteu-
1040 3156 1225 3234 quibusdam
1243 3156 1364 3229 additis,
1388 3175 1510 3233 verum,
1526 3163 1557 3218 et
1581 3157 1811 3236 Augustinianas

218 3262 279 3331 tus,
304 3254 527 3317 accuratiorem
554 3253 750 3332 singulorum
776 3251 990 3315 mentonem
1039 3248 1184 3307 doctrine
1199 3254 1442 3309 consentaneum
1463 3267 1589 3309 sensum
1603 3252 1746 3327 exposuit
1757 3250 1809 3323 sic,

217 3346 317 3421 alteri,
332 3346 520 3427 proprioque
540 3346 629 3425 operi
641 3363 807 3409 reservem.
1040 3340 1140 3420 capite
1161 3339 1253 3400 tertio
1277 3340 1421 3400 sessionis
1442 3348 1558 3402 sexta:
1581 3343 1740 3417 «Verum,
1753 3342 1812 3403 etsi

257 3440 396 3513 Quatuor
412 3438 469 3501 sub
484 3436 608 3501 initium
621 3436 756 3517 epistola
768 3434 990 3499 consideranda
1039 3430 1091 3491 ille
1112 3450 1168 3510 pro
1194 3431 1341 3495 omnibus
1367 3438 1510 3496 mortuus
1536 3440 1593 3509 est,
1617 3452 1681 3495 non
1703 3451 1812 3495 omnes

99 3531 106 3541 '
216 3531 363 3611 proponit
390 3530 471 3593 doct.
491 3529 608 3603 abhas,
637 3527 809 3608 exquibus
834 3527 883 3604 id,
905 3527 988 3606 quod
1038 3528 1144 3583 tamen
1159 3524 1267 3583 mortis
1281 3523 1348 3601 ejus
1358 3522 1545 3586 beneficium
1554 3525 1718 3605 recipiunt,
1727 3527 1781 3587 sed
1789 3527 1811 3588 ii

217 3623 361 3700 intendit,
376 3638 566 3701 consequens
585 3620 668 3693 facit,
692 3618 855 3699 Augustini
874 3616 987 3679 doctri·
1040 3614 1199 3690 duntaxat,
1216 3615 1330 3696 quihus
1343 3616 1491 3678 meritum
1508 3619 1660 3697 passionis
1673 3636 1812 3680 commu-

215 3732 290 3777 nem
304 3714 344 3777 cd
363 3714 546 3777 Tridentinis
570 3713 692 3777 decreta
711 3712 749 3773 de
767 3711 868 3790 gratia
891 3707 986 3770 inter·
1038 3706 1169 3769 nitatur.
1197 3728 1213 3767 ι
1241 3708 1307 3769 Ηοι
1334 3709 1427 3774 modo
1455 3709 1611 3771 intellecta
1647 3711 1810 3789 Augustini

93 3812 99 3821 '
215 3811 334 3887 protem
356 3805 483 3885 adjungi
510 3810 662 3884 oportere.
692 3804 811 3867 Harum
839 3805 987 3867 tumescas
1038 3798 1178 3861 doctrina
1189 3800 1297 3879 procul
1311 3800 1398 3863 abest
1411 3799 1451 3865 ab
1464 3800 1535 3861 novi
1545 3799 1688 3863 fermenti
1704 3807 1809 3863 muta·

154 3898 162 3909 '
215 3898 314 3978 prima
329 3903 375 3961 est
397 3898 455 3961 ista
481 3917 489 3963 ι
519 3896 841 3971 Tridentinosl‘atres,
857 3911 930 3959 cum
950 3892 988 3953 de
1037 3892 1140 3971 gione,
1167 3910 1229 3970 quo
1256 3891 1291 3951 in
1313 3891 1458 3964 Lutheri,
1488 3897 1520 3955 et
1539 3892 1666 3970 Calviui,
1689 3899 1810 3975 etpost

1858 1362 1975 1407 Tuderti-

1887 1427 1941 1461 num

1851 1470 1977 1516 murittum

1879 1525 1951 1568 mults

1854 1576 1921 1621 adAu
1954 1588 1977 1619 s·

1895 1632 1928 1674 tin

1853 1684 1976 1727 morentiae

1867 1738 1959 1785 addidit.

214 3992 324 4069 gratia,
341 3996 372 4051 et
384 3988 654 4070 predestinatione
667 3987 762 4049 locuti
772 3991 855 4061 sunt,
866 3990 988 4047 tantum
1037 3982 1110 4047 istos
1119 3984 1282 4059 Baiano,et
1296 3982 1415 4065 Iprensi
1423 3982 1553 4065 pistrino
1562 3984 1678 4067 impuri
1685 3985 1810 4063 dogma·
1914 4072 1924 4081 κ

214 4083 347 4145 abfuisse
361 4082 400 4143 ab
414 4084 546 4160 August.
562 4078 741 4143 damnanda
752 4078 855 4156 aliqua
868 4081 988 4141 senteu-
1036 4075 1075 4137 tis
1084 4092 1183 4137 masse
1195 4074 1318 4140 coaluit.

215 4176 267 4251 ua,
285 4181 320 4240 ut
333 4175 421 4239 illum
434 4175 467 4235 in
483 4172 628 4238 omuibus
641 4169 737 4234 secuti
753 4170 835 4244 sint;
850 4185 988 4229 necsen-
1076 4167 1198 4229 Rursus
1205 4166 1270 4229 sine
1278 4169 1375 4243 gratia
1384 4167 1495 4231 Christi
1507 4167 1583 4228 boni
1591 4167 1669 4233 nihii
1680 4168 1808 4231 omnino

213 4284 284 4330 sum
318 4267 414 4348 ipsius
446 4266 563 4339 modo,
591 4264 645 4325 sed
671 4263 766 4325 rerba
794 4261 889 4323 stiam
920 4259 987 4339 ipsa
1036 4276 1124 4341 posse
1136 4257 1214 4333 fieri,
1231 4258 1358 4337 quidam
1371 4278 1410 4325 ex
1421 4259 1584 4339 Augustini
1602 4259 1721 4341 placitis
1737 4279 1808 4322 con-

213 4354 843 4438 decretissuisexpresserint301quoita
857 4350 983 4431 colligit,
1035 4368 1167 4429 sequens
1193 4356 1314 4430 putant.
1342 4351 1463 4431 Negant
1486 4352 1538 4413 alii
1565 4370 1639 4414 sane
1663 4352 1753 4421 docti.
1777 4359 1809 4414 et

213 4451 478 4531 interpretandam
504 4451 538 4511 in
566 4448 629 4511 illis
654 4447 729 4508 locis
755 4449 894 4508 mentem
920 4461 986 4504 esse
1034 4441 1171 4521 insignes
1197 4442 1344 4521 theologi,
1374 4442 1428 4521 qui
1451 4444 1489 4504 de
1513 4443 1589 4508 honi
1610 4462 1725 4525 genere
1747 4445 1806 4506 isto

213 4544 337 4606 concilii
351 4562 390 4606 ex
403 4542 630 4622 Augustiniana
641 4539 794 4602 docmina.
1034 4536 1185 4593 duntaxat
1196 4534 1404 4609 Augustinum
1413 4535 1757 4616 interpretantur,quod
1766 4538 1805 4598 ad

251 4636 371 4699 Verum
379 4635 465 4710 sulm,
482 4640 513 4696 et
526 4633 627 4699 inanis
636 4637 682 4697 est
691 4631 748 4697 ista
760 4628 984 4693 collectio.N0n
1034 4624 1178 4700 salutem,
1194 4632 1225 4686 et
1238 4631 1386 4691 aeternam
1399 4626 1497 4689 vitam
1510 4629 1631 4690 attinet.
1647 4629 1733 4691 Inter
1748 4628 1806 4688 hos

211 4727 295 4791 araim
313 4729 467 4808 interpres
489 4725 743 4790 tridentinorum
767 4737 922 4784 canonum
946 4720 984 4783 de
1035 4717 1120 4779 uelut
1128 4724 1283 4798 sequestra
1293 4718 1386 4799 pacis,
1402 4725 1433 4780 et
1443 4723 1595 4800 interpres
1609 4719 1757 4801 synodus,
1765 4739 1805 4783 ue

210 4821 310 4899 gratia
319 4820 515 4900 Augustinus
528 4836 592 4879 csse
607 4815 710 4890 debet,
724 4814 784 4878 hoc
797 4817 843 4875 cst
856 4816 982 4876 contro·
1034 4809 1073 4875 de
1096 4810 1244 4872 alterutra
1268 4811 1414 4893 opinione
1440 4812 1653 4892 prejudicium
1680 4810 1802 4879 laceret¹

209 4904 982 4992 versiarum,quoedeiispostilliusobitumexortae
1032 4901 1190 4965 nonnullis
1218 4901 1345 4978 additis,
1371 4902 1413 4964 ita
1440 4904 1624 4983 temperavit
1650 4922 1803 4971 canonem
1849 4934 1855 4944 ·

209 5009 294 5079 sunt,
321 5004 460 5079 arbiter;
492 5002 596 5084 (quam
625 4997 799 5076 interpretis
821 4994 981 5059 notionem
1030 5012 1123 5057 suum
1137 5013 1145 5054 ι
1158 4995 1217 5057 «st
1228 4994 1297 5075 quis
1310 4993 1433 5068 dixerit,
1441 4995 1480 5056 ad
1489 4994 1655 5057 bocsolum
1665 4996 1803 5058 divinam

208 5096 339 5175 epistola
351 5096 567 5176 persequitur,
581 5111 650 5166 nec,
663 5090 688 5150 si
708 5089 796 5151 aliter
817 5086 979 5166 intelligat,
1031 5086 1161 5163 gratiam
1175 5103 1231 5166 per
1247 5086 1402 5149 Christum
1416 5087 1522 5150 lesum
1537 5088 1620 5164 dari,
1637 5095 1673 5150 ut
1685 5087 1803 5151 facilius

209 5205 312 5266 operm
345 5188 480 5267 pretium
514 5186 616 5249 ullum
647 5182 751 5255 faciat,
779 5185 815 5240 ut
839 5178 980 5258 superius
1030 5179 1125 5240 homo
1134 5178 1217 5258 juste
1232 5179 1346 5255 vivere,
1361 5198 1397 5245 ac
1412 5180 1505 5241 vitam
1520 5185 1669 5244 artemam
1683 5198 1804 5261 prorue

206 5278 408 5360 ostendimus)
424 5297 500 5359 uon,
514 5279 656 5357 inquam,
671 5274 755 5337 illius
775 5290 814 5335 ex
839 5271 979 5333 docuina
1030 5269 1091 5331 reri
1106 5271 1213 5353 possit,
1230 5278 1301 5343 cte..
1317 5271 1482 5337 annuens
1497 5273 1535 5334 sit
1545 5271 1567 5333 ¹.
1581 5294 1597 5333 ιι

231 5482 243 5523 l
257 5481 317 5527 sess.
328 5491 361 5534 rt,
374 5490 422 5525 con.
435 5480 457 5524 θ,
