3984 6176
606 385 661 473 DE
680 383 856 461 ANGELlS,
879 383 951 445 LlB.
974 383 1027 458 ΙΙΙ,
1052 382 1138 445 CAP.
1160 384 1213 446 tv,
1666 386 1706 446 85

123 552 454 632 noempotestatisam's
467 550 742 634 tajossptrnome.
756 552 803 614 Ad
817 569 888 631 qrrae
939 553 1040 632 primo
1063 552 1357 613 commentariorum
1375 552 1415 613 ad
1438 551 1583 628 Genesim,
1608 553 1708 631 capite

123 644 213 706 verbs
239 644 396 725 Chrysost.
425 645 564 719 adnotet,
594 644 753 706 diabolum
780 666 795 702 a
823 663 887 705 non
939 663 1012 706 xvn.
1032 667 1048 703 a
1069 645 1136 720 Ille,
1157 646 1269 725 inquit,
1289 645 1470 707 terribiliter
1493 644 1707 723 indignatione

122 738 255 799 ambisse
262 738 563 818 principatuminea,
573 757 642 817 que
649 738 792 799 subacelo
802 742 885 813 sunt,
940 737 1005 814 Dei,
1020 738 1226 798 trementibus
1249 738 1366 798 cunctis
1381 737 1572 816 Angelorum
1586 737 1707 797 ordini-

123 830 212 891 ctiom
224 835 293 909 post
302 836 462 909 peceatum
474 829 496 891 Ι.
510 851 526 888 o
544 831 661 910 Quippe
675 848 731 910 per
749 849 796 906 ea,
817 848 887 908 quas
939 827 1007 896 bus,
1024 830 1100 890 coelo
1115 847 1260 890 excrrssus
1273 831 1306 891 in
1320 830 1404 890 hunc
1417 848 1521 890 aerem
1529 830 1622 889 miser
1631 830 1708 889 ceei-

123 922 261 982 subeoelo
276 927 362 998 sunt,
378 923 502 1003 spiritus
524 923 678 1000 intelligit,
694 923 749 1003 qui
768 922 802 982 in
817 941 887 983 aere
938 921 994 997 dit,
1011 922 1050 981 nb
1060 921 1145 981 omni
1155 922 1223 982 lucc
1234 923 1395 994 extinctus,
1408 922 1707 1000 etjaminaeternum

937 1013 1039 1073 lucem
1066 1013 1121 1073 Dei
1134 1033 1199 1074 non
1220 1015 1353 1074 risurus.
1374 1016 1413 1074 Et
1436 1033 1521 1076 nrtuc
1533 1015 1660 1092 quidem
1673 1014 1707 1073 in

937 1104 1021 1165 hune
1039 1124 1143 1166 aerem
1166 1107 1256 1166 illum
1278 1125 1343 1166 csso
1367 1106 1530 1183 dejectum,
1546 1111 1577 1167 et
1599 1124 1707 1166 omues

937 1197 1081 1259 satellites
1103 1199 1179 1275 ejus,
1201 1218 1278 1277 quas
1290 1216 1395 1258 aereas
1406 1204 1544 1259 catervas
1563 1199 1704 1271 dicimus,

936 1290 1050 1368 passim
1063 1290 1097 1350 in
1113 1291 1278 1370 Scripturis
1291 1291 1441 1350 habemus
1451 1311 1458 1365 3
1469 1290 1556 1350 serbi
1565 1291 1663 1369 gratia
1673 1291 1707 1349 in

935 1382 1082 1461 Apostolo
1109 1383 1239 1458 dicente,
1265 1382 1334 1443 Nea
1356 1390 1397 1442 est
1423 1381 1505 1442 nobis
1533 1382 1706 1442 collectatio

936 1472 1072 1535 adoneus
1094 1493 1223 1552 carnem,
1247 1482 1274 1534 et
1295 1474 1480 1553 sanquinem,
1501 1473 1551 1535 scd
1570 1474 1706 1535 adversas

932 1565 1129 1646 principatus,
1138 1576 1166 1627 et
1176 1574 1341 1647 potestates,
1350 1565 1485 1626 adversas
1495 1565 1601 1626 mandi
1614 1566 1704 1647 lajas

934 1663 1067 1726 rectores,
1084 1658 1270 1719 tenebrarum
1280 1658 1397 1733 taram,
1414 1663 1515 1718 contre
1528 1658 1705 1738 spiritualia

934 1750 1088 1829 nequitiae,
1106 1751 1137 1810 in
1158 1748 1330 1811 celestibus.
1348 1752 1501 1810 Futurum
1520 1756 1565 1810 est
1584 1754 1701 1826 etitem,

934 1844 1016 1904 utin
1036 1842 1194 1904 infernum
1207 1843 1385 1904 interiorem
1396 1842 1572 1903 ridentibus
1585 1845 1704 1903 cunctis

123 1021 299 1090 vasantam
314 1017 399 1094 οἷονεί
412 1016 504 1091 dicat,
523 1015 736 1095 «principem,
751 1021 782 1074 et
791 1014 888 1074 domi-

122 1114 259 1170 natorem
273 1110 376 1169 omnis
387 1109 464 1169 aerii
472 1109 622 1188 spiritus⁶
641 1130 671 1179 n,
686 1110 774 1169 nteit
783 1108 886 1168 Theo-

123 1199 291 1280 pbylnctus.
324 1203 362 1261 At
385 1201 598 1262 'theodoretus
615 1200 808 1260 «diabolum
830 1199 885 1273 ait,

122 1293 191 1353 olim
201 1294 281 1354 aeris
289 1298 474 1373 potestatem
482 1293 695 1354 sibiereditam
704 1292 885 1366 obtinuisse,

121 1385 158 1446 ab
181 1403 278 1464 suosne
302 1391 545 1465 pestpeeeatum
566 1385 711 1446 excidisse
725 1382 751 1446 Ι.
773 1404 789 1442 n
811 1384 886 1458 Qum

120 1476 208 1538 rerba
218 1478 383 1557 descripsit
394 1477 611 1539 OEenmcuius.

157 1570 215 1630 Sed
229 1570 463 1632 observandum
481 1576 537 1646 est,
552 1569 636 1650 quod
650 1570 749 1631 Greci
764 1568 807 1629 illi
822 1573 885 1629 tra-

120 1662 204 1737 dunt,
218 1661 392 1736 diabolum,
418 1668 585 1741 antequam
607 1671 757 1742 peccaret,
772 1662 886 1740 princi-

118 1771 184 1834 pem
196 1773 213 1814 a
227 1755 296 1816 Deo
309 1756 513 1815 constitutum
533 1755 613 1815 aeris
624 1754 729 1832 hujus,
746 1754 887 1813 octatius

119 1845 223 1906 mundi
242 1847 347 1926 plagae
370 1846 448 1907 acela
462 1846 621 1925 sth'cctoe.
641 1847 690 1906 Ita
709 1846 794 1906 enim
818 1850 887 1923 post

119 1937 222 1999 orbem
249 1937 415 1999 conditum
428 1956 569 2018 peccasse
588 1938 715 1998 demum
734 1938 802 1998 illos
816 1955 887 1998 con-

119 2048 244 2110 equens
258 2030 330 2092 erit.
345 2032 425 2092 Nem
440 2031 557 2091 Adamo
575 2034 679 2092 create
699 2030 766 2110 jam
778 2048 886 2109 peeca-

118 2130 208 2183 terat.
237 2123 335 2202 Atqui
362 2124 457 2202 longo
488 2128 561 2184 ante
586 2123 696 2184 mundi
726 2123 885 2184 conditum

119 2213 276 2273 intcwallo
300 2212 433 2287 Angelos
455 2214 604 2273 exstitisse
637 2213 811 2285 communis
840 2216 886 2272 est

118 2305 291 2366 (trecorum
316 2306 434 2384 opinio,
463 2309 495 2366 et
517 2304 613 2385 ipsius
635 2305 713 2366 adeo
736 2305 884 2384 Chryses-

118 2397 201 2473 tomi,
215 2404 253 2458 ut
267 2415 364 2478 supra
383 2397 613 2458 meminimus¹.
633 2398 705 2458 ldeo
726 2401 885 2458 consenta-

118 2506 209 2551 neum
237 2490 308 2564 erit,
329 2489 499 2565 diabolum,
523 2489 653 2568 ejusque
675 2490 773 2550 socios
799 2489 884 2552 haud

118 2582 225 2661 exiguo
239 2582 340 2661 spatie
351 2580 451 2642 bonos
459 2580 542 2642 int‘er
558 2580 657 2643 bones
670 2581 792 2643 vixisse.
811 2583 882 2657 Sed,

117 2673 292 2753 siApostoli
305 2673 448 2753 simplex,
464 2678 596 2734 etvetus
605 2691 712 2735 sensus
722 2674 883 2753 qrraeritur,

934 1935 1143 2014 precipitatur
1156 1936 1304 2011 inignem
1319 1942 1482 2011 aeteruum,
1500 1937 1554 2014 qui
1579 1942 1705 2012 paratus

934 2032 980 2086 est
993 2028 1033 2104 ei,
1048 2034 1079 2088 et
1089 2029 1216 2106 Angelis
1229 2028 1306 2106 ejus.
1325 2027 1411 2089 Sicut
1420 2029 1504 2088 enim
1512 2028 1705 2108 homoprop-

933 2126 982 2179 ter
1006 2120 1143 2199 primum
1167 2125 1325 2199 peecatum
1349 2120 1386 2180 de
1410 2120 1562 2199 paradiso,
1586 2120 1619 2178 in
1642 2139 1704 2200 <pto

933 2229 1132 2290 nequaquam
1154 2213 1297 2273 conditus
1321 2212 1431 2284 suerat,
1458 2213 1573 2291 ejectus
1597 2218 1653 2286 est,
1669 2219 1705 2272 ut

933 2311 1114 2383 operaretur
1139 2305 1221 2365 hanc
1253 2310 1379 2373 terrem,
1406 2305 1444 2365 de
1475 2323 1536 2383 qua
1561 2312 1704 2384 sumptus

932 2394 1049 2472 fuerat3
1066 2396 1110 2457 sic
1124 2402 1156 2457 et
1168 2397 1220 2457 ille
1239 2397 1278 2456 de
1299 2397 1386 2470 coelo,
1410 2415 1471 2475 quo
1494 2415 1550 2475 per
1572 2397 1704 2474 gratiam

933 2487 1599 2568 cumceeterisspiritibusreceptusluerat,in
1607 2488 1702 2563 hunc,

933 2580 971 2640 de
995 2599 1057 2659 qun
1089 2586 1210 2641 creatus
1234 2580 1346 2653 lucrat,
1373 2581 1504 2658 rejectus
1528 2585 1573 2639 est
1600 2598 1705 2640 aerem

932 2671 1145 2751 caliginosum,
1159 2679 1266 2752 utpote
1280 2672 1414 2732 necdum
1428 2672 1502 2743 sole,
1520 2678 1551 2731 et
1574 2671 1659 2746 lune,
1674 2679 1705 2734 et

117 2782 280 2845 parcerem
289 2765 485 2841 intelligendi
492 2770 565 2827 sunt
576 2766 653 2826 aerii
663 2767 788 2846 spiritus
797 2766 883 2843 mali,
931 2764 1028 2825 stellis
1041 2765 1238 2837 illustratum,
1248 2765 1506 2825 eumillecreatus
1520 2770 1566 2824 est
1578 2785 1586 2839 ;
1598 2765 1703 2843 inquo

118 2859 146 2916 in
158 2876 237 2937 quos
250 2858 412 2931 eumdem,
426 2876 520 2936 quem
533 2862 606 2918 ante
619 2864 779 2938 peecatum
790 2859 884 2919 sorti-
931 2874 989 2917 nee
1001 2858 1095 2918 modo
1110 2857 1167 2918 sibi
1184 2857 1223 2916 ad
1242 2858 1452 2935 recipiendam
1466 2856 1568 2916 lucem
1590 2856 1636 2915 sol
1649 2859 1705 2916 iste

117 2955 252 3024 luserat,
266 2948 412 3010 diabolus
425 2949 632 3028 principatum
653 2951 776 3012 retinet.
795 2951 885 3018 Quod
931 2949 1075 3027 prodesse
1089 2952 1201 3028 potest,
1223 2948 1344 3009 atinde
1366 2965 1439 3008 cum
1459 2946 1584 3024 Angelis
1598 2947 1707 3007 suiset

118 3040 146 3101 in
156 3041 337 3103 OEeumenii
351 3041 467 3102 Catane
480 3041 623 3120 legitur*.

153 3135 188 3195 ΙΙ.
211 3135 338 3194 Rursus
363 3134 402 3194 de
423 3133 616 3195 habitatione
644 3133 823 3192 daemonum
851 3131 883 3191 in

118 3242 182 3286 aare
204 3225 355 3287 meminit
386 3226 537 3286 Eusebius
564 3226 596 3286 in
630 3224 710 3285 libro
736 3224 827 3285 tertio
851 3222 886 3284 de

119 3316 369 3379 &namneticae
396 3317 610 3399 Evangelieo,
640 3324 671 3378 et
689 3318 722 3377 in
740 3317 883 3390 decimo,

119 3417 148 3470 ct
166 3411 409 3489 chrysostomus
431 3410 562 3471 homilia
588 3425 621 3469 nl
647 3410 680 3469 in
705 3409 794 3488 epist.
816 3425 826 3468 1
846 3409 887 3467 nd

123 3502 395 3577 Titessalonieenscs,
411 3502 625 3563 Theodoretus
644 3501 782 3562 eratione
797 3501 887 3562 tertia

120 3601 216 3655 centra
239 3594 372 3669 Grecos,
388 3595 575 3673 Fulgentius
590 3593 670 3655 libro
683 3592 718 3653 de
734 3595 760 3653 T
758 3592 886 3670 toin‘tate,

121 3689 212 3767 capite
224 3685 568 3759 pronuntiantium
581 3684 616 3746 dc
632 3684 779 3747 Grndsidns
789 3682 886 3745 Autot-

121 3777 224 3854 titntis,
240 3785 272 3839 et
283 3780 319 3839 iu
333 3777 501 3845 Psalmasn,
521 3778 581 3853 Qui
595 3775 721 3838 dabitat.

156 3869 887 3951 Repertussero,nulloexeept0,deemonesom-

121 3980 170 4022 nes
183 3962 216 4024 in
233 3981 342 4025 serem
352 3962 571 4022 tantummodo
588 3960 721 4039 dejectos
735 3961 885 4040 usquead

120 4054 250 4136 supremi
274 4054 387 4135 judicii
409 4053 493 4115 diem
513 4052 557 4113 ibi
577 4071 705 4114 manere
718 4052 826 4114 statuit
851 4053 885 4114 in

152 4321 172 4361 a
189 4306 256 4362 Ean.
280 4320 311 4377 11,
339 4305 367 4361 2.
382 4304 430 4359 Τδν
449 4305 557 4377 ἄρχοντα
573 4307 617 4373 τῆς
638 4302 745 4368 lineola<
760 4309 803 4359 τοῦ
817 4304 887 4377 ἀέρος

122 4389 316 4462 τοῦπνεῦμοτος.

153 4473 288 4529 bcmrs.
313 4472 390 4528 hom.
415 4488 443 4528 tv
467 4471 496 4528 in
521 4488 564 4543 ap.
590 4469 632 4527 ad
652 4471 730 4546 Epic.
750 4471 887 4545 'Epolptp

122 4557 326 4629 ἰοιεῖγενόμενος
343 4555 429 4629 ἅρχων
444 4555 491 4609 tat
508 4557 551 4609 τὸν
566 4554 668 4626 otperht
684 4555 716 4628 μὴ
733 4574 890 4629 μεταπεπτω-

121 4640 182 4694 κέναι
190 4643 234 4708 τῆς
247 4639 327 4714 ἀρχῆς
340 4640 382 4694 aad
397 4637 459 4713 μετὰ
469 4638 513 4708 τὴν
527 4639 674 4710 παράδοσιν.

151 4860 242 4912 'liras
265 4857 385 4911 Patavium
409 4869 454 4909 noo
474 4856 558 4908 vidisse
584 4855 608 4907 in
623 4854 725 4919 Grecis,
740 4871 791 4922 qua
805 4855 887 4923 partim

124 4936 201 4999 poert
212 4936 236 4987 iu
250 4935 367 4999 margine,
384 4931 453 4983 rerba
472 4932 538 4983 Pauli
551 4931 610 4983 male
630 4932 697 4983 latios
710 4947 725 4984 a
737 4947 762 4984 ss
775 4933 888 4998 adscripta

125 5010 194 5063 besa.
214 5009 287 5063 [labet
312 5008 400 5060 Paulus
423 5024 429 5057 z
449 5005 599 5058 nimisnimtis
624 5009 757 5059 secundam
770 5009 888 5058 secatum

126 5088 202 5138 met
215 5089 299 5152 injus,
313 5082 378 5136 κατὰ
392 5082 434 5137 τον
449 5082 556 5154 ἄρχοντα
569 5084 612 5149 τῆς
625 5080 733 5144 ἔξουσίας
748 5089 792 5137 τοῦ
806 5081 886 5154 ἀέρος,

127 5157 165 5213 τοο
176 5163 311 5235 usipetes
324 5166 370 5217 τοῦ
386 5156 428 5213 sos
452 5159 606 5234 ἐνεργοῦντος
621 5181 627 5212 :
643 5162 773 5215 Secundum
786 5167 889 5230 potcsta-

128 5246 166 5291 tcso
178 5242 229 5294 αἱς
242 5242 313 5310 (addit
334 5241 397 5307 vulg.
412 5240 495 5307 totns)
521 5240 620 5308 Spiritus
639 5241 677 5305 qui
694 5243 887 5306 nuncupantem

127 5315 166 5370 Aac
176 5322 209 5369 cst
225 5318 361 5386 Spiritalem
374 5319 417 5385 qut
429 5321 474 5369 etc.
486 5316 544 5368 Nam
552 5318 659 5383 potestas
675 5318 741 5368 actis
754 5320 806 5368 sunt
818 5330 890 5369 caco·

151 5513 161 5558 t
175 5513 218 5560 lb.
228 5513 246 5569 l,
256 5524 303 5572 esp.
314 5524 379 5560 xse-
391 5509 405 5553 Ι
419 5512 465 5560 tn.
479 5511 497 5565 1,
510 5522 556 5568 cop.
567 5523 610 5567 ur,
620 5522 642 5557 n.
656 5512 691 5557 15.

933 3040 1022 3100 malis
1034 3040 1224 3113 hominibus,
1231 3045 1358 3119 propter
1366 3046 1494 3119 peccata
1504 3057 1705 3117 perseveran-

933 3133 987 3209 tia,
1002 3133 1036 3192 in
1050 3132 1099 3193 die
1123 3131 1235 3209 judicii
1262 3131 1502 3212 praecipitandus
1524 3137 1579 3191 est.
1596 3154 1611 3189 n
1629 3132 1706 3192 Vide

933 3223 1122 3286 cumdemin
1132 3217 1213 3284 libro
1230 3224 1330 3301 primo
1341 3222 1376 3283 de
1395 3223 1526 3284 Victoria
1542 3222 1703 3299 VerbiDei,

933 3335 1087 3395 capsxxv.
1105 3316 1187 3377 Sane
1210 3316 1425 3377 incredibilem
1439 3312 1602 3376 aereorum
1616 3316 1704 3377 inm-

933 3407 1035 3469 larnm
1050 3409 1172 3488 copiam
1192 3408 1337 3468 describit
1352 3410 1464 3467 AEnoas
1479 3409 1706 3486 Gazeeus,eujus

933 3501 1028 3560 rerba
1038 3519 1131 3579 supra
1144 3500 1372 3578 descripsimus,
1381 3518 1453 3560 cum
1466 3501 1504 3559 de
1515 3499 1706 3578 Angelorum

934 3592 1133 3653 multitudine
1151 3610 1231 3670 pena
1253 3591 1376 3652 infinita
1405 3592 1501 3651 verba
1524 3591 1704 3653 faceremus

935 3684 981 3744 lbi
995 3683 1079 3744 enim
1091 3684 1221 3762 plenum
1235 3683 1279 3743 ait
1292 3702 1357 3744 esse
1372 3701 1487 3759 aerem,
1512 3683 1637 3763 plenam
1648 3691 1707 3745 ter-

933 3794 1011 3852 ram,
1028 3781 1059 3836 et
1071 3793 1167 3843 mare,
1184 3782 1301 3854 atquae
1322 3776 1476 3836 subterra
1490 3782 1572 3849 sunt,
1590 3776 1706 3836 demo-

933 3869 1035 3929 nibus.
1050 3868 1138 3940 Quod
1151 3873 1337 3947 etrespouso
1357 3869 1491 3947 quodam
1508 3886 1565 3927 suo
1578 3886 1707 3928 unrrsex

932 3960 993 4023 illis
1008 3964 1137 4021 testatus
1150 3966 1195 4020 est
1207 3960 1328 4040 Apollo,
1353 3966 1389 4021 ut
1410 3960 1504 4021 refert
1526 3960 1706 4021 Lactantius

934 4052 967 4114 in
979 4053 1048 4114 lraec
1058 4052 1163 4125 verba,

972 4322 988 4363 ο·
1005 4307 1165 4363 l'neonnrt.
1183 4307 1436 4361 tauctoritatem
1454 4309 1572 4381 ἄρχοντα,
1588 4310 1628 4364 nel
1646 4308 1710 4373 ἔξου·

934 4390 1037 4458 enanis
1052 4391 1141 4454 παντὸς
1154 4389 1262 4462 inceptae
1271 4392 1419 4464 πνεύματος.

971 4473 993 4529 cl
1012 4475 1117 4530 Tusco.
1142 4472 1188 4536 Ὣς
1199 4474 1275 4527 πάλαι
1295 4473 1337 4547 μὲν
1351 4475 1365 4529 A
1379 4476 1493 4541 διάὸολος
1511 4482 1554 4530 τοῦ
1570 4476 1641 4550 ἀέρος
1656 4476 1706 4531 ἐνε-

934 4558 1049 4626 πιοτεύθη
1071 4556 1115 4626 τὴν
1141 4555 1265 4623 ἐξουσίαν,
1292 4556 1399 4613 ἐκπεσὼν
1430 4559 1457 4616 δὲ
1471 4560 1570 4632 ’ταύτης
1597 4560 1638 4614 διὰ
1661 4561 1704 4633 τὴν

934 4640 1060 4712 πονηρίαν.

935 4860 1058 4922 meones,
1073 4859 1108 4927 vel
1123 4859 1281 4927 spiritusque·
1294 4866 1425 4927 operantur
1438 4864 1464 4914 in
1477 4865 1704 4930 nttosnttptentte.

936 4936 976 4987 Est
998 4948 1052 5000 erge
1072 4935 1131 5001 apud
1150 4936 1245 4987 Paulum
1258 4937 1380 5002 singularis
1391 4953 1438 5002 pro
1466 4939 1558 5004 plurali,
1573 4941 1706 5014 πνεύματος

936 5025 977 5078 pre
1008 5011 1162 5082 πνευμάτων.
1191 5012 1284 5063 Fallitur
1313 5013 1335 5064 in
1363 5014 1507 5079 sequentibus
1529 5018 1648 5085 Petarius,
1667 5023 1706 5074 nbi

936 5103 1018 5140 noem
1032 5090 1128 5156 explicat
1148 5088 1246 5155 Spiritus
1256 5087 1328 5139 malos
1341 5102 1433 5150 acrcos;
1459 5106 1510 5142 nans
1524 5097 1639 5159 sequentia
1652 5099 1707 5148 satis

937 5166 1057 5216 ostendunt
1071 5165 1195 5230 significari
1215 5164 1291 5214 laeum
1312 5164 1334 5214 in
1355 5178 1399 5229 qno
1419 5164 1518 5230 Spiritus
1531 5168 1564 5219 illi
1578 5177 1704 5234 remeatur,

937 5243 1061 5309 prasertim
1074 5242 1094 5292 si
1103 5240 1248 5294 contermtur
1257 5254 1309 5291 cum
1325 5241 1414 5306 nene.
1425 5252 1461 5300 νι,
1481 5243 1519 5294 ta.
1571 5247 1615 5298 tn.
1626 5249 1671 5298 Aa.
