4004 6168
620 376 671 438 DE
691 374 862 439 orlatele
882 374 956 438 SEX
976 378 1142 444 DIERUM.
1616 383 1675 443 553

86 538 192 601 raliter
203 545 323 620 potest3
339 542 391 602 vix
404 540 439 601 in
452 540 561 603 endem
574 542 686 621 specie,
703 547 734 603 et
744 546 857 603 natura
904 541 1083 606 hominibus
1092 542 1199 626 'potius
1210 545 1390 623 concedere,
1402 565 1496 626 quam
1505 545 1673 626 denegare:

86 631 178 713 positi
193 649 260 693 esse
274 632 449 695 rideantur.
464 632 565 713 Atque
575 634 620 694 ita
630 633 857 713 intelligiiacile
905 651 941 694 aa
968 653 1126 698 summum
1150 638 1240 699 illum
1267 636 1413 719 opificem
1439 639 1561 699 deceret
1581 656 1676 718 quam

85 730 198 804 potest,
212 725 300 803 quod
319 726 413 787 modo
435 744 501 787 non
514 728 588 798 satis
615 727 762 807 explicari
779 727 858 788 dice·
905 728 1142 802 asennaeum
1155 731 1251 810 possit
1263 731 1395 792 humani
1409 731 1545 810 corporis
1558 730 1674 791 bumo-

85 816 175 892 bam;
191 816 365 896 bominem,
381 820 472 899 primi
486 819 623 899 parentis
640 818 780 895 crimine,
793 836 858 880 non
906 836 956 880 res
981 822 1066 882 varie
1086 822 1216 883 miscere
1230 840 1265 884 aa
1286 828 1476 903 temperare3
1502 822 1675 902 animasque

85 908 189 969 solum
222 910 390 989 spoliatum
415 912 575 991 gratuitis3
607 911 660 972 sed
674 912 858 973 mulctatum
906 911 947 972 ad
968 912 1136 974 suosaotus
1158 915 1349 993 peragendos
1363 933 1490 994 organa,
1505 919 1599 994 atque
1612 916 1676 976 ins-

86 1017 212 1079 qnoque
224 1008 257 1061 et
269 1002 468 1066 vulneratum
481 1005 515 1064 in
536 1003 748 1064 naturalibus:
765 1021 858 1084 quem
905 1006 1064 1065 tramenta
1078 1010 1184 1084 aptare
1197 1006 1286 1067 valde
1312 1007 1446 1082 diversa3
1471 1008 1602 1081 deceret,
1626 1008 1674 1067 in·

86 1097 205 1165 nmen,
227 1098 260 1154 et
285 1094 476 1171 auctoritate,
493 1098 526 1157 et
538 1096 659 1157 ratione
674 1100 756 1157 certo
770 1114 859 1157 eons-
907 1112 1011 1172 quam,
1028 1102 1181 1176 quantum
1195 1097 1261 1158 fieri
1284 1101 1396 1177 potest,
1411 1098 1515 1178 aliqua
1528 1099 1676 1160 varietate

86 1188 139 1258 tat,
156 1184 240 1245 nihil
255 1203 365 1247 eorum
376 1186 526 1260 amisisse,
538 1205 608 1266 que
622 1188 747 1267 propria
760 1187 860 1249 bomi-
906 1195 1036 1261 servata,
1053 1190 1202 1251 caomnia
1213 1190 1357 1250 omnibus
1367 1189 1545 1267 attribuere,
1556 1190 1595 1251 ad
1605 1209 1676 1252 suos

87 1276 132 1337 nis
145 1283 234 1350 sunt,
250 1279 372 1359 ipsique
385 1279 542 1341 innocenti
555 1280 718 1341 debentur.
740 1279 858 1359 Nempe
905 1296 981 1339 usus
991 1281 1127 1341 maxime
1152 1282 1274 1356 idonea,
1303 1287 1395 1362 atque
1419 1282 1562 1362 perfecta.
1589 1284 1676 1357 Quod

18 1374 21 1378 ’
87 1368 119 1428 in
143 1367 356 1431 lunestissimo
371 1371 424 1432 illo
448 1377 569 1433 naturae
591 1377 705 1432 nostroe
727 1372 855 1448 erudio,
905 1372 1165 1435 contravidemus
1182 1376 1233 1454 agi
1246 1393 1319 1436 cum
1332 1380 1443 1436 natura
1458 1374 1550 1455 primi
1559 1378 1677 1455 peccati

88 1478 150 1521 non
164 1461 270 1522 solum
284 1463 374 1523 nobis
385 1468 505 1543 erepta,
521 1469 613 1542 atque
633 1463 739 1523 avulsa
751 1464 857 1542 gratita
905 1480 970 1539 rea,
985 1463 1020 1525 in
1042 1482 1105 1544 qua
1118 1472 1181 1527 tam
1204 1468 1295 1528 multi
1323 1468 1403 1528 male
1425 1467 1490 1547 apti
1510 1466 1541 1528 et
1561 1467 1674 1544 affecti,

88 1551 170 1613 dona
185 1553 304 1631 omnia,
320 1555 403 1634 quod
417 1556 521 1635 ipsum
530 1561 650 1617 naturae
664 1556 778 1617 vulnus
790 1574 859 1634 gra·
905 1556 996 1631 tardi,
1008 1557 1144 1628 hebetes,
1156 1560 1283 1639 stupidi,
1298 1559 1426 1635 debiles,
1441 1561 1556 1627 manci,
1578 1560 1676 1621 defor-

88 1644 253 1706 vissimnm
267 1646 560 1728 acerbissimumque
577 1646 669 1709 luisse
681 1667 745 1709 non
758 1666 855 1727 nego;
906 1663 983 1723 mes,
998 1651 1185 1711 monstruosi
1195 1657 1377 1713 nascuntur.
1387 1652 1420 1712 ln
1434 1657 1514 1712 statu
1523 1652 1675 1713 Innocen-

88 1738 138 1799 sed
152 1739 207 1798 aio
221 1744 428 1818 praetereaea
444 1758 501 1801 nos
515 1740 553 1801 de
566 1757 658 1801 causa
676 1740 743 1801 aliis
763 1759 858 1820 quam
905 1738 957 1799 tia
984 1739 1119 1802 infelices
1140 1742 1189 1803 isti
1213 1748 1334 1804 naturae
1365 1743 1491 1804 abortum
1517 1743 1571 1803 aut
1596 1744 1675 1804 nulli

88 1829 233 1907 plurimis
245 1830 420 1903 destitutos,
436 1850 507 1911 quae
529 1833 610 1892 Deus
630 1849 669 1891 ex
682 1833 750 1911 ipso
764 1832 859 1894 etiam
907 1837 1018 1908 essem,
1032 1832 1125 1894 etiam
1139 1838 1260 1895 remoto
1272 1835 1499 1914 supernaturali
1512 1835 1605 1909 dono,
1621 1842 1676 1897 aut

88 1920 289 1999 patrimonio,
311 1940 347 1983 ac
375 1941 468 1984 sensu
495 1929 615 1985 naturae
642 1922 858 1985 inhominem
906 1922 1074 1984 admodum
1085 1924 1159 1985 rari.
1175 1926 1305 2006 Nempe,
1321 1932 1357 1987 ut
1370 1926 1400 1986 id
1415 1926 1520 2005 paucis
1534 1946 1675 2007 compre-

88 2012 172 2092 large
202 2019 377 2092 erogasset;
399 2033 531 2095 quaeque
557 2014 803 2094 supernaturalia
823 2035 860 2078 ea
907 2014 1054 2089 bendam,
1066 2016 1143 2077 duos
1151 2017 1233 2078 inter
1242 2024 1373 2092 naturae,
1384 2023 1481 2078 status
1490 2018 1674 2096 innocentis,

88 2104 193 2165 solnm
206 2105 244 2165 de
257 2124 349 2167 causa
363 2106 422 2167 dici
436 2111 590 2186 poterant,
605 2107 689 2186 quod
703 2106 742 2167 ad
755 2125 861 2187 super-
909 2124 946 2167 ac
957 2124 1037 2180 reae,
1054 2108 1225 2170 universim
1244 2110 1304 2171 boc
1324 2111 1462 2186 interest,
1484 2111 1580 2189 quod,
1595 2111 1676 2172 intra

88 2214 161 2256 nam
176 2196 315 2258 hominis
334 2197 557 2259 beatitudinem
579 2198 768 2260 extrinsecus
781 2199 859 2259 diria
907 2197 977 2259 illos
989 2198 1136 2262 bumana
1156 2208 1279 2262 naturae
1292 2202 1381 2277 fines,
1397 2220 1474 2281 quos
1488 2202 1552 2262 dixi
1573 2208 1677 2282 patere

88 2294 249 2367 gerentur.
265 2288 374 2350 Atista
382 2289 560 2365 bona,licet
572 2290 735 2365 naturalia,
755 2310 860 2353 nonne
907 2288 1065 2367 latissime,
1075 2291 1110 2351 in
1118 2292 1178 2353 boc
1189 2293 1316 2372 quidem
1326 2299 1409 2354 statu
1420 2294 1562 2354 homines
1570 2294 1679 2357 intima

89 2384 195 2441 temen
219 2381 280 2441 dici
304 2388 430 2460 possent
455 2382 538 2443 dona
558 2382 703 2461 gratuita,
726 2382 820 2444 etiam
834 2384 860 2444 si
906 2387 1050 2458 teneant3
1064 2384 1099 2444 in
1116 2384 1170 2445 illo
1183 2390 1323 2447 tenerent
1337 2403 1497 2463 suprema:
1518 2393 1553 2447 ut
1567 2389 1678 2448 merito

89 2489 150 2532 non
166 2471 566 2535 eoreierrenturtPossent
579 2474 698 2552 utique,
713 2474 740 2533 si
753 2473 860 2553 singu·
908 2492 946 2534 ex
977 2474 1037 2536 hoc
1068 2474 1161 2536 etiam
1183 2477 1334 2545 dicantur,
1357 2477 1399 2537 ibi
1428 2477 1461 2537 in
1486 2479 1678 2540 naturalibus

89 2563 187 2626 larem
206 2564 343 2644 aliquem
364 2565 524 2626 bominem
548 2570 681 2646 spectes:
697 2583 763 2627 non
786 2584 859 2627 vero
907 2564 1029 2641 integri,
1051 2566 1149 2628 hicin
1162 2568 1356 2629 naturalibus
1369 2568 1533 2630 vulnerati.
1548 2572 1583 2643 ln
1597 2576 1679 2632 statu

90 2656 228 2718 sitotam
256 2662 399 2717 naturam
429 2675 500 2717 cum
526 2656 733 2718 universitatis
752 2657 857 2735 hujus,
907 2676 994 2737 purae
1017 2663 1137 2720 naturae
1165 2677 1258 2721 nemo
1279 2661 1405 2740 quidem
1428 2661 1538 2722 mortis
1569 2680 1679 2742 expers

90 2749 178 2827 cnjus
190 2766 264 2827 pars
276 2755 350 2810 sunt
371 2749 424 2812 illa
437 2749 539 2826 bona;
561 2754 631 2810 tum
651 2749 743 2810 etium
756 2750 858 2812 homi·
907 2748 1004 2810 foret:
1027 2749 1112 2828 quod
1136 2752 1220 2813 enim
1245 2758 1378 2813 mortem
1404 2750 1445 2813 ab
1466 2752 1593 2814 homine
1611 2773 1679 2834 per·

91 2858 167 2901 narn
180 2841 861 2921 ipsorum:euipleraqueillorum,utschola
908 2847 1003 2919 petuo
1036 2848 1163 2916 arcem,
1200 2842 1232 2904 id
1262 2844 1390 2905 omnino
1411 2850 1456 2905 est
1476 2845 1680 2924 supranomi-

90 2931 240 3011 loquitur,
267 2932 375 2993 saltem
401 2931 578 3013 disjunctive
603 2932 766 2993 debentiu.
787 2934 860 2995 Haec
908 2951 993 2994 nem.
1009 2933 1045 2992 ln
1066 2952 1103 2995 eo
1118 2938 1236 2995 'autem
1249 2954 1267 2995 a
1281 2936 1372 2997 nobis
1395 2936 1563 3013 differrent,
1582 2937 1677 3015 quod,

91 3024 185 3096 onim,
199 3025 345 3085 atterius
356 3042 438 3101 reor,
451 3024 685 3104 inunoquoque
697 3024 859 3105 singulari,
908 3029 944 3085 ut
989 3031 1091 3085 essent
1135 3026 1256 3088 meliori
1297 3028 1433 3107 corporis
1471 3028 1677 3103 habitudine,

91 3121 181 3194 etque
215 3113 379 3178 individuo
397 3115 525 3177 homine
552 3115 707 3177 disemum
735 3117 860 3195 quidem
908 3116 1005 3176 vitam
1014 3121 1046 3176 et
1058 3116 1178 3182 felicius
1186 3118 1404 3197 transigerent.
1420 3125 1451 3181 et
1469 3120 1585 3181 diutius
1605 3140 1677 3200 pro·

91 3207 189 3269 inesse
203 3207 282 3287 petit
303 3207 535 3283 collectionem,
552 3207 862 3288 complexionemque
908 3208 1244 3271 ducerentt1aeterum
1273 3228 1325 3271 eos
1350 3212 1444 3272 etiam
1472 3212 1599 3274 tandem
1621 3214 1678 3274 ali-

92 3298 308 3374 aacidentinm,
323 3300 529 3379 quaproprin
538 3300 577 3359 sit
586 3300 653 3379 ejus
662 3300 759 3362 veluti
771 3306 857 3379 nota,
909 3300 1034 3380 quaudo
1047 3306 1101 3361 aut
1114 3301 1217 3381 aliqua
1229 3302 1277 3363 ris
1286 3302 1402 3376 morbi,
1419 3309 1474 3363 aut
1487 3318 1600 3364 natura
1612 3304 1678 3386 ipsa

92 3396 184 3470 atque
219 3391 356 3469 insigne3
383 3391 516 3452 nonita
534 3397 661 3463 tamen,
691 3398 727 3454 ut
745 3398 861 3455 certam
908 3399 1112 3454 consumeret.
1127 3394 1216 3467 Quod
1229 3395 1675 3475 veropertinetadappetitum,

93 3482 439 3562 qnamdamdefinitam,
455 3482 600 3559 etfixam,
614 3488 783 3561 autunum,
795 3503 860 3565 pres
909 3483 947 3544 de
960 3501 1022 3563 quo
1041 3484 1093 3545 bic
1110 3485 1265 3565 precipue
1287 3485 1419 3563 agimus,
1443 3504 1502 3548 nec
1522 3487 1549 3548 si
1566 3493 1679 3550 natine

92 3574 199 3636 eliain
221 3592 381 3655 quoquam
408 3593 448 3636 ex
474 3592 540 3636 sese
567 3575 730 3636 desiderat.
758 3576 861 3638 Unam
909 3574 1069 3653 innocens,
1093 3581 1187 3655 atque
1208 3577 1310 3638 omnis
1334 3579 1464 3639 maculae
1488 3590 1567 3660 pura
1586 3580 1675 3656 foret,

92 3667 313 3746 qrmmlibetex
335 3666 466 3727 infinitis
479 3667 577 3745 magis
600 3665 766 3747 minusque
788 3686 859 3748 per·
909 3666 1062 3744 homines,
1077 3667 1133 3729 ubi
1153 3669 1285 3748 gratim
1299 3687 1458 3744 amoram,
1475 3672 1680 3751 acupiditati·

92 3758 174 3820 tectis
200 3758 299 3838 erigit
324 3776 363 3818 ex
390 3775 423 3819 se
451 3764 580 3819 natura:
601 3776 664 3836 quo
690 3761 736 3836 tlt,
750 3765 787 3821 ut
808 3761 860 3822 cui
910 3760 978 3834 bus,
998 3760 1332 3841 acperturbationibus
1350 3762 1544 3842 planetiberi
1556 3771 1676 3827 essent:

92 3851 201 3913 melior
226 3852 377 3930 impresse
402 3855 448 3911 est
471 3850 676 3912 accidentium
694 3856 779 3926 nota,
795 3857 860 3912 tarn
909 3850 943 3911 in
956 3868 993 3911 eo
1007 3852 1092 3912 enim
1106 3857 1189 3912 statu
1214 3855 1307 3913 etiaun
1329 3870 1378 3913 res
1400 3852 1526 3931 objectae
1540 3855 1680 3916 sensibus

93 3943 276 4023 nibilsupro
286 3942 458 4003 humanam
467 3941 677 4003 conditionem
687 3948 862 4023 sortemque
910 3959 1003 4003 suum
1016 3944 1114 4003 ictum
1123 3944 1350 4022 baberent,qu0
1362 3945 1504 4004 animum
1513 3945 1676 4024 pellerent.

93 4036 261 4115 acceperit3
277 4051 372 4113 quam
384 4032 579 4112 nibilaccipit
591 4039 710 4108 contra,
722 4035 859 4113 quincta
913 4035 1038 4110 Verum,
1054 4053 1127 4095 cum
1139 4052 1203 4095 esse
1217 4036 1252 4096 iu
1270 4035 1398 4095 homine
1416 4037 1513 4115 possit
1523 4045 1679 4118 tempera-

93 4126 243 4188 deteriore
262 4124 472 4204 distinguitur.
492 4126 617 4186 Naturae
637 4124 771 4200 scilieet,
789 4145 858 4206 quae
909 4130 981 4187 tura
1000 4126 1140 4205 corporis
1148 4131 1202 4187 aut
1210 4126 1377 4201 ardentior,
1389 4132 1443 4187 aut
1451 4128 1550 4207 magis
1560 4129 1676 4208 quieta,

94 4217 274 4280 alterutram
297 4216 483 4297 postulabat,
496 4215 686 4277 satisfactum
702 4235 740 4277 ex
758 4236 858 4297 aequo.
911 4222 942 4278 et
969 4222 1091 4297 pacata;
1113 4217 1148 4277 in
1169 4235 1265 4298 eaque
1289 4219 1441 4299 appetitus
1454 4219 1571 4299 sitipse
1585 4222 1678 4283 etiam

94 4309 215 4371 Idrero
243 4327 307 4371 non
347 4314 471 4369 tantum
496 4308 534 4369 de
561 4308 650 4369 vultu
677 4309 858 4389 iutelligen-
910 4308 1170 4386 effervescentior,
1198 4311 1376 4383 vehemens,
1406 4310 1501 4385 modi,
1528 4311 1679 4393 frenique

95 4400 168 4462 dum
203 4407 260 4476 est,
295 4400 395 4479 deque
423 4405 551 4461 externa
575 4400 713 4479 corporis
740 4403 853 4479 speeie,
910 4400 1040 4462 minime
1064 4401 1200 4481 patiens;
1229 4403 1262 4462 in
1289 4403 1386 4463 altera
1410 4419 1485 4462 vcro
1517 4412 1680 4468 moveatur

95 4500 184 4573 atque
196 4492 394 4566 habitudine3
410 4492 463 4553 sed
478 4492 572 4554 etiam
586 4492 624 4552 de
636 4491 782 4554 interiore
792 4494 857 4574 ipso
909 4493 1076 4566 remissius,
1092 4511 1128 4554 ac
1155 4493 1221 4570 regi
1243 4495 1338 4573 possit
1360 4493 1497 4570 facilius3
1526 4501 1677 4577 tempera-

95 4584 330 4646 totinshominis
339 4583 478 4659 artificio,
492 4588 523 4644 et
535 4589 705 4645 structura:
722 4590 763 4659 et,
777 4586 857 4665 qnod
910 4585 1028 4646 tionem
1036 4585 1118 4646 banc
1132 4586 1244 4664 potius,
1262 4603 1356 4665 quam
1371 4586 1457 4648 illam
1468 4589 1632 4651 essevellet
1645 4590 1678 4652 in

95 4677 284 4756 precipuum
298 4680 355 4752 est,
380 4675 418 4737 de
431 4676 602 4737 humorum
621 4678 857 4755 temperatione,
910 4676 1037 4738 homine
1052 4677 1150 4737 Deus:
1167 4695 1239 4737 cum
1253 4677 1280 4737 is
1293 4683 1372 4738 esset
1391 4693 1512 4740 naturae
1524 4686 1631 4757 status,
1644 4683 1677 4743 in
1702 4726 1704 4731 ι

96 4769 259 4842 deindole,
271 4767 310 4828 de
323 4767 517 4828 naturalibus
528 4768 712 4847 quibusdam
726 4786 860 4848 propen·
909 4786 972 4848 quo
986 4784 1042 4828 nec
1067 4774 1228 4848 peccatum
1249 4768 1341 4845 foret,
1368 4770 1452 4848 quod
1465 4772 1600 4832 naturali
1624 4772 1677 4834 illo

95 4859 238 4932 sionibus,
255 4858 478 4934 affectionibus,
493 4859 619 4920 studiis:
638 4859 676 4920 de
694 4860 760 4939 ipso
775 4860 862 4938 quasi
908 4859 992 4921 bono
1005 4876 1062 4920 nos
1072 4859 1378 4940 indignosefficerett
1394 4879 1452 4922 nec
1467 4863 1583 4939 Gratia,
1605 4882 1676 4944 quse
1722 4942 1724 4946 Ι

95 4950 317 5011 animibabitu.
326 4948 488 5030 inquibus
496 4950 650 5023 omnibus,
662 4951 862 5032 sicutmagna
908 4952 1081 5033 appetitum
1099 4952 1133 5012 in
1144 4952 1245 5014 officio
1261 4954 1442 5032 contineret,
1457 4949 1677 5033 si'temperatio

95 5048 194 5123 potest
205 5060 270 5104 esse
283 5042 462 5103 diversitm:
480 5043 523 5103 sic
535 5042 615 5102 nihil
627 5043 704 5103 certi
716 5044 861 5123 cuiquam
909 5044 998 5106 nobis
1017 5044 1131 5105 inesset
1155 5045 1208 5105 illa
1233 5046 1401 5120 ardentior,
1417 5050 1509 5124 abque
1536 5065 1678 5111 commo·

96 5138 297 5195 astanetum
319 5132 495 5194 definitum.
520 5135 693 5208 Ettamen,
707 5134 732 5195 si
749 5142 862 5198 natura
908 5137 980 5197 tior.
1007 5136 1116 5197 Essent
1141 5136 1237 5216 igitur
1263 5138 1405 5205 homines
1431 5138 1465 5198 in
1486 5144 1565 5199 statu
1590 5159 1678 5220 purae

95 5226 182 5286 omni
193 5226 284 5306 eulpa
295 5231 430 5298 vacaret,
446 5225 540 5286 etiam
553 5225 580 5285 si
593 5225 632 5286 ad
645 5232 861 5305 supernatura·
908 5236 1038 5294 naturae,
1065 5232 1120 5287 aut
1133 5245 1198 5289 esse
1211 5228 1319 5290 saltem
1333 5237 1467 5306 possent,
1475 5230 1534 5292 boc
1542 5232 1623 5293 enim
1639 5232 1678 5293 ad

94 5317 157 5378 lem
178 5319 271 5379 tinem
285 5322 391 5378 aream
403 5308 468 5377 non
482 5322 571 5394 esset,
593 5317 711 5378 Divinae
730 5318 861 5380 bonitati
908 5336 975 5380 rem
1003 5335 1106 5379 meam
1127 5321 1201 5380 satis
1223 5326 1278 5395 est,
1301 5321 1464 5398 peucetius
1488 5322 1533 5382 illi
1552 5323 1678 5402 quidem

95 5407 444 5479 aonssntmenmloret,
466 5407 668 5488 perfectiones
691 5409 770 5484 illas,
793 5428 862 5489 quae
910 5411 1092 5488 temperati3
1109 5412 1162 5472 sed
1181 5417 1287 5473 tamen
1310 5427 1420 5472 eorum
1443 5412 1557 5474 similes
1574 5413 1678 5493 aliquo

95 5518 162 5561 esse
174 5501 206 5560 in
218 5502 357 5577 homine,
373 5499 860 5581 etalessenaturaliterpnssunt,
909 5503 1014 5575 modo,
1029 5520 1107 5583 qnos
1127 5522 1211 5566 nunc
1224 5504 1318 5582 vulgo
1332 5505 1465 5566 dicimus
1487 5498 1599 5568 scaen
1611 5508 1676 5569 ani·
