3948 6172
320 357 383 417 tit
559 374 565 401 ³
867 354 1071 422 APPENDIX
1091 356 1145 421 AD
1164 354 1319 421 LIBRUM
1340 358 1369 418 ii

320 523 401 585 dicut
420 525 517 603 gradu
541 531 588 587 eet
606 545 644 587 cx
673 540 758 588 mera
780 525 835 589 Dei
857 527 1028 603 voluntate,
1049 526 1095 587 itu
1185 526 1311 601 Deinde,
1333 524 1385 603 jus
1417 522 1457 586 ad
1495 538 1533 586 ee
1554 522 1638 586 bona
1664 523 1783 605 ecquod
1807 522 1896 585 attuit

321 617 417 677 etiam
431 624 462 678 et
471 622 584 679 natura
603 618 721 698 Angeii.
737 620 776 679 Et
789 619 868 680 sieut
880 624 1026 680 naturam
1038 619 1093 679 Dei
1143 616 1244 678 Adam
1255 617 1271 677 ‘t
1284 617 1399 678 itiorule
1408 634 1461 692 ne,
1476 632 1516 677 en
1528 615 1712 697 physicum?
1729 614 1893 695 Phyaicmn,

319 708 463 769 voiuntuo
482 709 638 771 ordinavit
651 711 690 771 ad
707 711 850 786 gratiam,
871 711 915 772 ite
929 717 960 772 et
979 712 1093 790 gradun
1143 709 1302 789 inquiunt,
1319 716 1411 789 atque
1422 709 1456 768 in
1466 715 1580 769 natura
1594 711 1659 789 ipen
1676 707 1821 791 positum.
1834 706 1895 767 Per

319 806 441 861 naturae
454 801 494 861 ad
508 803 773 883 greduegratioe,r›
786 803 874 864 nullo
884 803 999 864 scilicet
1008 820 1091 864 oom-
1143 812 1263 863 severat
1276 802 1372 881 igitur
1388 821 1395 862 r
1409 800 1538 881 phyaiea
1550 800 1635 861 anim
1648 799 1820 861 istiusmodi
1827 799 1895 877 juro,

320 892 427 972 pulsus
440 893 555 971 debito,
572 896 627 956 aed
639 895 770 970 liberali,
784 912 821 957 ao
834 892 1093 957 beneticevoiun·
1142 894 1304 969 desiderio,
1320 894 1586 975 appetitioneeque
1596 898 1716 955 naturae
1737 892 1826 971 cnlpa
1844 908 1897 952 non

320 989 381 1047 tete
399 985 556 1047 distribuit
581 988 718 1068 Angelis,
735 993 828 1067 prout
848 987 957 1063 voluit,
985 990 1092 1066 gratie
1142 986 1262 1048 adimit.
1290 986 1325 1047 ai
1348 991 1453 1047 autem
1469 986 1523 1064 jue
1542 986 1627 1047 istud
1648 990 1756 1046 manet
1769 982 1897 1045 adbucin

317 1075 415 1152 bona3
432 1080 624 1158 quegrutia,
644 1080 812 1142 timerent
833 1096 873 1141 ex
899 1079 1013 1149 debito,
1027 1094 1092 1141 non
1141 1084 1265 1152 natura,
1287 1077 1460 1139 violentum
1473 1077 1534 1158 ipei
1553 1082 1599 1139 est
1616 1074 1653 1139 iia
1676 1076 1769 1137 bonin
1783 1092 1895 1137 carere:

318 1174 401 1231 recte
422 1170 608 1235 dicerentur.
1142 1170 1175 1231 in
1189 1177 1341 1252 statuque,
1361 1169 1666 1245 utulentvioIento,
1685 1169 1806 1249 cibique
1821 1168 1896 1249 piane

1141 1263 1280 1325 indebito
1291 1263 1351 1325 fuit
1359 1264 1426 1343 J'em
1441 1263 1515 1324 inde
1528 1276 1628 1343 usque
1641 1262 1681 1323 ab
1695 1261 1772 1323 Adur
1778 1268 1895 1342 peccato.

1141 1355 1182 1417 At
1194 1356 1278 1417 enim
1291 1356 1330 1417 iis
1342 1356 1432 1417 bonta
1444 1355 1609 1436 indignum
1623 1374 1655 1416 ae
1667 1354 1740 1415 iecit
1752 1371 1759 1414 :
1774 1354 1817 1415 aio
1827 1352 1895 1415 enin

453 1388 688 1458 DISPUTATIO
716 1388 736 1458 Α
766 1394 954 1458 ΒᾹῊΟΝΕ’
1141 1447 1186 1507 uit
1198 1447 1300 1509 Belua.
1320 1448 1404 1514 Quid
1421 1447 1515 1509 tumr
1533 1447 1568 1509 Si
1588 1449 1669 1508 Deua
1689 1447 1851 1521 Adumum,
1867 1451 1896 1507 ut

652 1566 681 1649 ἓ,
705 1566 757 1629 IV·
1141 1544 1225 1600 certe
1251 1540 1381 1601 meritus
1404 1545 1480 1617 erat,
1507 1539 1655 1615 cecitate,
1673 1545 1729 1600 ant
1759 1536 1896 1599 dementia

1140 1628 1896 1713 mulctasset,·utquecxiilomortaIea‚acdoioribne

358 1725 451 1787 Baius
483 1725 610 1806 quidem
644 1729 729 1807 quod
755 1727 902 1789 adhunc
925 1723 1091 1787 articulum
1140 1723 1285 1800 obnoxii;
1307 1725 1465 1786 nicetium
1482 1728 1600 1800 mente,
1615 1729 1710 1805 atquc
1726 1720 1896 1802 oculiampti

318 1817 439 1890 attinet,
465 1836 501 1879 ea
523 1836 558 1879 oe
589 1820 710 1882 ratione
742 1819 899 1900 precipue
923 1817 1087 1892 tuebatur3
1139 1830 1340 1878 nasceremur
1349 1832 1458 1878 omncs
1475 1836 1482 1877 :
1498 1816 1653 1896 numquid
1664 1815 1841 1877 idhumanae
1853 1830 1895 1874 nr·

317 1911 411 1970 modo
428 1908 555 1990 quidem
578 1929 672 1991 supra
698 1918 845 1972 naturam
866 1908 1003 1971 hominia
1023 1924 1089 1969 esee
1139 1912 1218 1969 ture
1241 1909 1413 1970 violentum
1440 1914 1604 1990 propterea
1629 1924 1697 1969 non
1716 1912 1808 1983 esset,
1828 1904 1894 1986 qnod

317 2000 401 2061 bona
414 2000 478 2077 iile,
486 2002 599 2081 quibus
605 2003 786 2072 excidimus,
794 2003 868 2083 quie
876 2018 990 2081 nempe
998 1999 1089 2080 culpe
1140 2000 1252 2080 quibua
1269 2000 1464 2063 facultatibus
1480 2018 1515 2063 ee
1534 2000 1625 2062 bonis
1645 2006 1765 2063 careret
1779 1999 1817 2060 iis
1829 1998 1894 2060 lacta

318 2111 375 2153 nos
387 2093 458 2153 fecit
472 2095 625 2173 indignos.
642 2096 797 2157 Ceterum
808 2112 915 2176 prenae
929 2110 1000 2173 quoe
1015 2091 1084 2155 um.
1139 2099 1218 2155 earet
1231 2094 1357 2174 indigno
1368 2094 1462 2175 primi
1476 2094 1611 2155 hominis
1622 2092 1723 2155 vitio?
1735 2093 1792 2154 iiie
1806 2096 1894 2153 enen

318 2200 350 2244 111
362 2192 573 2262 recensentur,
591 2185 738 2249 indolere
750 2187 866 2269 peries,
884 2192 942 2248 etc.
959 2186 992 2246 tn
1008 2183 1088 2245 Icto-
1138 2186 1216 2249 iilud
1230 2189 1325 2248 etiam
1339 2188 1474 2255 accedit:
1497 2188 1646 2267 quoniam
1668 2190 1792 2248 netur-ue
1811 2183 1895 2245 honi·

318 2274 670 2350 reverendaeque
683 2280 790 2341 rudore
803 2278 898 2340 euleu
913 2278 1040 2351 tui,etc.
1053 2276 1086 2336 in
1138 2294 1229 2357 num,
1244 2279 1281 2340 iia
1295 2281 1384 2342 bonta
1401 2280 1565 2359 ademptis,
1591 2279 1701 2341 eadem
1719 2279 1780 2355 via,
1801 2277 1894 2339 etvio·

314 2367 436 2447 jactura
470 2369 626 2432 bonorum
660 2372 848 2433 naturalium
874 2371 989 2451 poeitae
1022 2382 1087 2429 eane
1138 2370 1454 2441 lentiaeatedhibita.
1469 2386 1540 2452 quae
1561 2371 1895 2442 abominaremur

318 2478 437 2538 omnes,
451 2472 545 2542 etque
558 2465 772 2527 mundatore
785 2463 864 2525 tinea
877 2461 1039 2525 contineri.
1137 2464 1214 2542 igni,
1229 2465 1254 2525 ai
1266 2465 1345 2538 luce,
1358 2470 1390 2526 et
1403 2464 1515 2533 calore,
1532 2462 1662 2543 aliisque
1678 2463 1709 2525 id
1721 2480 1821 2541 genua
1832 2476 1893 2542 qon-

359 2554 525 2615 Janeenine
563 2572 638 2617 vero
672 2575 710 2618 eo
732 2556 928 2636 potissimum
953 2554 1085 2627 nititur;
1138 2553 1289 2634 litatibus,
1303 2570 1380 2637 quas
1398 2559 1536 2636 ipsorum
1557 2562 1669 2617 notura
1689 2556 1796 2635 exigit,
1809 2555 1894 2634 priua⁴

319 2644 402 2706 bona
423 2646 487 2724 ilia,
502 2649 559 2708 etei
582 2649 769 2710 deberentur
790 2648 922 2724 homini,
942 2652 978 2707 ut
993 2647 1089 2707 homo
1137 2654 1264 2725 rentur;
1290 2666 1417 2730 requam
1437 2648 1515 2723 fore,
1531 2648 1631 2710 deleta
1647 2662 1705 2729 per
1722 2648 1894 2728 baptismum

320 2744 378 2816 cst,
393 2744 476 2801 reete
486 2746 592 2801 temen
611 2742 671 2803 dici
684 2742 820 2822 potuisse
833 2748 863 2802 et
875 2746 1087 2822 supernatura·
1138 2743 1415 2822 culpa,nosomnes
1425 2741 1660 2809 immortalitati,
1668 2740 1819 2820 bonisque
1827 2739 1892 2820 prie

321 2830 374 2907 lia,
390 2833 473 2912 quod
485 2833 601 2894 scilicet
613 2840 734 2895 nature
748 2835 832 2894 vires
839 2837 1023 2913 superarent
1038 2848 1046 2891 t
1138 2834 1614 2915 tinisrestitui3quundoquidem
1627 2832 1750 2895 sublata
1763 2832 1893 2912 cuipare

360 2925 397 2983 Et
429 2925 540 3006 proiice
572 2924 660 3003 dono,
701 2931 864 3006 propterea
901 2925 986 3005 quod
1009 2923 1088 2984 ratio
1138 2927 1892 3010 pariternobisindignitasauierturpropterquam

319 3015 395 3075 doni
405 3017 529 3095 gratuiti
543 3018 816 3098 excluditquidem
824 3017 1089 3079 moraledebitum
1133 3022 1263 3113 Justum,
1288 3028 1491 3100 sanctumque
1514 3018 1627 3096 inerat,
1653 3020 1756 3080 Deum
1774 3015 1892 3080 naturali

319 3124 461 3186 operum,
477 3128 531 3171 eeu
548 3112 742 3187 meritorum,
757 3128 823 3173 non
836 3129 910 3172 vero
924 3109 1088 3191 physicum
1139 3114 1300 3194 exigentiae
1320 3120 1434 3175 nostre
1452 3112 1568 3190 deesse,
1594 3116 1623 3172 et
1648 3110 1741 3191 piene
1754 3110 1891 3173 resistere.

319 3201 468 3262 naturalia
481 3203 933 3284 appetituqarquecxigentio.
1138 3207 1207 3266 Imo
1228 3224 1314 3279 vero,
1340 3204 1394 3266 obi
1418 3204 1541 3265 nubum
1566 3203 1700 3284 amplius
1725 3209 1832 3265 contra
1848 3216 1893 3263 nor

1139 3298 1255 3359 morale
1261 3298 1314 3377 jus
1327 3302 1435 3371 exstet,
1463 3300 1588 3358 maneat
1607 3300 1714 3358 autem
1732 3296 1785 3375 jus
1805 3293 1893 3377 pnyd

659 3410 689 3493 ἓ,
711 3412 751 3474 ν,
1140 3408 1230 3466 cum3
1256 3389 1406 3469 quidquid
1423 3404 1630 3469 supernorum
1661 3387 1817 3449 bonorum
1839 3386 1893 3468 poet

1135 3481 1373 3561 justificationis,
1383 3486 1439 3542 aut
1447 3480 1704 3543 reconciliationis
1713 3480 1893 3559 donumpet·

360 3568 527 3635 &nunnae
560 3577 683 3650 nostre,
710 3571 857 3651 quoniam
879 3584 965 3631 suere
985 3573 1090 3630 aueto-
1140 3575 1282 3655 cipimus,
1302 3575 1333 3635 id
1347 3590 1439 3635 omne
1453 3572 1512 3634 dici
1534 3591 1607 3634 vere
1628 3591 1663 3633 uc
1681 3573 1806 3653 proprie
1815 3569 1893 3652 pouit

320 3661 395 3721 ritas
408 3680 478 3722 cam
492 3662 583 3742 piane
602 3663 840 3723 indubitabilem
857 3662 940 3738 iacit,
956 3661 1092 3722 rarione
1140 3667 1294 3742 naturale,
1321 3671 1414 3745 atque
1434 3664 1563 3726 omnino
1591 3665 1701 3725 datum
1728 3683 1768 3726 ex
1796 3663 1890 3727 debito.

320 3752 371 3815 iric
390 3759 452 3815 tres
471 3752 625 3816 duntaxat
644 3755 812 3815 atterimur.
838 3754 977 3814 Primum
993 3766 1001 3811 t
1022 3753 1091 3813 Non
1142 3758 1276 3819 Gloriari
1285 3764 1377 3827 certe,
1394 3763 1487 3836 utque
1503 3756 1606 3817 efferri
1618 3756 1732 3817 merito
1743 3754 1893 3836 poento

320 3845 363 3906 ita
378 3846 472 3921 Deua,
493 3865 564 3926 quae
584 3864 720 3928 presens
737 3852 784 3907 eat
797 3845 864 3925 ejus
887 3845 1091 3927 providentie
1140 3850 1372 3911 minianeturat
1390 3850 1505 3929 quippe
1519 3866 1589 3929 qua
1600 3847 1653 3927 jue
1663 3848 1814 3928 quiddam
1825 3845 1894 3908 adea

319 3938 409 4012 ratio,
426 3957 498 4000 cum
513 3939 693 4001 hominibus
716 3939 790 4017 agit,
818 3943 864 4012 ut,
886 3937 939 4017 qui
959 3938 1091 4015 graviter
1139 3941 1233 4017 bona,
1251 3946 1306 4002 aut
1330 3946 1412 4002 certe
1439 3939 1510 4021 pius
1527 3939 1643 4019 aliquid
1657 3940 1791 4013 afferret,
1814 3952 1893 4018 quam

320 4030 517 4111 deliquerint,
536 4032 575 4093 iis
596 4032 744 4094 eontinuo
762 4032 889 4112 lingue,
910 4036 965 4091 eut
982 4030 1088 4091 oculo-
1138 4048 1271 4113 meram,
1291 4039 1327 4095 ut
1350 4033 1448 4111 aiunt,
1466 4032 1708 4094 obedientiaiem
1715 4030 1891 4113 potentiam:

320 4141 392 4183 rum
406 4143 499 4186 usum
513 4125 633 4204 eripiat,
649 4132 704 4187 eut
718 4125 810 4186 uliam
830 4125 947 4186 adimat
965 4128 1090 4184 natura·
1138 4126 1221 4207 quod
1235 4132 1342 4187 contra
1354 4131 1460 4187 tamen
1472 4142 1513 4187 ex
1525 4124 1702 4206 seripturis,
1721 4131 1753 4186 et
1768 4122 1893 4187 Patribur

319 4212 382 4274 iem
409 4215 596 4278 fucultatem.
619 4217 797 4297 spoliantur
815 4217 839 4277 ii
861 4216 988 4297 quidem
1006 4212 1088 4277 illico
1136 4218 1279 4298 theologi
1294 4218 1420 4279 docent.

320 4307 419 4383 gretia
440 4309 660 4383 sanctificante,
691 4309 906 4389 virtutumque
931 4307 1088 4370 habitibus
1178 4310 1296 4372 Ultimo
1324 4310 1452 4372 tandem
1468 4328 1475 4369 r
1490 4309 1587 4371 etiam
1621 4308 1742 4371 recluso
1776 4306 1892 4395 peccato¹

319 4398 422 4459 eidem
447 4400 553 4478 gretie
579 4402 732 4462 annexis:
757 4420 840 4482 que,
860 4418 935 4463 roro
961 4400 1088 4481 propria
1141 4402 1225 4464 dona
1239 4402 1382 4482 quaedam
1396 4401 1528 4463 conferri
1538 4400 1673 4477 homini,
1695 4420 1767 4482 quur
1785 4404 1895 4462 numu

320 4489 456 4553 hominia
481 4500 563 4567 sunt,
591 4501 774 4574 naturaque
799 4496 945 4556 humanae
977 4510 1033 4573 per
1057 4508 1089 4554 ae
1137 4496 1204 4557 lem
1230 4494 1326 4575 ipsius
1348 4494 1557 4555 conditionem
1577 4500 1739 4574 superent,
1768 4488 1894 4571 possibile

322 4583 486 4660 debentur,
502 4602 538 4646 ca
565 4587 702 4647 retinent
726 4588 842 4648 omnia.
872 4587 949 4648 Gom
971 4591 1090 4647 constet
1145 4595 1199 4649 eet.
1220 4587 1327 4667 Neque
1347 4587 1433 4649 enim
1453 4587 1496 4646 ita
1514 4580 1895 4655 circumscribendaeque

321 4674 417 4752 igitur
442 4678 518 4738 Adeo
559 4678 701 4754 crimine,
736 4681 830 4759 quod,
866 4679 923 4740 etei
945 4696 1003 4739 noa
1022 4695 1090 4739 om·
1139 4679 1350 4742 contrahenda
1372 4694 1495 4740 summe
1512 4678 1568 4739 liei
1585 4683 1733 4759 potestas,
1761 4682 1796 4740 ut
1813 4680 1893 4736 nato·

320 4784 376 4828 nee
397 4769 575 4848 singulatim
594 4769 723 4843 adiciet,
752 4776 783 4831 et
814 4771 982 4851 uniruique
1018 4788 1090 4850 pro·
1140 4788 1206 4833 ram
1238 4771 1367 4833 rationis
1397 4770 1579 4851 participem
1604 4788 1642 4833 eo
1676 4776 1767 4851 pacto
1798 4766 1892 4837 ditum,

320 4861 426 4939 prium
447 4861 535 4937 ineit3
557 4861 662 4923 minue
683 4867 789 4922 tamen
809 4863 849 4923 ed
871 4879 927 4923 noe
945 4864 1089 4943 pertinet,
1141 4869 1173 4925 et
1193 4863 1342 4944 perticere
1365 4869 1517 4943 nequeat,
1540 4881 1576 4924 ac
1599 4880 1696 4944 supra
1713 4862 1807 4943 ipsius
1837 4872 1893 4918 ror·

322 4972 417 5033 quam
426 4973 551 5035 eaque
560 4953 681 5035 nosipsi
691 4961 946 5034 patramua3curn
959 4960 1090 5031 constet,
1142 4964 1217 5031 tem,
1244 4962 1275 5017 et
1301 4952 1511 5018 conditionem
1535 4954 1678 5017 evehere.
1701 4953 1788 5030 Quod
1806 4950 1893 5029 niqra

321 5045 462 5125 inquam,
473 5048 626 5108 sublatam
638 5047 726 5108 nobis
743 5047 1019 5119 immortalitatem,
1035 5047 1092 5107 im·
1140 5064 1205 5109 cese
1230 5054 1358 5127 poaeunt
1381 5047 1447 5127 ejus
1473 5046 1596 5127 generis
1622 5045 1786 5122 beneflcio,
1811 5048 1893 5120 aune

322 5139 597 5217 perturbationem,
624 5156 660 5201 ao
674 5138 757 5200 boue
775 5151 896 5215 caetera,
915 5139 955 5200 de
979 5138 1092 5218 quibus
1138 5139 1232 5214 dona,
1248 5158 1313 5201 non
1328 5144 1374 5201 eet
1388 5154 1604 5218 curnegemua
1622 5138 1698 5199 tutia
1705 5133 1892 5219 rapotone

320 5234 369 5292 eet
382 5232 509 5311 quaetio
523 5240 872 5313 preaen33conaequerre
884 5230 1092 5314 eeteuomnia
1139 5248 1210 5311 qua
1234 5232 1345 5293 collatu
1362 5237 1435 5293 eunt
1454 5230 1556 5312 primo
1570 5228 1692 5292 homini
1714 5224 1892 5310 quommfltl

320 5322 471 5405 peculiari
479 5324 615 5406 quodam
623 5320 1092 5387 Deibenedeionobisattributa
1137 5331 1227 5386 tanta
1240 5325 1385 5404 dignitas,
1404 5328 1496 5404 atque
1508 5320 1705 5399 excelientin3
1720 5328 1783 5382 tam
1801 5314 1891 5399 splen·

319 5417 414 5479 iuirae
432 5417 472 5478 uh
493 5416 595 5494 initio,
615 5434 651 5477 ec
669 5416 794 5497 penitae
813 5430 908 5495 cupra
929 5414 1090 5477 hominem
1138 5412 1231 5494 dide,
1246 5422 1372 5497 tumque
1386 5412 1560 5497 magnilica
1574 5416 1705 5477 Petrum
1718 5404 1889 5475 permuto-

322 5526 400 5570 eese.
1137 5525 1212 5584 nes,
1238 5506 1706 5571 uteaomnieneeeaeeait'n
1729 5499 1889 5568 eobmlki
