3984 6176
601 347 652 409 DE
671 345 852 420 anema,
873 346 945 406 LlB.
969 345 1022 422 ill,
1043 346 1129 408 CAP.
1150 347 1202 411 111.
1657 354 1696 414 79

0 561 2 570 ,
74 539 76 553 ν
152 516 194 575 Χ.
222 515 282 576 Sed
305 513 461 593 quomodo
487 514 679 591 Angelorum
704 514 761 576 iste
788 534 878 595 cory-
929 516 1095 592 postquam
1108 515 1203 575 creati
1216 520 1299 591 sunt,
1315 517 1349 577 ln
1363 520 1465 597 priore
1482 516 1547 595 illo,
1563 534 1599 594 ac
1618 514 1700 580 ieliel

9 582 94 687 ’ff'
115 607 219 687 pireus
235 606 370 686 Angelos
382 613 520 683 cetoros,
535 608 591 687 qui
601 607 695 668 modo
709 608 877 682 demones,
931 609 1013 665 statu
1027 604 1162 668 vixerint
1181 606 1310 687 Angeli3
1327 628 1367 670 an
1381 609 1510 671 subinde
1529 615 1598 690 post
1611 626 1700 672 crea·

3 687 73 727 '⁰⁴⁰²
115 698 238 760 etillins
253 698 362 778 Angeli
379 699 536 769 dicuntur,
556 699 763 780 inpeccaturn
780 705 882 762 trare·
931 696 1049 758 tionem
1063 696 1096 758 in
1109 707 1271 779 peceatum
1284 700 1373 779 lapsi,
1389 700 1488 781 deque
1503 702 1579 764 ooelo
1593 702 1701 783 praecl·

115 792 164 865 rit,
176 793 313 854 curiosus
327 791 439 871 aliquis
449 790 596 871 inquiret,
610 793 784 871 meritoque
793 791 883 853 dubia
932 788 1021 868 pitati
1032 789 1105 851 sint.

116 886 200 961 tabit,
214 903 256 946 an
269 885 425 964 exemplo,
442 886 678 964 persuasioneve
691 886 732 947 ad
743 886 802 948 hoe
827 904 881 947 cos
972 882 1068 942 Greci
1083 882 1210 961 quidem
1222 884 1265 945 illi
1281 885 1396 962 Patres,
1411 902 1490 965 quos
1502 902 1576 949 cum
1589 886 1704 950 Latinis

117 977 261 1050 miserit,
278 983 315 1039 ut
326 983 359 1040 et
371 979 513 1041 eamdem
526 979 584 1040 sihi
598 980 728 1060 quisque
747 982 881 1058 dignita.
933 973 1118 1052 qulhusdam
1137 993 1216 1053 pone
1234 994 1343 1038 omnes
1366 978 1509 1056 opinatos
1522 979 1615 1042 irrisae
1627 981 1703 1043 dixi-

117 1076 358 1152 temappeteret,
382 1073 471 1151 quus
494 1073 632 1134 studium
655 1073 721 1154 ipse
735 1092 883 1154 eonoepe.
933 1083 1005 1125 mus
1019 1064 1041 1141 ¹,
1056 1072 1128 1129 ante
1151 1069 1261 1128 mundi
1279 1070 1442 1130 conditum
1464 1070 1598 1151 Angelos
1612 1073 1707 1135 exsti·

117 1171 181 1239 rat,
208 1183 246 1225 aa
266 1164 412 1244 privatim
437 1165 552 1245 singuli
578 1166 727 1246 anteponi
751 1167 880 1239 amieria,
934 1156 1016 1234 tissa,
1033 1158 1192 1238 aliquanto
1207 1159 1369 1221 intervallo
1380 1161 1499 1223 honum
1512 1162 1594 1225 inter
1607 1166 1708 1227 honos

117 1272 284 1335 eommque
309 1255 466 1337 principes
490 1275 555 1319 esse
579 1266 739 1338 cuperent,
763 1258 883 1321 nemini
936 1250 1084 1311 mansisse
1098 1250 1269 1320 diabolum,
1286 1252 1428 1314 arbitrati
1451 1260 1704 1335 suni,qt1ttnttlm

117 1348 251 1427 subjecti,
269 1367 307 1410 ω
321 1367 363 1410 ne
379 1349 585 1429 ipsiiquidem
598 1352 662 1411 090
678 1370 686 1427 3
702 1368 744 1412 an
758 1369 795 1412 ρο
809 1367 882 1431 pgr.
935 1341 1078 1404 vidalicet
1091 1349 1161 1424 post
1176 1362 1284 1404 eornm
1297 1345 1534 1424 productionem
1547 1348 1586 1408 ad
1597 1349 1707 1410 mundi

118 1440 236 1502 uehere
249 1442 395 1517 voluerit,
407 1447 443 1502 ut
452 1444 527 1519 Deo,
541 1461 636 1522 quem
648 1444 790 1505 nondum
802 1445 885 1505 vide.
936 1434 1143 1513 primordium
1157 1440 1203 1497 est
1216 1442 1370 1498 secutum.
1387 1438 1456 1499 Non
1468 1440 1631 1502 enimenta
1643 1458 1710 1503 cor-

118 1532 199 1606 hant,
224 1538 342 1609 spreto,
372 1554 408 1595 ao
424 1534 543 1611 relicto,
568 1535 608 1596 ad
627 1536 776 1615 seipsum,
797 1536 885 1615 cujus
937 1544 1103 1606 persarum
1113 1546 1219 1589 rerum
1231 1531 1477 1609 procreationem
1485 1532 1711 1595 excidisseillos

117 1624 312 1704 splendorem
325 1625 539 1700 intuebantur,
554 1632 585 1688 et
594 1627 736 1706 gloriam,
752 1628 883 1705 cultum,
937 1626 1061 1699 putant,
1076 1627 1111 1681 ut
1131 1638 1170 1682 ex
1187 1638 1301 1702 genere
1325 1622 1452 1703 peceati,
1477 1643 1539 1704 quo
1554 1624 1622 1687 illos
1641 1642 1708 1691 001·-

118 1724 146 1778 et
170 1717 373 1799 obsequium,
404 1720 486 1799 quod
522 1719 569 1780 illi
596 1719 761 1793 debebant,
793 1739 886 1782 omne
937 1713 1046 1787 ruisse,
1065 1718 1095 1774 et
1111 1713 1298 1791 conditione,
1314 1716 1348 1775 in
1369 1733 1430 1794 qua
1450 1716 1542 1779 fuisse
1560 1722 1629 1779 tum
1642 1716 1711 1780 illos

118 1809 327 1873 eundemne
371 1811 439 1873 Diei
471 1812 624 1873 utrumvis
649 1812 733 1874 haud
753 1812 886 1875 morde
938 1806 1085 1881 sentiunt,
1096 1812 1201 1887 aperte
1215 1807 1381 1885 colligitur.
1395 1808 1555 1889 Siquidem
1569 1815 1709 1872 terrena·

119 1907 226 1980 potest,
248 1908 306 1965 ant
317 1903 472 1983 ejusmodi
495 1903 614 1984 aliquid
628 1904 777 1984 opinione
796 1904 884 1984 fingi,
938 1912 1011 1959 rum
1045 1916 1151 1960 rerum
1186 1899 1399 1978 procurationi
1431 1900 1596 1978 attributos
1627 1900 1707 1980 illos,

119 1993 884 2077 velutaseipaispotins,quamaDeoperfectnm,
938 1990 1055 2052 invidia
1068 2009 1108 2053 ex
1121 1990 1256 2052 hominis
1276 1992 1423 2067 dignitate
1436 1998 1592 2075 conrepta,
1608 1995 1710 2076 lapsos

120 2090 149 2147 et
178 2086 361 2151 absolutum
403 2087 560 2151 beatitatis
597 2094 715 2150 statum
748 2089 888 2168 dngrrlos
938 2099 1004 2144 esse
1017 2083 1157 2162 plerique
1168 2083 1289 2161 volunt,
1305 2086 1341 2144 ut
1354 2085 1495 2165 superius
1511 2086 1655 2166 exposui3
1673 2091 1710 2148 ut

120 2188 236 2257 optasse
254 2179 417 2260 consequi,
440 2185 509 2241 tum
521 2181 606 2242 illius
628 2197 758 2243 summas
779 2183 887 2261 majas·
939 2172 1025 2236 illam
1035 2175 1246 2255 antiquiorum
1256 2176 1578 2259 falsam‚ctexplosam
1591 2178 1709 2241 anobis

120 2271 186 2331 tntis
198 2272 346 2353 imperio,
368 2273 594 2352 sipotuissent‚
615 2272 725 2352 subjici
739 2275 885 2352 noluisse,
939 2269 1127 2329 sententiam
1147 2268 1207 2329 hoe
1233 2269 1300 2329 loco
1325 2274 1454 2346 taceam,
1476 2270 1532 2349 qui
1553 2276 1617 2331 tam
1640 2284 1708 2333 sero

120 2364 289 2440 prasertim
313 2364 346 2424 in
361 2365 547 2441 capessenda
568 2382 675 2427 rerum
693 2364 888 2428 conditarum
939 2359 1107 2421 mulierum
1121 2361 1342 2422 consuetudine
1360 2362 1542 2441 depravatos
1562 2380 1627 2425 esse
1641 2364 1708 2425 dae·

120 2454 398 2533 administratione,
422 2456 469 2517 uti
486 2457 662 2527 hominum,
678 2463 711 2519 et
727 2458 862 2520 aliorum
878 2479 887 2535 ;
940 2468 1048 2514 mones
1062 2452 1289 2514 existimarunt.
1303 2452 1359 2514 liis
1372 2452 1466 2533 igitru
1480 2454 1610 2530 omissis,
1622 2455 1709 2518 fuere

120 2564 192 2626 quas
205 2548 268 2609 sibi
279 2554 383 2629 partes
396 2551 602 2629 procurande
616 2548 826 2613 universitatis
840 2552 890 2614 vel
939 2545 1079 2624 quidam,
1096 2547 1160 2624 qui,
1187 2550 1257 2626 post
1276 2545 1445 2606 admissum
1466 2552 1639 2626 peccatum,
1652 2548 1708 2610 ali-

1 2681 2 2688 1
121 2640 320 2703 mandaverat
333 2642 425 2718 Deus,
445 2643 667 2722 utcomplures
688 2644 889 2722 antiquorum
940 2643 1056 2717 quanto
1070 2639 1170 2718 spatio
1190 2656 1263 2698 eum
1284 2639 1396 2699 sanctis
1417 2640 1544 2718 Angelis
1568 2658 1711 2721 perseve-

119 2738 284 2809 assaruut,
316 2733 366 2795 sal
389 2752 421 2795 se
447 2734 669 2797 mandaturum
700 2736 886 2799 ostenderat.
941 2748 1025 2793 rasse
1039 2736 1149 2810 putant
1160 2730 1466 2811 diabolum‚ejusque
1475 2733 1620 2810 Angelos.
1628 2734 1711 2808 Quos

121 2824 202 2885 Fecit
226 2826 328 2905 igitur
351 2826 478 2888 illorum
503 2827 658 2907 superbia,
682 2832 729 2903 ut,
744 2824 889 2908 praesenti
941 2824 1068 2903 quidem
1099 2823 1260 2885 Nemeeius
1290 2823 1475 2884 eluistianns
1509 2822 1711 2906 philosophus

121 2918 266 2979 seruitute
288 2919 452 2996 damnata,
477 2920 659 2981 seditionem
679 2919 831 2993 facerent,
859 2926 890 2982 et
941 2916 1083 2995 designat
1097 2917 1131 2976 in
1156 2915 1235 2976 libro
1254 2914 1291 2976 dc
1304 2914 1442 2975 Hominis
1458 2913 1588 2996 opificio,
1612 2917 1711 2996 capite

64 3023 70 3029 “
122 3015 238 3091 innuo
255 3017 457 3092 appeterent3
472 3016 622 3073 autcerte
636 3012 887 3087 tolerabiliorem,
942 3009 1062 3089 prim03
1084 3006 1272 3068 ubihornini
1285 3011 1434 3085 tanquam
1456 3008 1609 3085 penuliare
1623 3009 1711 3087 quid-

122 3106 150 3161 et
166 3102 387 3181 gloriosiorem
409 3103 469 3164 sub
487 3105 614 3183 tyranni
636 3104 811 3185 principatu
829 3105 890 3166 sibi
942 3100 1025 3176 dam,
1041 3114 1217 3159 concessam
1235 3114 1300 3157 esse
1314 3096 1387 3158 dicit
1400 3099 1573 3176 poenitendi
1585 3100 1710 3163 iaculta

122 3196 332 3258 eonditionam
345 3196 511 3275 fingerent.
858 3209 861 3217 ·
940 3196 1247 3270 tem‚negatemvero
1255 3188 1391 3268 Angelis,
1399 3188 1550 3252 nimirum
1559 3191 1710 3255 durrtaxat

160 3288 257 3349 Pon-0
271 3290 353 3350 Deus
372 3288 454 3365 illos,
469 3293 539 3368 post
558 3293 731 3368 pearmm,
750 3289 800 3350 vel
813 3288 892 3349 invi-
940 3287 1135 3362 postquama
1154 3278 1231 3340 coelo
1245 3278 1431 3349 ceciderunt,
1448 3298 1520 3341 oum
1534 3288 1624 3344 antea
1637 3303 1708 3363 pos·

123 3384 167 3441 tos
185 3380 313 3442 diabolo
326 3382 361 3443 in
375 3381 555 3443 servitutem
577 3380 715 3451 tradidit,
738 3381 850 3458 utine,
866 3380 893 3443 si
941 3380 1028 3436 sant:
1056 3373 1186 3452 «Atque
1200 3377 1236 3433 ut
1249 3371 1422 3451 proprium,
1437 3373 1491 3450 ait,
1510 3375 1575 3454 ejus
1589 3382 1710 3438 naturae
1762 3416 1856 3473 Aaron

124 3472 216 3533 velint
241 3473 385 3553 quidem,
417 3473 586 3535 detrectare
613 3471 697 3533 illius
723 3472 891 3553 imperium
940 3468 1043 3530 ridere
1070 3472 1125 3539 est,
1152 3482 1227 3526 nam
1254 3469 1285 3525 et
1307 3465 1364 3526 soli
1388 3466 1484 3544 adest,
1506 3473 1537 3528 et
1560 3469 1657 3546 omni,
1680 3474 1711 3530 et
1736 3472 1882 3525 larsemen-

124 3571 236 3641 queant
250 3585 261 3639 ;
276 3573 347 3627 turn
364 3571 492 3627 casuros
517 3582 642 3644 quoque
664 3565 722 3625 sub
743 3565 891 3644 primario
942 3576 1082 3640 semper;
1097 3559 1140 3619 ita
1155 3557 1189 3618 in
1207 3557 1255 3633 iis,
1272 3574 1342 3636 quse
1355 3556 1395 3619 ad
1408 3559 1541 3637 gratiam
1560 3566 1707 3640 spectant,

125 3654 177 3716 isto
190 3657 337 3720 doctores
350 3656 826 3738 ordinumpraesssevoluitaliis,
839 3676 891 3732 ne;
942 3652 1104 3733 proprium
1132 3655 1178 3711 cst
1194 3649 1339 3722 hominis,
1366 3666 1430 3730 prae
1458 3651 1545 3711 omni
1572 3659 1712 3715 creatura

124 3749 203 3826 quod
218 3749 289 3811 illos
302 3750 440 3812 fortassis
466 3751 615 3830 appetisse
633 3749 709 3824 dixi,
733 3749 793 3810 hoc
815 3766 894 3811 asse-
942 3743 1129 3821 rationabili‚
1144 3740 1475 3822 utperpoenitantiam
1490 3745 1710 3822 amnicorum,

125 3840 185 3901 cuti
208 3843 406 3917 riderentur,
425 3841 473 3903 uti
486 3841 627 3921 suijuris
641 3846 752 3915 essent,
773 3859 807 3903 aa
821 3841 893 3902 nnl-
944 3856 1013 3918 que
1028 3837 1115 3917 prius
1125 3835 1259 3910 admisit,
1275 3834 1366 3914 csrlpa
1380 3832 1538 3897 liberetur.
1555 3836 1634 3899 Nam
1655 3838 1712 3899 soli

125 3930 182 3994 lios
202 3940 355 3997 crastiua
381 3935 507 3995 obnoxii
533 3934 687 4014 potestati.
718 3933 780 3993 Sed
804 3933 888 4008 neo,
944 3930 1076 4005 homini,
1100 3932 1131 3989 et
1153 3927 1250 4001 omni,
1279 3932 1311 3987 et
1337 3944 1470 4007 semper,
1498 3931 1648 4008 quamdiu
1679 3932 1712 3991 in

126 4022 220 4105 iisque
241 4027 347 4106 plura,
370 4045 443 4107 quae
465 4027 529 4087 sola
550 4026 607 4087 sihi
620 4026 766 4087 humanae
779 4025 895 4104 cogita-
945 4022 1064 4083 mundo
1091 4020 1176 4093 vivit,
1200 4019 1260 4080 hoc
1287 4018 1395 4080 datum
1422 4028 1487 4096 est;
1513 4026 1613 4082 morte
1638 4040 1712 4084 vero

127 4115 216 4179 tionis
240 4120 360 4199 opinio,
386 4137 452 4180 non
475 4124 573 4195 certa,
599 4118 819 4198 explorataque
845 4117 896 4178 vel
945 4113 1110 4187 obita,non
1122 4113 1206 4174 item.
1217 4111 1376 4186 Quomodo
1386 4111 1480 4173 etiam
1488 4113 1623 4191 Angelos
1636 4132 1714 4175 non·

127 4209 215 4286 ratio,
240 4212 293 4272 vel
310 4213 477 4273 auctoritas
495 4211 616 4286 asserit,
633 4211 724 4272 missa
741 4208 894 4285 iacimus;
946 4204 1026 4267 nulli
1044 4205 1165 4281 volunt,
1180 4221 1245 4264 non
1259 4203 1391 4284 amplius
1410 4212 1572 4284 postquam
1593 4206 1714 4279 enuide-

127 4300 294 4383 dequibus
316 4304 402 4364 haud
424 4320 533 4384 panea,
555 4320 657 4382 neque
670 4301 896 4363 contemnenda
946 4303 1031 4375 runt,
1044 4298 1168 4358 ueniam
1177 4297 1322 4375 consequi
1332 4314 1387 4375 per
1396 4295 1715 4376 penitentiamnlors

128 4392 264 4474 disputan
287 4396 473 4457 Guillalmus
499 4395 678 4456 Parisiensis
703 4394 738 4454 in
762 4392 899 4456 secrrnda
946 4392 1031 4454 enim
1057 4391 1095 4451 iis
1114 4388 1264 4450 fnitillud
1285 4388 1399 4468 ipsum,
1414 4391 1498 4469 quod
1521 4389 1712 4452 exciderunt,

128 4492 213 4563 parte
226 4487 341 4568 prioris
354 4488 451 4567 partis
464 4486 499 4548 de
512 4484 668 4550 [intonso.
947 4485 1009 4546 Sed
1023 4489 1190 4563 antequam
1204 4480 1390 4558 exciderent,
1411 4483 1450 4543 ad
1463 4481 1535 4545 vitae
1548 4485 1714 4545 hominum

17 4596 101 4646 ιιιιι.
164 4580 225 4640 XI.
241 4580 314 4640 Non
334 4580 478 4641 omittam
494 4585 600 4640 tamen
620 4577 746 4657 ejusrei
760 4593 897 4637 commes
947 4576 1203 4649 similitudinem,
1241 4575 1337 4635 etiam
1371 4573 1445 4654 ipsis
1480 4574 1616 4637 oblamm
1650 4593 1715 4638 esse

14 4661 107 4751 ὦ,
130 4672 424 4752 mundanamque
433 4672 474 4733 ad
486 4671 693 4733 calamitatem
703 4669 789 4730 illam
798 4671 900 4748 Ange·
945 4669 1081 4729 veniam.
1097 4669 1166 4735 Qua
1179 4683 1251 4729 cum
1264 4665 1314 4728 usi
1324 4684 1390 4729 non
1399 4666 1472 4741 sint,
1487 4672 1645 4743 aeternam,
1659 4686 1716 4731 nec

10 4758 111 4804 'm
130 4764 232 4827 lorum
242 4765 380 4846 partinet
389 4785 399 4840 ;
415 4770 447 4825 et
460 4763 601 4844 quamvis
618 4762 736 4842 liquido
748 4762 782 4821 in
794 4762 898 4841 Sorip·
946 4760 1011 4821 nlla
1032 4760 1123 4822 venia
1136 4757 1355 4820 remittendam
1375 4759 1519 4839 deinceps
1532 4777 1669 4839 poenam,
1685 4765 1716 4823 et

132 4858 206 4918 turis
231 4858 386 4937 explicata
411 4857 550 4932 nonsit,
575 4854 615 4915 ab
641 4854 775 4933 antiquis
795 4858 898 4914 tamen
946 4853 1183 4932 vindictampro
1197 4851 1540 4914 memwsnsdnent⁰.s

131 4955 315 5027 perarma
336 4948 470 5027 legitur:
490 4953 598 5008 umam
617 4946 773 5026 aliquanto
787 4944 897 5024 spatio,
986 4943 1052 5004 llll.
1064 4942 1122 5002 llic
1135 4949 1344 5021 terrenaque
1360 4940 1469 5001 mortis
1482 4940 1579 5003 instar
1592 4941 1719 5022 Angelis

165 5147 185 5187 α
201 5130 279 5188 Nau.
298 5128 347 5182 nat
365 5128 449 5198 ὥσπερ
471 5123 534 5179 laeto
557 5122 664 5191 ἕστιτῆς
686 5120 769 5184 οὐσίας
783 5120 857 5176 atrro
871 5119 901 5174 τὸ
949 5127 1000 5174 τῶν
1027 5119 1254 5192 προημαρτημένων
1281 5121 1325 5185 τῆς
1352 5112 1440 5178 cirici·
1462 5118 1570 5192 καὶγὰρ
1599 5121 1668 5193 μόνῳ
1683 5125 1719 5192 τῷ

133 5215 284 5285 primate·
301 5210 383 5276 ἐπειδὴ
396 5209 438 5263 καὶ
452 5209 521 5282 μόνῳ
539 5207 621 5279 τούτῳ
637 5206 762 5278 πρόσεστι,
776 5202 901 5258 mireari
952 5202 1073 5276 ἀνθρώπῳ
1087 5207 1160 5257 τοῦτο
1176 5202 1322 5274 δεδώρηται,
1332 5199 1374 5253 καὶ
1389 5201 1473 5268 παντὶ,
1487 5203 1528 5255 zat
1543 5202 1590 5270 aa,
1601 5201 1668 5275 παρὰ
1677 5202 1718 5256 τὸν

134 5296 232 5351 midai·
247 5292 428 5358 οὖτωςέντοῖς
444 5291 507 5346 κατὰ
520 5292 592 5364 χάριν
613 5287 676 5344 Ιδιον
691 5288 817 5362 ἀνθρώπου
834 5286 901 5360 παρὰ
950 5287 1034 5358 καιρὸν
1059 5288 1102 5353 τῆς
1125 5283 1256 5358 {pampica
1282 5285 1356 5350 ζωῆς·
1383 5280 1482 5355 perant
1501 5284 1604 5337 θάνατον
1627 5284 1717 5338 οὐκέτι.

134 5383 211 5435 πᾶσαν
219 5379 264 5447 tir
273 5376 462 5451 inpudentiora
470 5374 499 5429 rb
508 5373 550 5428 διὰ
560 5377 604 5442 τῆς
617 5371 744 5445 μετανοίας
753 5370 901 5426 ἀπολύεσθαι
950 5369 1015 5423 οὕτω
1029 5369 1056 5423 di
1069 5386 1131 5432 τινες
1144 5368 1184 5423 καὶ
1197 5366 1253 5429 soie
1266 5365 1387 5439 ἀγγέλους
1407 5365 1534 5438 §othrum
1552 5366 1638 5438 μηκέτι
1658 5364 1720 5439 μετὰ

161 5509 170 5554 Ι
185 5508 233 5556 un.
245 5508 264 5562 l,
276 5517 325 5566 asp.
335 5516 371 5551 ιι.

1744 3524 1869 3622 tlffiqpppptl
