<?xml version="1.0" encoding="UTF-8"?>
<!DOCTYPE html PUBLIC "-//W3C//DTD XHTML 1.0 Transitional//EN"
    "http://www.w3.org/TR/xhtml1/DTD/xhtml1-transitional.dtd">
<html xmlns="http://www.w3.org/1999/xhtml" xml:lang="en" lang="en">
 <head>
  <title>
</title>
<meta http-equiv="Content-Type" content="text/html;charset=utf-8" />
  <meta name='ocr-system' content='tesseract 3.04.00' />
  <meta name='ocr-capabilities' content='ocr_page ocr_carea ocr_par ocr_line ocrx_word'/>
</head>
<body>
  <div class='ocr_page' id='page_1' title='image "./dogmatatheologi00goog_0027.png"; bbox 0 0 4122 6184; ppageno 0'>
   <div class='ocr_carea' id='block_1_1' title="bbox 308 332 1375 395">
    <p class='ocr_par' dir='ltr' id='par_1_1' title="bbox 308 332 1375 395">
     <span class='ocr_line' id='line_1_1' title="bbox 308 332 1375 395; baseline 0 0"><span class='ocrx_word' id='word_1_1' title='bbox 308 337 346 395; x_wconf 79' lang='lat' dir='ltr'><strong>la</strong></span> <span class='ocrx_word' id='word_1_2' title='bbox 812 332 1137 395; x_wconf 81' lang='lat' dir='ltr'>THEOLOGICORUM</span> <span class='ocrx_word' id='word_1_3' title='bbox 1157 332 1375 395; x_wconf 78' lang='lat' dir='ltr'><strong>DOGMATUM</strong></span> 
     </span>
    </p>
   </div>
   <div class='ocr_carea' id='block_1_2' title="bbox 135 495 2056 5369">
    <p class='ocr_par' dir='ltr' id='par_1_2' title="bbox 135 495 2056 5369">
     <span class='ocr_line' id='line_1_2' title="bbox 306 495 1896 578; baseline 0.002 -21"><span class='ocrx_word' id='word_1_4' title='bbox 306 498 472 578; x_wconf 84' lang='lat' dir='ltr'><strong>Evagrium</strong></span> <span class='ocrx_word' id='word_1_5' title='bbox 494 515 566 559; x_wconf 86' lang='lat' dir='ltr'><strong>curn</strong></span> <span class='ocrx_word' id='word_1_6' title='bbox 588 515 625 558; x_wconf 91' lang='lat' dir='ltr'><strong>eo</strong></span> <span class='ocrx_word' id='word_1_7' title='bbox 646 495 807 576; x_wconf 80' lang='lat' dir='ltr'><strong>conjungit</strong></span> <span class='ocrx_word' id='word_1_8' title='bbox 834 496 944 558; x_wconf 87' lang='lat' dir='ltr'><strong>eadem</strong></span> <span class='ocrx_word' id='word_1_9' title='bbox 963 498 1078 561; x_wconf 86' lang='lat' dir='ltr'><strong>erroris</strong></span> <span class='ocrx_word' id='word_1_10' title='bbox 1126 505 1214 574; x_wconf 87' lang='lat' dir='ltr'><strong>tates,</strong></span> <span class='ocrx_word' id='word_1_11' title='bbox 1238 503 1269 559; x_wconf 91' lang='lat' dir='ltr'><strong>et</strong></span> <span class='ocrx_word' id='word_1_12' title='bbox 1289 497 1515 558; x_wconf 78' lang='lat' dir='ltr'><strong>dominationes</strong></span> <span class='ocrx_word' id='word_1_13' title='bbox 1533 497 1650 559; x_wconf 89' lang='lat' dir='ltr'><strong>habent</strong></span> <span class='ocrx_word' id='word_1_14' title='bbox 1671 498 1786 578; x_wconf 92' lang='lat' dir='ltr'><strong>aliqua,</strong></span> <span class='ocrx_word' id='word_1_15' title='bbox 1802 516 1896 578; x_wconf 87' lang='lat' dir='ltr'><strong>super</strong></span> 
     </span>
     <span class='ocr_line' id='line_1_3' title="bbox 307 589 1897 671; baseline 0.003 -22"><span class='ocrx_word' id='word_1_16' title='bbox 307 589 436 651; x_wconf 89' lang='lat' dir='ltr'><strong>infamia</strong></span> <span class='ocrx_word' id='word_1_17' title='bbox 451 590 656 651; x_wconf 82' lang='lat' dir='ltr'><strong>laborantem.</strong></span> <span class='ocrx_word' id='word_1_18' title='bbox 1126 611 1197 671; x_wconf 80' lang='lat' dir='ltr'><strong>quae</strong></span> <span class='ocrx_word' id='word_1_19' title='bbox 1211 596 1374 652; x_wconf 76' lang='lat' dir='ltr'><strong>exerceant</strong></span> <span class='ocrx_word' id='word_1_20' title='bbox 1385 595 1578 670; x_wconf 91' lang='lat' dir='ltr'><strong>potestatem,</strong></span> <span class='ocrx_word' id='word_1_21' title='bbox 1589 596 1620 651; x_wconf 88' lang='lat' dir='ltr'><strong>et</strong></span> <span class='ocrx_word' id='word_1_22' title='bbox 1633 590 1667 650; x_wconf 92' lang='lat' dir='ltr'><strong>in</strong></span> <span class='ocrx_word' id='word_1_23' title='bbox 1680 591 1897 670; x_wconf 80' lang='lat' dir='ltr'><strong>quaesubjeeta</strong></span> 
     </span>
     <span class='ocr_line' id='line_1_4' title="bbox 150 679 1896 762; baseline 0.005 -27"><span class='ocrx_word' id='word_1_24' title='bbox 150 693 175 755; x_wconf 75' lang='lat' dir='ltr'><strong>ra</strong></span> <span class='ocrx_word' id='word_1_25' title='bbox 194 692 269 736; x_wconf 78' lang='lat' dir='ltr'><strong>auam</strong></span> <span class='ocrx_word' id='word_1_26' title='bbox 348 680 390 742; x_wconf 91' lang='lat' dir='ltr'><strong>II.</strong></span> <span class='ocrx_word' id='word_1_27' title='bbox 406 681 616 760; x_wconf 85' lang='lat' dir='ltr'><strong>Hieronymus</strong></span> <span class='ocrx_word' id='word_1_28' title='bbox 638 698 711 741; x_wconf 79' lang='lat' dir='ltr'><strong>vero</strong></span> <span class='ocrx_word' id='word_1_29' title='bbox 726 680 762 740; x_wconf 92' lang='lat' dir='ltr'><strong>in</strong></span> <span class='ocrx_word' id='word_1_30' title='bbox 782 679 1014 743; x_wconf 90' lang='lat' dir='ltr'><strong>commentariis</strong></span> <span class='ocrx_word' id='word_1_31' title='bbox 1037 682 1076 743; x_wconf 86' lang='lat' dir='ltr'><strong>ad</strong></span> <span class='ocrx_word' id='word_1_32' title='bbox 1125 684 1378 745; x_wconf 78' lang='lat' dir='ltr'><strong>dominentur.»</strong></span> <span class='ocrx_word' id='word_1_33' title='bbox 1423 685 1505 762; x_wconf 89' lang='lat' dir='ltr'><strong>Ergo</strong></span> <span class='ocrx_word' id='word_1_34' title='bbox 1529 688 1560 743; x_wconf 90' lang='lat' dir='ltr'><strong>et</strong></span> <span class='ocrx_word' id='word_1_35' title='bbox 1584 683 1669 761; x_wconf 89' lang='lat' dir='ltr'><strong>quod</strong></span> <span class='ocrx_word' id='word_1_36' title='bbox 1702 682 1825 744; x_wconf 88' lang='lat' dir='ltr'><strong>cosdem</strong></span> <span class='ocrx_word' id='word_1_37' title='bbox 1851 683 1896 744; x_wconf 89' lang='lat' dir='ltr'><strong>ait</strong></span> 
     </span>
     <span class='ocr_line' id='line_1_5' title="bbox 136 747 1895 854; baseline 0.002 -21"><span class='ocrx_word' id='word_1_38' title='bbox 136 747 283 844; x_wconf 47' lang='lat' dir='ltr'><strong>vngffle</strong></span> <span class='ocrx_word' id='word_1_39' title='bbox 307 774 543 854; x_wconf 79' lang='lat' dir='ltr'><strong>eaprrtprimum</strong></span> <span class='ocrx_word' id='word_1_40' title='bbox 555 773 691 853; x_wconf 84' lang='lat' dir='ltr'><strong>epistolae</strong></span> <span class='ocrx_word' id='word_1_41' title='bbox 704 771 743 833; x_wconf 81' lang='lat' dir='ltr'><strong>od</strong></span> <span class='ocrx_word' id='word_1_42' title='bbox 757 770 900 852; x_wconf 73' lang='lat' dir='ltr'><strong>Ephesios</strong></span> <span class='ocrx_word' id='word_1_43' title='bbox 915 772 949 833; x_wconf 91' lang='lat' dir='ltr'><strong>iu</strong></span> <span class='ocrx_word' id='word_1_44' title='bbox 967 774 1077 834; x_wconf 73' lang='lat' dir='ltr'><strong>cariem</strong></span> <span class='ocrx_word' id='word_1_45' title='bbox 1125 794 1269 851; x_wconf 87' lang='lat' dir='ltr'><strong>creseere,</strong></span> <span class='ocrx_word' id='word_1_46' title='bbox 1293 794 1328 836; x_wconf 87' lang='lat' dir='ltr'><strong>ae</strong></span> <span class='ocrx_word' id='word_1_47' title='bbox 1347 775 1533 849; x_wconf 81' lang='lat' dir='ltr'><strong>decrescere,</strong></span> <span class='ocrx_word' id='word_1_48' title='bbox 1558 774 1618 836; x_wconf 91' lang='lat' dir='ltr'><strong>boc</strong></span> <span class='ocrx_word' id='word_1_49' title='bbox 1642 774 1687 834; x_wconf 89' lang='lat' dir='ltr'><strong>ait</strong></span> <span class='ocrx_word' id='word_1_50' title='bbox 1703 775 1895 854; x_wconf 90' lang='lat' dir='ltr'><strong>superiorem</strong></span> 
     </span>
     <span class='ocr_line' id='line_1_6' title="bbox 135 853 1893 947; baseline 0.001 -20"><span class='ocrx_word' id='word_1_51' title='bbox 135 853 283 908; x_wconf 62' lang='lat' dir='ltr'><strong>Bi⁰f⁰⁰¹¹¹¹¹¹⁸</strong></span> <span class='ocrx_word' id='word_1_52' title='bbox 306 884 371 927; x_wconf 89' lang='lat' dir='ltr'><strong>esse</strong></span> <span class='ocrx_word' id='word_1_53' title='bbox 379 866 673 927; x_wconf 83' lang='lat' dir='ltr'><strong>sententiavidetur.</strong></span> <span class='ocrx_word' id='word_1_54' title='bbox 685 865 764 925; x_wconf 87' lang='lat' dir='ltr'><strong>Nam</strong></span> <span class='ocrx_word' id='word_1_55' title='bbox 777 865 878 925; x_wconf 81' lang='lat' dir='ltr'><strong>varios</strong></span> <span class='ocrx_word' id='word_1_56' title='bbox 886 865 1075 943; x_wconf 78' lang='lat' dir='ltr'><strong>Angelorum</strong></span> <span class='ocrx_word' id='word_1_57' title='bbox 1124 868 1259 947; x_wconf 78' lang='lat' dir='ltr'><strong>aliquem</strong></span> <span class='ocrx_word' id='word_1_58' title='bbox 1269 867 1390 946; x_wconf 89' lang='lat' dir='ltr'><strong>assequi</strong></span> <span class='ocrx_word' id='word_1_59' title='bbox 1396 867 1539 947; x_wconf 84' lang='lat' dir='ltr'><strong>gradum,</strong></span> <span class='ocrx_word' id='word_1_60' title='bbox 1548 867 1646 927; x_wconf 91' lang='lat' dir='ltr'><strong>autab</strong></span> <span class='ocrx_word' id='word_1_61' title='bbox 1658 884 1694 927; x_wconf 90' lang='lat' dir='ltr'><strong>eo</strong></span> <span class='ocrx_word' id='word_1_62' title='bbox 1699 866 1893 942; x_wconf 88' lang='lat' dir='ltr'><strong>descendere,</strong></span> 
     </span>
     <span class='ocr_line' id='line_1_7' title="bbox 306 956 1896 1039; baseline 0.001 -20"><span class='ocrx_word' id='word_1_63' title='bbox 306 960 430 1019; x_wconf 88' lang='lat' dir='ltr'><strong>ordines</strong></span> <span class='ocrx_word' id='word_1_64' title='bbox 450 963 623 1026; x_wconf 88' lang='lat' dir='ltr'><strong>enumerat,</strong></span> <span class='ocrx_word' id='word_1_65' title='bbox 654 956 858 1035; x_wconf 87' lang='lat' dir='ltr'><strong>Principatus,</strong></span> <span class='ocrx_word' id='word_1_66' title='bbox 894 956 1072 1034; x_wconf 83' lang='lat' dir='ltr'><strong>Potestates,</strong></span> <span class='ocrx_word' id='word_1_67' title='bbox 1124 960 1164 1021; x_wconf 91' lang='lat' dir='ltr'><strong>ad</strong></span> <span class='ocrx_word' id='word_1_68' title='bbox 1193 959 1318 1021; x_wconf 88' lang='lat' dir='ltr'><strong>eosdem</strong></span> <span class='ocrx_word' id='word_1_69' title='bbox 1346 960 1482 1039; x_wconf 86' lang='lat' dir='ltr'><strong>pertinet</strong></span> <span class='ocrx_word' id='word_1_70' title='bbox 1510 959 1654 1037; x_wconf 79' lang='lat' dir='ltr'><strong>Angelos,</strong></span> <span class='ocrx_word' id='word_1_71' title='bbox 1683 964 1788 1038; x_wconf 89' lang='lat' dir='ltr'><strong>estque</strong></span> <span class='ocrx_word' id='word_1_72' title='bbox 1813 959 1896 1021; x_wconf 90' lang='lat' dir='ltr'><strong>inter</strong></span> 
     </span>
     <span class='ocr_line' id='line_1_8' title="bbox 305 1036 2051 1128; baseline 0.002 -17"><span class='ocrx_word' id='word_1_73' title='bbox 305 1051 459 1128; x_wconf 84' lang='lat' dir='ltr'><strong>Virtutes,</strong></span> <span class='ocrx_word' id='word_1_74' title='bbox 480 1049 730 1123; x_wconf 82' lang='lat' dir='ltr'><strong>Dominationes3</strong></span> <span class='ocrx_word' id='word_1_75' title='bbox 750 1036 957 1126; x_wconf 82' lang='lat' dir='ltr'><strong>quoshabere</strong></span> <span class='ocrx_word' id='word_1_76' title='bbox 974 1049 1075 1109; x_wconf 81' lang='lat' dir='ltr'><strong>asub·</strong></span> <span class='ocrx_word' id='word_1_77' title='bbox 1123 1054 1248 1124; x_wconf 75' lang='grc' dir='ltr'>παράδοξα</span> <span class='ocrx_word' id='word_1_78' title='bbox 1279 1052 1522 1112; x_wconf 82' lang='lat' dir='ltr'><strong>numerandum.</strong></span> <span class='ocrx_word' id='word_1_79' title='bbox 1557 1052 1627 1112; x_wconf 92' lang='lat' dir='ltr'><strong>Non</strong></span> <span class='ocrx_word' id='word_1_80' title='bbox 1665 1051 1749 1112; x_wconf 89' lang='lat' dir='ltr'><strong>enim</strong></span> <span class='ocrx_word' id='word_1_81' title='bbox 1781 1052 1895 1113; x_wconf 89' lang='lat' dir='ltr'><strong>mereri</strong></span> <span class='ocrx_word' id='word_1_82' title='bbox 1930 1079 1969 1124; x_wconf 75' lang='lat' dir='ltr'><strong>p..</strong></span> <span class='ocrx_word' id='word_1_83' title='bbox 2048 1099 2051 1114; x_wconf 80' lang='lat'><strong>.</strong></span> 
     </span>
     <span class='ocr_line' id='line_1_9' title="bbox 299 1139 1894 1223; baseline -0.001 -18"><span class='ocrx_word' id='word_1_84' title='bbox 299 1143 398 1222; x_wconf 86' lang='lat' dir='ltr'><strong>jactos</strong></span> <span class='ocrx_word' id='word_1_85' title='bbox 412 1144 531 1221; x_wconf 82' lang='lat' dir='ltr'><strong>abquos</strong></span> <span class='ocrx_word' id='word_1_86' title='bbox 544 1141 627 1213; x_wconf 86' lang='lat' dir='ltr'><strong>dicit,</strong></span> <span class='ocrx_word' id='word_1_87' title='bbox 644 1141 825 1201; x_wconf 89' lang='lat' dir='ltr'><strong>ettimentes</strong></span> <span class='ocrx_word' id='word_1_88' title='bbox 842 1157 884 1208; x_wconf 90' lang='lat' dir='ltr'><strong>se,</strong></span> <span class='ocrx_word' id='word_1_89' title='bbox 901 1145 932 1200; x_wconf 91' lang='lat' dir='ltr'><strong>et</strong></span> <span class='ocrx_word' id='word_1_90' title='bbox 944 1143 1076 1203; x_wconf 81' lang='lat' dir='ltr'><strong>servien·</strong></span> <span class='ocrx_word' id='word_1_91' title='bbox 1124 1139 1259 1217; x_wconf 88' lang='lat' dir='ltr'><strong>amplius</strong></span> <span class='ocrx_word' id='word_1_92' title='bbox 1279 1149 1410 1222; x_wconf 82' lang='lat' dir='ltr'><strong>possunt</strong></span> <span class='ocrx_word' id='word_1_93' title='bbox 1427 1143 1556 1223; x_wconf 85' lang='lat' dir='ltr'><strong>Angeli;</strong></span> <span class='ocrx_word' id='word_1_94' title='bbox 1571 1149 1627 1204; x_wconf 91' lang='lat' dir='ltr'><strong>aut</strong></span> <span class='ocrx_word' id='word_1_95' title='bbox 1643 1161 1717 1204; x_wconf 86' lang='lat' dir='ltr'><strong>vero</strong></span> <span class='ocrx_word' id='word_1_96' title='bbox 1731 1160 1771 1202; x_wconf 89' lang='lat' dir='ltr'><strong>ex</strong></span> <span class='ocrx_word' id='word_1_97' title='bbox 1784 1161 1847 1222; x_wconf 87' lang='lat' dir='ltr'><strong>quo</strong></span> <span class='ocrx_word' id='word_1_98' title='bbox 1860 1143 1894 1204; x_wconf 95' lang='lat' dir='ltr'><strong>in</strong></span> 
     </span>
     <span class='ocr_line' id='line_1_10' title="bbox 304 1231 1894 1314; baseline 0.001 -17"><span class='ocrx_word' id='word_1_99' title='bbox 304 1241 351 1297; x_wconf 91' lang='lat' dir='ltr'><strong>tes</strong></span> <span class='ocrx_word' id='word_1_100' title='bbox 364 1234 436 1311; x_wconf 90' lang='lat' dir='ltr'><strong>sibi,</strong></span> <span class='ocrx_word' id='word_1_101' title='bbox 455 1240 486 1295; x_wconf 88' lang='lat' dir='ltr'><strong>et</strong></span> <span class='ocrx_word' id='word_1_102' title='bbox 499 1252 562 1310; x_wconf 91' lang='lat' dir='ltr'><strong>eos,</strong></span> <span class='ocrx_word' id='word_1_103' title='bbox 584 1234 639 1313; x_wconf 88' lang='lat' dir='ltr'><strong>qui</strong></span> <span class='ocrx_word' id='word_1_104' title='bbox 658 1232 908 1293; x_wconf 86' lang='lat' dir='ltr'><strong>sualortitudine</strong></span> <span class='ocrx_word' id='word_1_105' title='bbox 925 1234 1075 1294; x_wconf 85' lang='lat' dir='ltr'><strong>roboren—</strong></span> <span class='ocrx_word' id='word_1_106' title='bbox 1123 1231 1235 1310; x_wconf 89' lang='lat' dir='ltr'><strong>gratia,</strong></span> <span class='ocrx_word' id='word_1_107' title='bbox 1273 1241 1305 1295; x_wconf 95' lang='lat' dir='ltr'><strong>et</strong></span> <span class='ocrx_word' id='word_1_108' title='bbox 1338 1234 1484 1297; x_wconf 74' lang='lat' dir='ltr'><strong>felicitate</strong></span> <span class='ocrx_word' id='word_1_109' title='bbox 1514 1235 1673 1297; x_wconf 88' lang='lat' dir='ltr'><strong>obfirmati</strong></span> <span class='ocrx_word' id='word_1_110' title='bbox 1704 1241 1787 1314; x_wconf 89' lang='lat' dir='ltr'><strong>sunt,</strong></span> <span class='ocrx_word' id='word_1_111' title='bbox 1822 1243 1894 1299; x_wconf 86' lang='lat' dir='ltr'><strong>ente</strong></span> 
     </span>
     <span class='ocr_line' id='line_1_11' title="bbox 177 1310 1301 1403; baseline -0.001 -15"><span class='ocrx_word' id='word_1_112' title='bbox 177 1310 184 1321; x_wconf 56' lang='lat'>⁸</span> <span class='ocrx_word' id='word_1_113' title='bbox 305 1337 366 1388; x_wconf 89' lang='lat' dir='ltr'><strong>tur.</strong></span> <span class='ocrx_word' id='word_1_114' title='bbox 382 1330 456 1401; x_wconf 81' lang='lat' dir='ltr'><strong>Quae</strong></span> <span class='ocrx_word' id='word_1_115' title='bbox 469 1326 700 1386; x_wconf 83' lang='lat' dir='ltr'><strong>distributiones</strong></span> <span class='ocrx_word' id='word_1_116' title='bbox 713 1324 887 1385; x_wconf 86' lang='lat' dir='ltr'><strong>officiorum</strong></span> <span class='ocrx_word' id='word_1_117' title='bbox 896 1342 962 1386; x_wconf 89' lang='lat' dir='ltr'><strong>non</strong></span> <span class='ocrx_word' id='word_1_118' title='bbox 973 1324 1075 1403; x_wconf 88' lang='lat' dir='ltr'><strong>solum</strong></span> <span class='ocrx_word' id='word_1_119' title='bbox 1123 1327 1301 1398; x_wconf 87' lang='lat' dir='ltr'><strong>potuerunt.</strong></span> 
     </span>
     <span class='ocr_line' id='line_1_12' title="bbox 303 1414 2056 1503; baseline 0.002 -24"><span class='ocrx_word' id='word_1_120' title='bbox 303 1419 595 1500; x_wconf 76' lang='lat' dir='ltr'><strong>inpresentiarum,</strong></span> <span class='ocrx_word' id='word_1_121' title='bbox 617 1418 671 1478; x_wconf 91' lang='lat' dir='ltr'><strong>sed</strong></span> <span class='ocrx_word' id='word_1_122' title='bbox 682 1417 774 1477; x_wconf 85' lang='lat' dir='ltr'><strong>etiarn</strong></span> <span class='ocrx_word' id='word_1_123' title='bbox 795 1416 829 1476; x_wconf 94' lang='lat' dir='ltr'><strong>in</strong></span> <span class='ocrx_word' id='word_1_124' title='bbox 842 1415 947 1477; x_wconf 87' lang='lat' dir='ltr'><strong>lutura</strong></span> <span class='ocrx_word' id='word_1_125' title='bbox 962 1417 1074 1478; x_wconf 80' lang='lat' dir='ltr'><strong>saeculo</strong></span> <span class='ocrx_word' id='word_1_126' title='bbox 1163 1414 1222 1477; x_wconf 90' lang='lat' dir='ltr'><strong>III.</strong></span> <span class='ocrx_word' id='word_1_127' title='bbox 1237 1418 1426 1499; x_wconf 83' lang='lat' dir='ltr'><strong>Theophilus</strong></span> <span class='ocrx_word' id='word_1_128' title='bbox 1435 1419 1662 1483; x_wconf 85' lang='lat' dir='ltr'><strong>Alexandrinus</strong></span> <span class='ocrx_word' id='word_1_129' title='bbox 1674 1419 1708 1480; x_wconf 91' lang='lat' dir='ltr'><strong>in</strong></span> <span class='ocrx_word' id='word_1_130' title='bbox 1721 1418 1801 1482; x_wconf 91' lang='lat' dir='ltr'><strong>libro</strong></span> <span class='ocrx_word' id='word_1_131' title='bbox 1821 1422 1894 1482; x_wconf 83' lang='lat' dir='ltr'><strong>Pas-</strong></span> <span class='ocrx_word' id='word_1_132' title='bbox 1938 1446 2056 1503; x_wconf 53' lang='lat' dir='ltr'><strong>om„</strong></span> 
     </span>
     <span class='ocr_line' id='line_1_13' title="bbox 304 1501 2056 1598; baseline 0.001 -26"><span class='ocrx_word' id='word_1_133' title='bbox 304 1517 407 1589; x_wconf 87' lang='lat' dir='ltr'><strong>erunt,</strong></span> <span class='ocrx_word' id='word_1_134' title='bbox 427 1516 464 1571; x_wconf 91' lang='lat' dir='ltr'><strong>ut</strong></span> <span class='ocrx_word' id='word_1_135' title='bbox 483 1529 539 1590; x_wconf 89' lang='lat' dir='ltr'><strong>per</strong></span> <span class='ocrx_word' id='word_1_136' title='bbox 552 1509 689 1589; x_wconf 88' lang='lat' dir='ltr'><strong>singulos</strong></span> <span class='ocrx_word' id='word_1_137' title='bbox 702 1507 866 1588; x_wconf 86' lang='lat' dir='ltr'><strong>proiectus,</strong></span> <span class='ocrx_word' id='word_1_138' title='bbox 882 1513 913 1568; x_wconf 89' lang='lat' dir='ltr'><strong>et</strong></span> <span class='ocrx_word' id='word_1_139' title='bbox 927 1508 1072 1586; x_wconf 84' lang='lat' dir='ltr'><strong>honores,</strong></span> <span class='ocrx_word' id='word_1_140' title='bbox 1123 1505 1203 1567; x_wconf 85' lang='lat' dir='ltr'><strong>cheli</strong></span> <span class='ocrx_word' id='word_1_141' title='bbox 1219 1513 1366 1582; x_wconf 85' lang='lat' dir='ltr'><strong>secundo.</strong></span> <span class='ocrx_word' id='word_1_142' title='bbox 1395 1519 1503 1574; x_wconf 90' lang='lat' dir='ltr'><strong>eontra</strong></span> <span class='ocrx_word' id='word_1_143' title='bbox 1536 1512 1676 1592; x_wconf 88' lang='lat' dir='ltr'><strong>Origenis</strong></span> <span class='ocrx_word' id='word_1_144' title='bbox 1709 1512 1893 1592; x_wconf 90' lang='lat' dir='ltr'><strong>opinionem</strong></span> <span class='ocrx_word' id='word_1_145' title='bbox 1917 1501 2056 1598; x_wconf 55' lang='lat' dir='ltr'><strong>“Afgfflffi</strong></span> 
     </span>
     <span class='ocr_line' id='line_1_14' title="bbox 304 1597 2048 1705; baseline 0.001 -40"><span class='ocrx_word' id='word_1_146' title='bbox 304 1608 335 1665; x_wconf 92' lang='lat' dir='ltr'><strong>et</strong></span> <span class='ocrx_word' id='word_1_147' title='bbox 357 1604 561 1678; x_wconf 90' lang='lat' dir='ltr'><strong>ascensiones,</strong></span> <span class='ocrx_word' id='word_1_148' title='bbox 591 1609 622 1661; x_wconf 91' lang='lat' dir='ltr'><strong>at</strong></span> <span class='ocrx_word' id='word_1_149' title='bbox 639 1601 854 1662; x_wconf 87' lang='lat' dir='ltr'><strong>descensiones</strong></span> <span class='ocrx_word' id='word_1_150' title='bbox 880 1599 930 1661; x_wconf 81' lang='lat' dir='ltr'><strong>vel</strong></span> <span class='ocrx_word' id='word_1_151' title='bbox 958 1607 1074 1661; x_wconf 88' lang='lat' dir='ltr'><strong>crescat</strong></span> <span class='ocrx_word' id='word_1_152' title='bbox 1121 1597 1366 1682; x_wconf 87' lang='lat' dir='ltr'><strong>illamdisputat,</strong></span> <span class='ocrx_word' id='word_1_153' title='bbox 1382 1604 1437 1683; x_wconf 91' lang='lat' dir='ltr'><strong>qui</strong></span> <span class='ocrx_word' id='word_1_154' title='bbox 1454 1604 1692 1683; x_wconf 65' lang='lat' dir='ltr'><strong>«Principatus</strong></span> <span class='ocrx_word' id='word_1_155' title='bbox 1709 1605 1889 1675; x_wconf 85' lang='lat' dir='ltr'><strong>Potestates,</strong></span> <span class='ocrx_word' id='word_1_156' title='bbox 1929 1620 2048 1705; x_wconf 50' lang='lat' dir='ltr'><strong>maffia</strong></span> 
     </span>
     <span class='ocr_line' id='line_1_15' title="bbox 303 1689 2046 1775; baseline 0.001 -19"><span class='ocrx_word' id='word_1_157' title='bbox 303 1695 425 1775; x_wconf 89' lang='lat' dir='ltr'><strong>aliquis,</strong></span> <span class='ocrx_word' id='word_1_158' title='bbox 445 1694 495 1755; x_wconf 82' lang='lat' dir='ltr'><strong>rel</strong></span> <span class='ocrx_word' id='word_1_159' title='bbox 513 1695 677 1769; x_wconf 90' lang='lat' dir='ltr'><strong>decrescat,</strong></span> <span class='ocrx_word' id='word_1_160' title='bbox 698 1699 729 1753; x_wconf 91' lang='lat' dir='ltr'><strong>et</strong></span> <span class='ocrx_word' id='word_1_161' title='bbox 742 1693 800 1752; x_wconf 90' lang='lat' dir='ltr'><strong>sub</strong></span> <span class='ocrx_word' id='word_1_162' title='bbox 823 1693 884 1753; x_wconf 85' lang='lat' dir='ltr'><strong>elie</strong></span> <span class='ocrx_word' id='word_1_163' title='bbox 903 1698 996 1772; x_wconf 90' lang='lat' dir='ltr'><strong>atque</strong></span> <span class='ocrx_word' id='word_1_164' title='bbox 1012 1691 1074 1753; x_wconf 89' lang='lat' dir='ltr'><strong>alia</strong></span> <span class='ocrx_word' id='word_1_165' title='bbox 1123 1689 1339 1764; x_wconf 85' lang='lat' dir='ltr'><strong>Fortitudines,</strong></span> <span class='ocrx_word' id='word_1_166' title='bbox 1353 1697 1505 1773; x_wconf 90' lang='lat' dir='ltr'><strong>Thronos,</strong></span> <span class='ocrx_word' id='word_1_167' title='bbox 1518 1715 1554 1757; x_wconf 88' lang='lat' dir='ltr'><strong>ae</strong></span> <span class='ocrx_word' id='word_1_168' title='bbox 1568 1696 1810 1775; x_wconf 75' lang='lat' dir='ltr'><strong>hominationes,</strong></span> <span class='ocrx_word' id='word_1_169' title='bbox 1826 1716 1892 1758; x_wconf 90' lang='lat' dir='ltr'><strong>non</strong></span> <span class='ocrx_word' id='word_1_170' title='bbox 2045 1693 2046 1696; x_wconf 64' lang='grc'>’</span> 
     </span>
     <span class='ocr_line' id='line_1_16' title="bbox 302 1782 1892 1868; baseline 0.003 -21"><span class='ocrx_word' id='word_1_171' title='bbox 302 1793 464 1865; x_wconf 87' lang='lat' dir='ltr'><strong>potestate,</strong></span> <span class='ocrx_word' id='word_1_172' title='bbox 475 1784 797 1865; x_wconf 70' lang='lat' dir='ltr'><strong>uirtuteprineipatu,</strong></span> <span class='ocrx_word' id='word_1_173' title='bbox 818 1787 849 1845; x_wconf 87' lang='lat' dir='ltr'><strong>ct</strong></span> <span class='ocrx_word' id='word_1_174' title='bbox 861 1782 1073 1845; x_wconf 89' lang='lat' dir='ltr'><strong>dominatione</strong></span> <span class='ocrx_word' id='word_1_175' title='bbox 1121 1782 1892 1868; x_wconf 82' lang='lat' dir='ltr'><strong>ahinitioinhoceonditasrefert,sedpostcreatie·</strong></span> 
     </span>
     <span class='ocr_line' id='line_1_17' title="bbox 303 1878 1893 1960; baseline 0.003 -21"><span class='ocrx_word' id='word_1_176' title='bbox 303 1878 399 1943; x_wconf 73' lang='lat' dir='ltr'><strong>fiet.»</strong></span> <span class='ocrx_word' id='word_1_177' title='bbox 1122 1879 1256 1938; x_wconf 90' lang='lat' dir='ltr'><strong>ncmsui</strong></span> <span class='ocrx_word' id='word_1_178' title='bbox 1269 1880 1505 1959; x_wconf 90' lang='lat' dir='ltr'><strong>aliquohonore</strong></span> <span class='ocrx_word' id='word_1_179' title='bbox 1523 1881 1762 1960; x_wconf 82' lang='lat' dir='ltr'><strong>dignasfeaisse,</strong></span> <span class='ocrx_word' id='word_1_180' title='bbox 1779 1882 1893 1943; x_wconf 88' lang='lat' dir='ltr'><strong>etaliis</strong></span> 
     </span>
     <span class='ocr_line' id='line_1_18' title="bbox 344 1967 1892 2052; baseline 0.001 -19"><span class='ocrx_word' id='word_1_181' title='bbox 344 1974 419 2046; x_wconf 80' lang='lat' dir='ltr'><strong>Quoe</strong></span> <span class='ocrx_word' id='word_1_182' title='bbox 432 1989 471 2032; x_wconf 85' lang='lat' dir='ltr'><strong>ex</strong></span> <span class='ocrx_word' id='word_1_183' title='bbox 483 1969 614 2049; x_wconf 86' lang='lat' dir='ltr'><strong>Origene</strong></span> <span class='ocrx_word' id='word_1_184' title='bbox 623 1973 783 2029; x_wconf 90' lang='lat' dir='ltr'><strong>mutuatus</strong></span> <span class='ocrx_word' id='word_1_185' title='bbox 795 1967 929 2045; x_wconf 75' lang='lat' dir='ltr'><strong>videtin,</strong></span> <span class='ocrx_word' id='word_1_186' title='bbox 943 1983 1072 2046; x_wconf 84' lang='lat' dir='ltr'><strong>praeser·</strong></span> <span class='ocrx_word' id='word_1_187' title='bbox 1121 1968 1171 2027; x_wconf 85' lang='lat' dir='ltr'><strong>sui</strong></span> <span class='ocrx_word' id='word_1_188' title='bbox 1193 1971 1345 2034; x_wconf 90' lang='lat' dir='ltr'><strong>similibus</strong></span> <span class='ocrx_word' id='word_1_189' title='bbox 1372 1978 1498 2052; x_wconf 89' lang='lat' dir='ltr'><strong>propter</strong></span> <span class='ocrx_word' id='word_1_190' title='bbox 1518 1973 1743 2051; x_wconf 79' lang='lat' dir='ltr'><strong>negligentiam</strong></span> <span class='ocrx_word' id='word_1_191' title='bbox 1755 1974 1795 2035; x_wconf 90' lang='lat' dir='ltr'><strong>ad</strong></span> <span class='ocrx_word' id='word_1_192' title='bbox 1813 1973 1892 2035; x_wconf 84' lang='lat' dir='ltr'><strong>inie-</strong></span> 
     </span>
     <span class='ocr_line' id='line_1_19' title="bbox 302 2058 1891 2146; baseline 0.002 -23"><span class='ocrx_word' id='word_1_193' title='bbox 302 2064 391 2125; x_wconf 89' lang='lat' dir='ltr'><strong>tlme</strong></span> <span class='ocrx_word' id='word_1_194' title='bbox 412 2063 512 2143; x_wconf 90' lang='lat' dir='ltr'><strong>primo</strong></span> <span class='ocrx_word' id='word_1_195' title='bbox 533 2060 569 2122; x_wconf 85' lang='lat' dir='ltr'><strong>de</strong></span> <span class='ocrx_word' id='word_1_196' title='bbox 586 2060 759 2141; x_wconf 80' lang='lat' dir='ltr'><strong>Principiis,</strong></span> <span class='ocrx_word' id='word_1_197' title='bbox 780 2060 880 2139; x_wconf 89' lang='lat' dir='ltr'><strong>eapite</strong></span> <span class='ocrx_word' id='word_1_198' title='bbox 898 2064 995 2134; x_wconf 88' lang='lat' dir='ltr'><strong>sexto,</strong></span> <span class='ocrx_word' id='word_1_199' title='bbox 1018 2058 1072 2119; x_wconf 89' lang='lat' dir='ltr'><strong>ubi</strong></span> <span class='ocrx_word' id='word_1_200' title='bbox 1121 2058 1204 2121; x_wconf 91' lang='lat' dir='ltr'><strong>riora</strong></span> <span class='ocrx_word' id='word_1_201' title='bbox 1223 2062 1367 2144; x_wconf 85' lang='lat' dir='ltr'><strong>delapsis,</strong></span> <span class='ocrx_word' id='word_1_202' title='bbox 1390 2064 1447 2125; x_wconf 87' lang='lat' dir='ltr'><strong>hes</strong></span> <span class='ocrx_word' id='word_1_203' title='bbox 1461 2064 1574 2125; x_wconf 89' lang='lat' dir='ltr'><strong>inclitis</strong></span> <span class='ocrx_word' id='word_1_204' title='bbox 1592 2065 1773 2126; x_wconf 89' lang='lat' dir='ltr'><strong>nominibus</strong></span> <span class='ocrx_word' id='word_1_205' title='bbox 1785 2065 1891 2146; x_wconf 88' lang='lat' dir='ltr'><strong>appel-</strong></span> 
     </span>
     <span class='ocr_line' id='line_1_20' title="bbox 302 2149 1892 2235; baseline 0.002 -21"><span class='ocrx_word' id='word_1_206' title='bbox 302 2155 542 2233; x_wconf 88' lang='lat' dir='ltr'><strong>Principatibus,</strong></span> <span class='ocrx_word' id='word_1_207' title='bbox 577 2171 614 2214; x_wconf 90' lang='lat' dir='ltr'><strong>ac</strong></span> <span class='ocrx_word' id='word_1_208' title='bbox 649 2152 864 2229; x_wconf 89' lang='lat' dir='ltr'><strong>Potestatibus,</strong></span> <span class='ocrx_word' id='word_1_209' title='bbox 892 2150 1074 2230; x_wconf 72' lang='lat' dir='ltr'><strong>asserisque</strong></span> <span class='ocrx_word' id='word_1_210' title='bbox 1121 2149 1217 2229; x_wconf 84' lang='lat' dir='ltr'><strong>latas3</strong></span> <span class='ocrx_word' id='word_1_211' title='bbox 1241 2162 1278 2216; x_wconf 91' lang='lat' dir='ltr'><strong>ut</strong></span> <span class='ocrx_word' id='word_1_212' title='bbox 1293 2156 1384 2234; x_wconf 78' lang='lat' dir='ltr'><strong>J&#39;nxta</strong></span> <span class='ocrx_word' id='word_1_213' title='bbox 1405 2174 1543 2218; x_wconf 84' lang='lat' dir='ltr'><strong>errorem</strong></span> <span class='ocrx_word' id='word_1_214' title='bbox 1557 2157 1625 2235; x_wconf 86' lang='lat' dir='ltr'><strong>ejus</strong></span> <span class='ocrx_word' id='word_1_215' title='bbox 1642 2175 1707 2217; x_wconf 89' lang='lat' dir='ltr'><strong>non</strong></span> <span class='ocrx_word' id='word_1_216' title='bbox 1720 2175 1772 2218; x_wconf 90' lang='lat' dir='ltr'><strong>eas</strong></span> <span class='ocrx_word' id='word_1_217' title='bbox 1785 2156 1892 2219; x_wconf 78' lang='lat' dir='ltr'><strong>mndi-</strong></span> 
     </span>
     <span class='ocr_line' id='line_1_21' title="bbox 302 2243 1894 2329; baseline 0.004 -24"><span class='ocrx_word' id='word_1_218' title='bbox 302 2248 464 2309; x_wconf 90' lang='lat' dir='ltr'><strong>ordinibus</strong></span> <span class='ocrx_word' id='word_1_219' title='bbox 487 2246 639 2324; x_wconf 75' lang='lat' dir='ltr'><strong>sulrjectos</strong></span> <span class='ocrx_word' id='word_1_220' title='bbox 655 2263 720 2306; x_wconf 89' lang='lat' dir='ltr'><strong>esse</strong></span> <span class='ocrx_word' id='word_1_221' title='bbox 735 2244 811 2305; x_wconf 89' lang='lat' dir='ltr'><strong>alios</strong></span> <span class='ocrx_word' id='word_1_222' title='bbox 830 2243 905 2304; x_wconf 88' lang='lat' dir='ltr'><strong>dicit</strong></span> <span class='ocrx_word' id='word_1_223' title='bbox 926 2243 1072 2321; x_wconf 78' lang='lat' dir='ltr'><strong>Angelos,</strong></span> <span class='ocrx_word' id='word_1_224' title='bbox 1122 2243 1202 2306; x_wconf 86' lang='lat' dir='ltr'><strong>derit</strong></span> <span class='ocrx_word' id='word_1_225' title='bbox 1234 2249 1314 2309; x_wconf 89' lang='lat' dir='ltr'><strong>Deus</strong></span> <span class='ocrx_word' id='word_1_226' title='bbox 1354 2248 1556 2328; x_wconf 87' lang='lat' dir='ltr'><strong>principatus,</strong></span> <span class='ocrx_word' id='word_1_227' title='bbox 1592 2255 1623 2310; x_wconf 91' lang='lat' dir='ltr'><strong>et</strong></span> <span class='ocrx_word' id='word_1_228' title='bbox 1654 2254 1828 2329; x_wconf 75' lang='lat' dir='ltr'><strong>potestates,</strong></span> <span class='ocrx_word' id='word_1_229' title='bbox 1861 2254 1894 2312; x_wconf 84' lang='lat' dir='ltr'><strong>et</strong></span> 
     </span>
     <span class='ocr_line' id='line_1_22' title="bbox 301 2334 1893 2421; baseline 0.002 -22"><span class='ocrx_word' id='word_1_230' title='bbox 301 2357 358 2418; x_wconf 92' lang='lat' dir='ltr'><strong>pro</strong></span> <span class='ocrx_word' id='word_1_231' title='bbox 392 2341 512 2403; x_wconf 88' lang='lat' dir='ltr'><strong>ratione</strong></span> <span class='ocrx_word' id='word_1_232' title='bbox 548 2339 743 2400; x_wconf 85' lang='lat' dir='ltr'><strong>meritorum.</strong></span> <span class='ocrx_word' id='word_1_233' title='bbox 784 2338 867 2396; x_wconf 88' lang='lat' dir='ltr'><strong>Tum</strong></span> <span class='ocrx_word' id='word_1_234' title='bbox 896 2334 931 2395; x_wconf 90' lang='lat' dir='ltr'><strong>in</strong></span> <span class='ocrx_word' id='word_1_235' title='bbox 954 2335 1073 2396; x_wconf 89' lang='lat' dir='ltr'><strong>librel</strong></span> <span class='ocrx_word' id='word_1_236' title='bbox 1121 2336 1252 2418; x_wconf 88' lang='lat' dir='ltr'><strong>reliqua,</strong></span> <span class='ocrx_word' id='word_1_237' title='bbox 1274 2341 1480 2402; x_wconf 77' lang='lat' dir='ltr'><strong>sedulianum</strong></span> <span class='ocrx_word' id='word_1_238' title='bbox 1503 2346 1625 2421; x_wconf 86' lang='lat' dir='ltr'><strong>peecata</strong></span> <span class='ocrx_word' id='word_1_239' title='bbox 1644 2341 1705 2401; x_wconf 89' lang='lat' dir='ltr'><strong>illis</strong></span> <span class='ocrx_word' id='word_1_240' title='bbox 1722 2341 1893 2419; x_wconf 77' lang='lat' dir='ltr'><strong>{materiam</strong></span> 
     </span>
     <span class='ocr_line' id='line_1_23' title="bbox 301 2427 1894 2512; baseline 0.003 -21"><span class='ocrx_word' id='word_1_241' title='bbox 301 2440 404 2494; x_wconf 83' lang='lat' dir='ltr'><strong>contro</strong></span> <span class='ocrx_word' id='word_1_242' title='bbox 418 2431 590 2511; x_wconf 74' lang='lat' dir='ltr'><strong>Ruspinam,</strong></span> <span class='ocrx_word' id='word_1_243' title='bbox 612 2430 758 2492; x_wconf 89' lang='lat' dir='ltr'><strong>eumdem</strong></span> <span class='ocrx_word' id='word_1_244' title='bbox 777 2429 868 2490; x_wconf 90' lang='lat' dir='ltr'><strong>illum</strong></span> <span class='ocrx_word' id='word_1_245' title='bbox 884 2427 999 2500; x_wconf 89' lang='lat' dir='ltr'><strong>locum,</strong></span> <span class='ocrx_word' id='word_1_246' title='bbox 1020 2428 1074 2507; x_wconf 93' lang='lat' dir='ltr'><strong>qui</strong></span> <span class='ocrx_word' id='word_1_247' title='bbox 1122 2429 1289 2492; x_wconf 87' lang='lat' dir='ltr'><strong>tribuerint</strong></span> <span class='ocrx_word' id='word_1_248' title='bbox 1310 2432 1492 2512; x_wconf 89' lang='lat' dir='ltr'><strong>gloriarum.</strong></span> <span class='ocrx_word' id='word_1_249' title='bbox 1508 2455 1524 2491; x_wconf 83' lang='lat' dir='ltr'><strong>o</strong></span> <span class='ocrx_word' id='word_1_250' title='bbox 1544 2435 1619 2509; x_wconf 84' lang='lat' dir='ltr'><strong>Quae</strong></span> <span class='ocrx_word' id='word_1_251' title='bbox 1636 2451 1674 2494; x_wconf 86' lang='lat' dir='ltr'><strong>ex</strong></span> <span class='ocrx_word' id='word_1_252' title='bbox 1690 2434 1777 2494; x_wconf 88' lang='lat' dir='ltr'><strong>Pauli</strong></span> <span class='ocrx_word' id='word_1_253' title='bbox 1790 2441 1894 2496; x_wconf 83' lang='lat' dir='ltr'><strong>aucte-</strong></span> 
     </span>
     <span class='ocr_line' id='line_1_24' title="bbox 303 2519 1894 2604; baseline 0.001 -17"><span class='ocrx_word' id='word_1_254' title='bbox 303 2525 364 2587; x_wconf 91' lang='lat' dir='ltr'><strong>sibi</strong></span> <span class='ocrx_word' id='word_1_255' title='bbox 376 2526 515 2604; x_wconf 84' lang='lat' dir='ltr'><strong>objectus</strong></span> <span class='ocrx_word' id='word_1_256' title='bbox 526 2524 639 2600; x_wconf 88' lang='lat' dir='ltr'><strong>iuerat,</strong></span> <span class='ocrx_word' id='word_1_257' title='bbox 655 2520 800 2597; x_wconf 89' lang='lat' dir='ltr'><strong>describit</strong></span> <span class='ocrx_word' id='word_1_258' title='bbox 807 2541 815 2598; x_wconf 90' lang='lat'>;</span> <span class='ocrx_word' id='word_1_259' title='bbox 843 2538 880 2581; x_wconf 89' lang='lat' dir='ltr'><strong>nc</strong></span> <span class='ocrx_word' id='word_1_260' title='bbox 895 2538 936 2581; x_wconf 91' lang='lat' dir='ltr'><strong>ne</strong></span> <span class='ocrx_word' id='word_1_261' title='bbox 949 2519 1075 2594; x_wconf 81' lang='lat' dir='ltr'><strong>(trigeni</strong></span> <span class='ocrx_word' id='word_1_262' title='bbox 1123 2522 1241 2602; x_wconf 82' lang='lat' dir='ltr'><strong>ritate¹,</strong></span> <span class='ocrx_word' id='word_1_263' title='bbox 1271 2543 1306 2585; x_wconf 91' lang='lat' dir='ltr'><strong>ae</strong></span> <span class='ocrx_word' id='word_1_264' title='bbox 1328 2526 1430 2586; x_wconf 83' lang='lat' dir='ltr'><strong>verbis</strong></span> <span class='ocrx_word' id='word_1_265' title='bbox 1446 2525 1558 2587; x_wconf 88' lang='lat' dir='ltr'><strong>refellit</strong></span> <span class='ocrx_word' id='word_1_266' title='bbox 1580 2526 1624 2586; x_wconf 87' lang='lat' dir='ltr'><strong>ita</strong></span> <span class='ocrx_word' id='word_1_267' title='bbox 1644 2524 1830 2587; x_wconf 85' lang='lat' dir='ltr'><strong>scribentis:</strong></span> <span class='ocrx_word' id='word_1_268' title='bbox 1855 2526 1894 2589; x_wconf 84' lang='lat' dir='ltr'><strong>In</strong></span> 
     </span>
     <span class='ocr_line' id='line_1_25' title="bbox 305 2610 1890 2696; baseline 0.001 -17"><span class='ocrx_word' id='word_1_269' title='bbox 305 2618 447 2680; x_wconf 90' lang='lat' dir='ltr'><strong>assentiri</strong></span> <span class='ocrx_word' id='word_1_270' title='bbox 478 2617 647 2690; x_wconf 81' lang='lat' dir='ltr'><strong>rideretur,</strong></span> <span class='ocrx_word' id='word_1_271' title='bbox 671 2615 715 2674; x_wconf 88' lang='lat' dir='ltr'><strong>ite</strong></span> <span class='ocrx_word' id='word_1_272' title='bbox 747 2633 779 2674; x_wconf 89' lang='lat' dir='ltr'><strong>se</strong></span> <span class='ocrx_word' id='word_1_273' title='bbox 813 2612 949 2692; x_wconf 75' lang='lat' dir='ltr'><strong>pingat:</strong></span> <span class='ocrx_word' id='word_1_274' title='bbox 987 2633 1002 2671; x_wconf 81' lang='lat' dir='ltr'><strong>a</strong></span> <span class='ocrx_word' id='word_1_275' title='bbox 1019 2613 1075 2672; x_wconf 86' lang='lat' dir='ltr'><strong>Sin</strong></span> <span class='ocrx_word' id='word_1_276' title='bbox 1125 2610 1244 2674; x_wconf 77' lang='lat' dir='ltr'><strong>Christo</strong></span> <span class='ocrx_word' id='word_1_277' title='bbox 1256 2628 1353 2677; x_wconf 77' lang='lat' dir='ltr'><strong>crema</strong></span> <span class='ocrx_word' id='word_1_278' title='bbox 1366 2622 1436 2677; x_wconf 85' lang='lat' dir='ltr'><strong>sunt</strong></span> <span class='ocrx_word' id='word_1_279' title='bbox 1449 2618 1549 2678; x_wconf 85' lang='lat' dir='ltr'><strong>omnio</strong></span> <span class='ocrx_word' id='word_1_280' title='bbox 1559 2617 1590 2677; x_wconf 92' lang='lat' dir='ltr'><strong>in</strong></span> <span class='ocrx_word' id='word_1_281' title='bbox 1601 2616 1695 2693; x_wconf 80' lang='lat' dir='ltr'><strong>celis,</strong></span> <span class='ocrx_word' id='word_1_282' title='bbox 1710 2622 1739 2678; x_wconf 85' lang='lat' dir='ltr'><strong>et</strong></span> <span class='ocrx_word' id='word_1_283' title='bbox 1751 2621 1784 2678; x_wconf 88' lang='lat' dir='ltr'><strong>in</strong></span> <span class='ocrx_word' id='word_1_284' title='bbox 1795 2623 1890 2696; x_wconf 81' lang='lat' dir='ltr'><strong>ternu,</strong></span> 
     </span>
     <span class='ocr_line' id='line_1_26' title="bbox 304 2704 1891 2790; baseline 0.001 -19"><span class='ocrx_word' id='word_1_285' title='bbox 304 2717 410 2771; x_wconf 88' lang='lat' dir='ltr'><strong>autem</strong></span> <span class='ocrx_word' id='word_1_286' title='bbox 423 2714 512 2790; x_wconf 86' lang='lat' dir='ltr'><strong>putat</strong></span> <span class='ocrx_word' id='word_1_287' title='bbox 527 2714 558 2769; x_wconf 88' lang='lat' dir='ltr'><strong>et</strong></span> <span class='ocrx_word' id='word_1_288' title='bbox 580 2707 693 2768; x_wconf 87' lang='lat' dir='ltr'><strong>idcireo</strong></span> <span class='ocrx_word' id='word_1_289' title='bbox 718 2724 769 2766; x_wconf 90' lang='lat' dir='ltr'><strong>me</strong></span> <span class='ocrx_word' id='word_1_290' title='bbox 794 2705 959 2784; x_wconf 85' lang='lat' dir='ltr'><strong>Origenem</strong></span> <span class='ocrx_word' id='word_1_291' title='bbox 974 2705 1073 2783; x_wconf 91' lang='lat' dir='ltr'><strong>sequi,</strong></span> <span class='ocrx_word' id='word_1_292' title='bbox 1124 2704 1266 2783; x_wconf 81' lang='lat' dir='ltr'><strong>visibilia,</strong></span> <span class='ocrx_word' id='word_1_293' title='bbox 1282 2716 1310 2768; x_wconf 89' lang='lat' dir='ltr'><strong>et</strong></span> <span class='ocrx_word' id='word_1_294' title='bbox 1335 2708 1515 2786; x_wconf 84' lang='lat' dir='ltr'><strong>inuisibilia,</strong></span> <span class='ocrx_word' id='word_1_295' title='bbox 1530 2713 1591 2770; x_wconf 85' lang='lat' dir='ltr'><strong>siae</strong></span> <span class='ocrx_word' id='word_1_296' title='bbox 1616 2708 1739 2783; x_wconf 78' lang='lat' dir='ltr'><strong>Tironi,</strong></span> <span class='ocrx_word' id='word_1_297' title='bbox 1756 2710 1891 2773; x_wconf 85' lang='lat' dir='ltr'><strong>stoeDo·</strong></span> 
     </span>
     <span class='ocr_line' id='line_1_27' title="bbox 303 2798 1887 2883; baseline -0.001 -20"><span class='ocrx_word' id='word_1_298' title='bbox 303 2804 378 2883; x_wconf 89' lang='lat' dir='ltr'><strong>quia</strong></span> <span class='ocrx_word' id='word_1_299' title='bbox 402 2802 567 2882; x_wconf 85' lang='lat' dir='ltr'><strong>profectus,</strong></span> <span class='ocrx_word' id='word_1_300' title='bbox 595 2807 627 2860; x_wconf 88' lang='lat' dir='ltr'><strong>et</strong></span> <span class='ocrx_word' id='word_1_301' title='bbox 655 2800 800 2873; x_wconf 90' lang='lat' dir='ltr'><strong>honores,</strong></span> <span class='ocrx_word' id='word_1_302' title='bbox 821 2798 1025 2874; x_wconf 87' lang='lat' dir='ltr'><strong>ascensiones,</strong></span> <span class='ocrx_word' id='word_1_303' title='bbox 1044 2802 1075 2857; x_wconf 86' lang='lat' dir='ltr'><strong>et</strong></span> <span class='ocrx_word' id='word_1_304' title='bbox 1123 2798 1307 2873; x_wconf 79' lang='lat' dir='ltr'><strong>minutiones,</strong></span> <span class='ocrx_word' id='word_1_305' title='bbox 1346 2806 1403 2862; x_wconf 88' lang='lat' dir='ltr'><strong>etc.</strong></span> <span class='ocrx_word' id='word_1_306' title='bbox 1435 2823 1446 2857; x_wconf 84' lang='grc'>1</span> <span class='ocrx_word' id='word_1_307' title='bbox 1480 2802 1513 2862; x_wconf 89' lang='lat' dir='ltr'><strong>Si</strong></span> <span class='ocrx_word' id='word_1_308' title='bbox 1543 2799 1741 2880; x_wconf 83' lang='lat' dir='ltr'><strong>intelligeret,</strong></span> <span class='ocrx_word' id='word_1_309' title='bbox 1772 2802 1887 2881; x_wconf 88' lang='lat' dir='ltr'><strong>inquit,</strong></span> 
     </span>
     <span class='ocr_line' id='line_1_28' title="bbox 302 2889 1893 2972; baseline -0.001 -16"><span class='ocrx_word' id='word_1_310' title='bbox 302 2895 528 2969; x_wconf 89' lang='lat' dir='ltr'><strong>descensiones,</strong></span> <span class='ocrx_word' id='word_1_311' title='bbox 556 2893 760 2966; x_wconf 87' lang='lat' dir='ltr'><strong>incrementa,</strong></span> <span class='ocrx_word' id='word_1_312' title='bbox 788 2895 819 2951; x_wconf 92' lang='lat' dir='ltr'><strong>et</strong></span> <span class='ocrx_word' id='word_1_313' title='bbox 840 2890 1075 2950; x_wconf 89' lang='lat' dir='ltr'><strong>imminutiones</strong></span> <span class='ocrx_word' id='word_1_314' title='bbox 1123 2889 1187 2950; x_wconf 85' lang='lat' dir='ltr'><strong>vim</strong></span> <span class='ocrx_word' id='word_1_315' title='bbox 1214 2891 1312 2968; x_wconf 90' lang='lat' dir='ltr'><strong>verbi,</strong></span> <span class='ocrx_word' id='word_1_316' title='bbox 1346 2911 1401 2972; x_wconf 91' lang='lat' dir='ltr'><strong>per</strong></span> <span class='ocrx_word' id='word_1_317' title='bbox 1428 2911 1524 2971; x_wconf 92' lang='lat' dir='ltr'><strong>quam</strong></span> <span class='ocrx_word' id='word_1_318' title='bbox 1551 2893 1673 2968; x_wconf 89' lang='lat' dir='ltr'><strong>dicitur,</strong></span> <span class='ocrx_word' id='word_1_319' title='bbox 1700 2898 1802 2954; x_wconf 90' lang='lat' dir='ltr'><strong>creata</strong></span> <span class='ocrx_word' id='word_1_320' title='bbox 1818 2898 1893 2954; x_wconf 88' lang='lat' dir='ltr'><strong>sunt</strong></span> 
     </span>
     <span class='ocr_line' id='line_1_29' title="bbox 303 2981 1894 3067; baseline -0.001 -20"><span class='ocrx_word' id='word_1_321' title='bbox 303 2988 337 3047; x_wconf 93' lang='lat' dir='ltr'><strong>in</strong></span> <span class='ocrx_word' id='word_1_322' title='bbox 351 2987 541 3067; x_wconf 88' lang='lat' dir='ltr'><strong>expositione</strong></span> <span class='ocrx_word' id='word_1_323' title='bbox 551 3002 622 3046; x_wconf 88' lang='lat' dir='ltr'><strong>mea</strong></span> <span class='ocrx_word' id='word_1_324' title='bbox 635 2983 740 3064; x_wconf 90' lang='lat' dir='ltr'><strong>posui;</strong></span> <span class='ocrx_word' id='word_1_325' title='bbox 759 2982 980 3043; x_wconf 89' lang='lat' dir='ltr'><strong>seiatmultum</strong></span> <span class='ocrx_word' id='word_1_326' title='bbox 994 2981 1073 3043; x_wconf 90' lang='lat' dir='ltr'><strong>inte-</strong></span> <span class='ocrx_word' id='word_1_327' title='bbox 1124 2982 1239 3060; x_wconf 88' lang='lat' dir='ltr'><strong>omnia,</strong></span> <span class='ocrx_word' id='word_1_328' title='bbox 1262 2991 1378 3060; x_wconf 78' lang='lat' dir='ltr'><strong>uomet,</strong></span> <span class='ocrx_word' id='word_1_329' title='bbox 1402 2985 1442 3045; x_wconf 86' lang='lat' dir='ltr'><strong>ab</strong></span> <span class='ocrx_word' id='word_1_330' title='bbox 1463 2984 1551 3045; x_wconf 89' lang='lat' dir='ltr'><strong>initio</strong></span> <span class='ocrx_word' id='word_1_331' title='bbox 1575 2983 1619 3045; x_wconf 89' lang='lat' dir='ltr'><strong>ita</strong></span> <span class='ocrx_word' id='word_1_332' title='bbox 1631 3003 1683 3047; x_wconf 87' lang='lat' dir='ltr'><strong>ess</strong></span> <span class='ocrx_word' id='word_1_333' title='bbox 1698 2986 1846 3061; x_wconf 88' lang='lat' dir='ltr'><strong>conditas,</strong></span> <span class='ocrx_word' id='word_1_334' title='bbox 1862 2992 1894 3046; x_wconf 87' lang='lat' dir='ltr'><strong>et</strong></span> 
     </span>
     <span class='ocr_line' id='line_1_30' title="bbox 303 3075 1892 3157; baseline -0.002 -16"><span class='ocrx_word' id='word_1_335' title='bbox 303 3096 396 3155; x_wconf 90' lang='lat' dir='ltr'><strong>resse,</strong></span> <span class='ocrx_word' id='word_1_336' title='bbox 412 3080 451 3140; x_wconf 90' lang='lat' dir='ltr'><strong>de</strong></span> <span class='ocrx_word' id='word_1_337' title='bbox 464 3078 604 3157; x_wconf 87' lang='lat' dir='ltr'><strong>Angelis,</strong></span> <span class='ocrx_word' id='word_1_338' title='bbox 625 3083 656 3137; x_wconf 93' lang='lat' dir='ltr'><strong>et</strong></span> <span class='ocrx_word' id='word_1_339' title='bbox 670 3075 846 3155; x_wconf 85' lang='lat' dir='ltr'><strong>Seraphim,</strong></span> <span class='ocrx_word' id='word_1_340' title='bbox 863 3081 893 3136; x_wconf 91' lang='lat' dir='ltr'><strong>et</strong></span> <span class='ocrx_word' id='word_1_341' title='bbox 905 3075 1075 3135; x_wconf 88' lang='lat' dir='ltr'><strong>Cherubim</strong></span> <span class='ocrx_word' id='word_1_342' title='bbox 1123 3092 1188 3134; x_wconf 91' lang='lat' dir='ltr'><strong>non</strong></span> <span class='ocrx_word' id='word_1_343' title='bbox 1210 3075 1345 3136; x_wconf 88' lang='lat' dir='ltr'><strong>aliorum</strong></span> <span class='ocrx_word' id='word_1_344' title='bbox 1359 3077 1542 3152; x_wconf 87' lang='lat' dir='ltr'><strong>socordiam,</strong></span> <span class='ocrx_word' id='word_1_345' title='bbox 1558 3083 1590 3137; x_wconf 89' lang='lat' dir='ltr'><strong>et</strong></span> <span class='ocrx_word' id='word_1_346' title='bbox 1607 3077 1641 3137; x_wconf 90' lang='lat' dir='ltr'><strong>in</strong></span> <span class='ocrx_word' id='word_1_347' title='bbox 1655 3077 1802 3138; x_wconf 90' lang='lat' dir='ltr'><strong>inferiora</strong></span> <span class='ocrx_word' id='word_1_348' title='bbox 1819 3095 1892 3157; x_wconf 91' lang='lat' dir='ltr'><strong>pro·</strong></span> 
     </span>
     <span class='ocr_line' id='line_1_31' title="bbox 305 3165 1894 3247; baseline -0.002 -15"><span class='ocrx_word' id='word_1_349' title='bbox 305 3172 588 3245; x_wconf 87' lang='lat' dir='ltr'><strong>diceredsemones,</strong></span> <span class='ocrx_word' id='word_1_350' title='bbox 603 3169 790 3230; x_wconf 87' lang='lat' dir='ltr'><strong>ethomlnes</strong></span> <span class='ocrx_word' id='word_1_351' title='bbox 803 3167 883 3242; x_wconf 89' lang='lat' dir='ltr'><strong>fieri,</strong></span> <span class='ocrx_word' id='word_1_352' title='bbox 899 3166 1075 3247; x_wconf 84' lang='lat' dir='ltr'><strong>quodaifir-</strong></span> <span class='ocrx_word' id='word_1_353' title='bbox 1123 3165 1255 3247; x_wconf 91' lang='lat' dir='ltr'><strong>lapsum,</strong></span> <span class='ocrx_word' id='word_1_354' title='bbox 1290 3168 1485 3229; x_wconf 87' lang='lat' dir='ltr'><strong>occasionem</strong></span> <span class='ocrx_word' id='word_1_355' title='bbox 1513 3166 1635 3230; x_wconf 87' lang='lat' dir='ltr'><strong>dedisse</strong></span> <span class='ocrx_word' id='word_1_356' title='bbox 1659 3171 1734 3245; x_wconf 82' lang='lat' dir='ltr'><strong>lieo,</strong></span> <span class='ocrx_word' id='word_1_357' title='bbox 1763 3176 1799 3229; x_wconf 88' lang='lat' dir='ltr'><strong>ut</strong></span> <span class='ocrx_word' id='word_1_358' title='bbox 1825 3169 1894 3230; x_wconf 89' lang='lat' dir='ltr'><strong>illas</strong></span> 
     </span>
     <span class='ocr_line' id='line_1_32' title="bbox 306 3259 1893 3343; baseline -0.002 -18"><span class='ocrx_word' id='word_1_359' title='bbox 306 3270 372 3325; x_wconf 89' lang='lat' dir='ltr'><strong>mat</strong></span> <span class='ocrx_word' id='word_1_360' title='bbox 397 3265 556 3343; x_wconf 88' lang='lat' dir='ltr'><strong>Origenes,</strong></span> <span class='ocrx_word' id='word_1_361' title='bbox 585 3266 617 3321; x_wconf 90' lang='lat' dir='ltr'><strong>et</strong></span> <span class='ocrx_word' id='word_1_362' title='bbox 633 3261 715 3340; x_wconf 87' lang='lat' dir='ltr'><strong>ipsos</strong></span> <span class='ocrx_word' id='word_1_363' title='bbox 737 3261 819 3320; x_wconf 86' lang='lat' dir='ltr'><strong>inter</strong></span> <span class='ocrx_word' id='word_1_364' title='bbox 832 3278 864 3320; x_wconf 90' lang='lat' dir='ltr'><strong>se</strong></span> <span class='ocrx_word' id='word_1_365' title='bbox 888 3260 1022 3338; x_wconf 88' lang='lat' dir='ltr'><strong>Angelos</strong></span> <span class='ocrx_word' id='word_1_366' title='bbox 1031 3260 1075 3321; x_wconf 90' lang='lat' dir='ltr'><strong>di·</strong></span> <span class='ocrx_word' id='word_1_367' title='bbox 1122 3259 1324 3340; x_wconf 88' lang='lat' dir='ltr'><strong>principatus,</strong></span> <span class='ocrx_word' id='word_1_368' title='bbox 1341 3265 1372 3321; x_wconf 89' lang='lat' dir='ltr'><strong>et</strong></span> <span class='ocrx_word' id='word_1_369' title='bbox 1385 3265 1559 3340; x_wconf 88' lang='lat' dir='ltr'><strong>potestates,</strong></span> <span class='ocrx_word' id='word_1_370' title='bbox 1570 3266 1601 3322; x_wconf 90' lang='lat' dir='ltr'><strong>et</strong></span> <span class='ocrx_word' id='word_1_371' title='bbox 1612 3261 1809 3322; x_wconf 82' lang='lat' dir='ltr'><strong>fortitudines</strong></span> <span class='ocrx_word' id='word_1_372' title='bbox 1820 3261 1893 3322; x_wconf 90' lang='lat' dir='ltr'><strong>reli·</strong></span> 
     </span>
     <span class='ocr_line' id='line_1_33' title="bbox 303 3351 1894 3433; baseline -0.001 -18"><span class='ocrx_word' id='word_1_373' title='bbox 303 3374 392 3417; x_wconf 85' lang='lat' dir='ltr'><strong>versa</strong></span> <span class='ocrx_word' id='word_1_374' title='bbox 417 3354 592 3416; x_wconf 83' lang='lat' dir='ltr'><strong>officiorum</strong></span> <span class='ocrx_word' id='word_1_375' title='bbox 619 3370 734 3431; x_wconf 89' lang='lat' dir='ltr'><strong>genera</strong></span> <span class='ocrx_word' id='word_1_376' title='bbox 755 3369 819 3412; x_wconf 86' lang='lat' dir='ltr'><strong>esse</strong></span> <span class='ocrx_word' id='word_1_377' title='bbox 841 3351 975 3428; x_wconf 89' lang='lat' dir='ltr'><strong>sortitos,</strong></span> <span class='ocrx_word' id='word_1_378' title='bbox 991 3353 1075 3430; x_wconf 90' lang='lat' dir='ltr'><strong>quod</strong></span> <span class='ocrx_word' id='word_1_379' title='bbox 1124 3370 1201 3430; x_wconf 88' lang='lat' dir='ltr'><strong>quas</strong></span> <span class='ocrx_word' id='word_1_380' title='bbox 1214 3355 1400 3414; x_wconf 91' lang='lat' dir='ltr'><strong>nominaret.</strong></span> <span class='ocrx_word' id='word_1_381' title='bbox 1417 3374 1432 3411; x_wconf 82' lang='lat' dir='ltr'><strong>a</strong></span> <span class='ocrx_word' id='word_1_382' title='bbox 1449 3355 1548 3430; x_wconf 89' lang='lat' dir='ltr'><strong>Igitur</strong></span> <span class='ocrx_word' id='word_1_383' title='bbox 1561 3353 1751 3433; x_wconf 87' lang='lat' dir='ltr'><strong>Theophilus</strong></span> <span class='ocrx_word' id='word_1_384' title='bbox 1759 3354 1894 3431; x_wconf 88' lang='lat' dir='ltr'><strong>Angelos</strong></span> 
     </span>
     <span class='ocr_line' id='line_1_34' title="bbox 304 3443 1894 3526; baseline -0.001 -18"><span class='ocrx_word' id='word_1_385' title='bbox 304 3448 445 3509; x_wconf 75' lang='lat' dir='ltr'><strong>Ecclesiae</strong></span> <span class='ocrx_word' id='word_1_386' title='bbox 470 3465 535 3507; x_wconf 90' lang='lat' dir='ltr'><strong>non</strong></span> <span class='ocrx_word' id='word_1_387' title='bbox 557 3449 722 3524; x_wconf 88' lang='lat' dir='ltr'><strong>repugnet.</strong></span> <span class='ocrx_word' id='word_1_388' title='bbox 751 3443 912 3517; x_wconf 80' lang='lat' dir='ltr'><strong>Quomodo</strong></span> <span class='ocrx_word' id='word_1_389' title='bbox 939 3454 970 3503; x_wconf 93' lang='lat' dir='ltr'><strong>et</strong></span> <span class='ocrx_word' id='word_1_390' title='bbox 994 3444 1075 3504; x_wconf 90' lang='lat' dir='ltr'><strong>inter</strong></span> <span class='ocrx_word' id='word_1_391' title='bbox 1124 3463 1232 3506; x_wconf 90' lang='lat' dir='ltr'><strong>omnes</strong></span> <span class='ocrx_word' id='word_1_392' title='bbox 1246 3446 1284 3505; x_wconf 91' lang='lat' dir='ltr'><strong>iis</strong></span> <span class='ocrx_word' id='word_1_393' title='bbox 1296 3446 1330 3506; x_wconf 93' lang='lat' dir='ltr'><strong>in</strong></span> <span class='ocrx_word' id='word_1_394' title='bbox 1353 3445 1514 3506; x_wconf 90' lang='lat' dir='ltr'><strong>ordinibus</strong></span> <span class='ocrx_word' id='word_1_395' title='bbox 1537 3451 1731 3507; x_wconf 88' lang='lat' dir='ltr'><strong>creatosesse</strong></span> <span class='ocrx_word' id='word_1_396' title='bbox 1745 3452 1844 3526; x_wconf 88' lang='lat' dir='ltr'><strong>putat,</strong></span> <span class='ocrx_word' id='word_1_397' title='bbox 1859 3447 1894 3507; x_wconf 89' lang='lat' dir='ltr'><strong>in</strong></span> 
     </span>
     <span class='ocr_line' id='line_1_35' title="bbox 303 3534 1892 3616; baseline -0.001 -16"><span class='ocrx_word' id='word_1_398' title='bbox 303 3540 447 3600; x_wconf 90' lang='lat' dir='ltr'><strong>homines</strong></span> <span class='ocrx_word' id='word_1_399' title='bbox 463 3538 539 3599; x_wconf 93' lang='lat' dir='ltr'><strong>ordo</strong></span> <span class='ocrx_word' id='word_1_400' title='bbox 550 3536 740 3615; x_wconf 86' lang='lat' dir='ltr'><strong>dignitatum</strong></span> <span class='ocrx_word' id='word_1_401' title='bbox 754 3534 914 3596; x_wconf 87' lang='lat' dir='ltr'><strong>exlaboris</strong></span> <span class='ocrx_word' id='word_1_402' title='bbox 928 3534 1075 3596; x_wconf 81' lang='lat' dir='ltr'><strong>varietate</strong></span> <span class='ocrx_word' id='word_1_403' title='bbox 1124 3538 1237 3616; x_wconf 88' lang='lat' dir='ltr'><strong>quibus</strong></span> <span class='ocrx_word' id='word_1_404' title='bbox 1250 3543 1431 3613; x_wconf 82' lang='lat' dir='ltr'><strong>censentur3</strong></span> <span class='ocrx_word' id='word_1_405' title='bbox 1446 3556 1511 3597; x_wconf 90' lang='lat' dir='ltr'><strong>non</strong></span> <span class='ocrx_word' id='word_1_406' title='bbox 1521 3542 1627 3599; x_wconf 87' lang='lat' dir='ltr'><strong>autem</strong></span> <span class='ocrx_word' id='word_1_407' title='bbox 1640 3538 1758 3600; x_wconf 90' lang='lat' dir='ltr'><strong>meritis</strong></span> <span class='ocrx_word' id='word_1_408' title='bbox 1767 3538 1892 3599; x_wconf 90' lang='lat' dir='ltr'><strong>illorum</strong></span> 
     </span>
     <span class='ocr_line' id='line_1_36' title="bbox 304 3626 1617 3708; baseline -0.001 -17"><span class='ocrx_word' id='word_1_409' title='bbox 304 3631 443 3692; x_wconf 87' lang='lat' dir='ltr'><strong>diversus</strong></span> <span class='ocrx_word' id='word_1_410' title='bbox 456 3635 513 3706; x_wconf 88' lang='lat' dir='ltr'><strong>est,</strong></span> <span class='ocrx_word' id='word_1_411' title='bbox 530 3645 603 3690; x_wconf 91' lang='lat' dir='ltr'><strong>cum</strong></span> <span class='ocrx_word' id='word_1_412' title='bbox 619 3628 794 3707; x_wconf 87' lang='lat' dir='ltr'><strong>episcopus,</strong></span> <span class='ocrx_word' id='word_1_413' title='bbox 812 3633 843 3687; x_wconf 92' lang='lat' dir='ltr'><strong>et</strong></span> <span class='ocrx_word' id='word_1_414' title='bbox 857 3626 1029 3707; x_wconf 85' lang='lat' dir='ltr'><strong>presbyter,</strong></span> <span class='ocrx_word' id='word_1_415' title='bbox 1045 3632 1077 3688; x_wconf 88' lang='lat' dir='ltr'><strong>et</strong></span> <span class='ocrx_word' id='word_1_416' title='bbox 1123 3628 1288 3708; x_wconf 86' lang='lat' dir='ltr'><strong>dignitates</strong></span> <span class='ocrx_word' id='word_1_417' title='bbox 1302 3648 1355 3689; x_wconf 89' lang='lat' dir='ltr'><strong>eas</strong></span> <span class='ocrx_word' id='word_1_418' title='bbox 1366 3648 1431 3690; x_wconf 89' lang='lat' dir='ltr'><strong>esse</strong></span> <span class='ocrx_word' id='word_1_419' title='bbox 1446 3648 1617 3691; x_wconf 87' lang='lat' dir='ltr'><strong>concessas.</strong></span> 
     </span>
     <span class='ocr_line' id='line_1_37' title="bbox 304 3718 2056 3811; baseline -0.001 -27"><span class='ocrx_word' id='word_1_420' title='bbox 304 3724 406 3785; x_wconf 91' lang='lat' dir='ltr'><strong>omnis</strong></span> <span class='ocrx_word' id='word_1_421' title='bbox 430 3720 655 3784; x_wconf 87' lang='lat' dir='ltr'><strong>ecclesiasticus</strong></span> <span class='ocrx_word' id='word_1_422' title='bbox 671 3728 786 3799; x_wconf 87' lang='lat' dir='ltr'><strong>gradus</strong></span> <span class='ocrx_word' id='word_1_423' title='bbox 807 3718 920 3779; x_wconf 90' lang='lat' dir='ltr'><strong>habeat</strong></span> <span class='ocrx_word' id='word_1_424' title='bbox 933 3720 1075 3780; x_wconf 88' lang='lat' dir='ltr'><strong>ordinem</strong></span> <span class='ocrx_word' id='word_1_425' title='bbox 1165 3723 1285 3782; x_wconf 89' lang='lat' dir='ltr'><strong>Verum</strong></span> <span class='ocrx_word' id='word_1_426' title='bbox 1303 3724 1396 3801; x_wconf 88' lang='lat' dir='ltr'><strong>Hugo</strong></span> <span class='ocrx_word' id='word_1_427' title='bbox 1418 3722 1595 3783; x_wconf 87' lang='lat' dir='ltr'><strong>Victorinus</strong></span> <span class='ocrx_word' id='word_1_428' title='bbox 1605 3721 1628 3799; x_wconf 79' lang='lat'><strong>³,</strong></span> <span class='ocrx_word' id='word_1_429' title='bbox 1655 3727 1686 3782; x_wconf 91' lang='lat' dir='ltr'><strong>et</strong></span> <span class='ocrx_word' id='word_1_430' title='bbox 1702 3723 1893 3784; x_wconf 76' lang='lat' dir='ltr'><strong>lombardus</strong></span> <span class='ocrx_word' id='word_1_431' title='bbox 1936 3768 2056 3811; x_wconf 63' lang='lat' dir='ltr'><strong>&amp;niens</strong></span> 
     </span>
     <span class='ocr_line' id='line_1_38' title="bbox 304 3810 2056 3918; baseline 0 -42"><span class='ocrx_word' id='word_1_432' title='bbox 304 3834 408 3893; x_wconf 87' lang='lat' dir='ltr'><strong>suum,</strong></span> <span class='ocrx_word' id='word_1_433' title='bbox 429 3820 459 3876; x_wconf 92' lang='lat' dir='ltr'><strong>et</strong></span> <span class='ocrx_word' id='word_1_434' title='bbox 477 3819 584 3874; x_wconf 87' lang='lat' dir='ltr'><strong>tamen</strong></span> <span class='ocrx_word' id='word_1_435' title='bbox 599 3829 707 3873; x_wconf 89' lang='lat' dir='ltr'><strong>ornnes</strong></span> <span class='ocrx_word' id='word_1_436' title='bbox 727 3810 870 3873; x_wconf 87' lang='lat' dir='ltr'><strong>homines</strong></span> <span class='ocrx_word' id='word_1_437' title='bbox 883 3817 966 3872; x_wconf 90' lang='lat' dir='ltr'><strong>sunt.</strong></span> <span class='ocrx_word' id='word_1_438' title='bbox 981 3812 1030 3873; x_wconf 87' lang='lat' dir='ltr'><strong>Sic</strong></span> <span class='ocrx_word' id='word_1_439' title='bbox 1044 3820 1076 3873; x_wconf 89' lang='lat' dir='ltr'><strong>et</strong></span> <span class='ocrx_word' id='word_1_440' title='bbox 1125 3812 1537 3895; x_wconf 74' lang='lat' dir='ltr'><strong>existimant⁸,antelapsum</strong></span> <span class='ocrx_word' id='word_1_441' title='bbox 1550 3816 1741 3891; x_wconf 86' lang='lat' dir='ltr'><strong>daemonum,</strong></span> <span class='ocrx_word' id='word_1_442' title='bbox 1752 3816 1893 3877; x_wconf 88' lang='lat' dir='ltr'><strong>nondum</strong></span> <span class='ocrx_word' id='word_1_443' title='bbox 1918 3821 2056 3918; x_wconf 54' lang='lat' dir='ltr'><strong>qm*</strong></span> 
     </span>
     <span class='ocr_line' id='line_1_39' title="bbox 303 3904 2045 3986; baseline 0 -19"><span class='ocrx_word' id='word_1_444' title='bbox 303 3908 387 3969; x_wconf 87' lang='lat' dir='ltr'><strong>inter</strong></span> <span class='ocrx_word' id='word_1_445' title='bbox 398 3906 533 3986; x_wconf 89' lang='lat' dir='ltr'><strong>Angelos</strong></span> <span class='ocrx_word' id='word_1_446' title='bbox 548 3905 662 3965; x_wconf 86' lang='lat' dir='ltr'><strong>merita</strong></span> <span class='ocrx_word' id='word_1_447' title='bbox 680 3923 745 3966; x_wconf 89' lang='lat' dir='ltr'><strong>esse</strong></span> <span class='ocrx_word' id='word_1_448' title='bbox 766 3904 897 3980; x_wconf 88' lang='lat' dir='ltr'><strong>diversa,</strong></span> <span class='ocrx_word' id='word_1_449' title='bbox 916 3910 947 3964; x_wconf 89' lang='lat' dir='ltr'><strong>et</strong></span> <span class='ocrx_word' id='word_1_450' title='bbox 968 3911 1075 3964; x_wconf 87' lang='lat' dir='ltr'><strong>temen</strong></span> <span class='ocrx_word' id='word_1_451' title='bbox 1123 3905 1223 3966; x_wconf 91' lang='lat' dir='ltr'><strong>bonos</strong></span> <span class='ocrx_word' id='word_1_452' title='bbox 1246 3906 1379 3985; x_wconf 86' lang='lat' dir='ltr'><strong>Angelos</strong></span> <span class='ocrx_word' id='word_1_453' title='bbox 1401 3907 1434 3966; x_wconf 90' lang='lat' dir='ltr'><strong>in</strong></span> <span class='ocrx_word' id='word_1_454' title='bbox 1448 3907 1523 3967; x_wconf 90' lang='lat' dir='ltr'><strong>istos</strong></span> <span class='ocrx_word' id='word_1_455' title='bbox 1546 3908 1670 3968; x_wconf 90' lang='lat' dir='ltr'><strong>ordines</strong></span> <span class='ocrx_word' id='word_1_456' title='bbox 1685 3907 1777 3969; x_wconf 87' lang='lat' dir='ltr'><strong>luisse</strong></span> <span class='ocrx_word' id='word_1_457' title='bbox 1791 3909 1894 3970; x_wconf 90' lang='lat' dir='ltr'><strong>distri·</strong></span> <span class='ocrx_word' id='word_1_458' title='bbox 1919 3925 2045 3973; x_wconf 73' lang='lat' dir='ltr'><strong>atoma</strong></span> 
     </span>
     <span class='ocr_line' id='line_1_40' title="bbox 302 3997 1891 4080; baseline 0.002 -21"><span class='ocrx_word' id='word_1_459' title='bbox 302 3999 338 4059; x_wconf 91' lang='lat' dir='ltr'><strong>iu</strong></span> <span class='ocrx_word' id='word_1_460' title='bbox 359 4000 498 4079; x_wconf 83' lang='lat' dir='ltr'><strong>angelica</strong></span> <span class='ocrx_word' id='word_1_461' title='bbox 520 4014 628 4058; x_wconf 91' lang='lat' dir='ltr'><strong>omnes</strong></span> <span class='ocrx_word' id='word_1_462' title='bbox 651 3998 816 4077; x_wconf 88' lang='lat' dir='ltr'><strong>persistere</strong></span> <span class='ocrx_word' id='word_1_463' title='bbox 836 3997 1001 4076; x_wconf 83' lang='lat' dir='ltr'><strong>dignitate3</strong></span> <span class='ocrx_word' id='word_1_464' title='bbox 1017 4014 1075 4057; x_wconf 90' lang='lat' dir='ltr'><strong>nee</strong></span> <span class='ocrx_word' id='word_1_465' title='bbox 1124 3997 1234 4073; x_wconf 75' lang='lat' dir='ltr'><strong>butes,</strong></span> <span class='ocrx_word' id='word_1_466' title='bbox 1257 3999 1405 4078; x_wconf 90' lang='lat' dir='ltr'><strong>quoniam</strong></span> <span class='ocrx_word' id='word_1_467' title='bbox 1427 3999 1520 4059; x_wconf 88' lang='lat' dir='ltr'><strong>nullis</strong></span> <span class='ocrx_word' id='word_1_468' title='bbox 1541 3999 1642 4060; x_wconf 91' lang='lat' dir='ltr'><strong>adhuc</strong></span> <span class='ocrx_word' id='word_1_469' title='bbox 1662 4001 1769 4080; x_wconf 75' lang='lat' dir='ltr'><strong>gratiae</strong></span> <span class='ocrx_word' id='word_1_470' title='bbox 1791 4001 1891 4079; x_wconf 74' lang='lat' dir='ltr'><strong>denb,</strong></span> 
     </span>
     <span class='ocr_line' id='line_1_41' title="bbox 303 4089 1894 4173; baseline 0.001 -20"><span class='ocrx_word' id='word_1_471' title='bbox 303 4094 343 4153; x_wconf 91' lang='lat' dir='ltr'><strong>de</strong></span> <span class='ocrx_word' id='word_1_472' title='bbox 356 4093 482 4172; x_wconf 87' lang='lat' dir='ltr'><strong>Angelis</strong></span> <span class='ocrx_word' id='word_1_473' title='bbox 500 4090 644 4151; x_wconf 89' lang='lat' dir='ltr'><strong>homines</strong></span> <span class='ocrx_word' id='word_1_474' title='bbox 661 4089 742 4165; x_wconf 90' lang='lat' dir='ltr'><strong>ficri,</strong></span> <span class='ocrx_word' id='word_1_475' title='bbox 758 4108 816 4151; x_wconf 89' lang='lat' dir='ltr'><strong>nec</strong></span> <span class='ocrx_word' id='word_1_476' title='bbox 829 4108 955 4151; x_wconf 90' lang='lat' dir='ltr'><strong>rursum</strong></span> <span class='ocrx_word' id='word_1_477' title='bbox 971 4090 1074 4150; x_wconf 90' lang='lat' dir='ltr'><strong>homi·</strong></span> <span class='ocrx_word' id='word_1_478' title='bbox 1126 4091 1378 4170; x_wconf 85' lang='lat' dir='ltr'><strong>omramentisque</strong></span> <span class='ocrx_word' id='word_1_479' title='bbox 1401 4090 1523 4170; x_wconf 74' lang='lat' dir='ltr'><strong>praediti</strong></span> <span class='ocrx_word' id='word_1_480' title='bbox 1546 4097 1646 4167; x_wconf 88' lang='lat' dir='ltr'><strong>erant,</strong></span> <span class='ocrx_word' id='word_1_481' title='bbox 1680 4092 1734 4171; x_wconf 91' lang='lat' dir='ltr'><strong>qui</strong></span> <span class='ocrx_word' id='word_1_482' title='bbox 1766 4093 1894 4173; x_wconf 83' lang='lat' dir='ltr'><strong>singulis</strong></span> 
     </span>
     <span class='ocr_line' id='line_1_42' title="bbox 304 4181 1894 4263; baseline 0.001 -19"><span class='ocrx_word' id='word_1_483' title='bbox 304 4203 360 4246; x_wconf 90' lang='lat' dir='ltr'><strong>nes</strong></span> <span class='ocrx_word' id='word_1_484' title='bbox 374 4186 407 4244; x_wconf 94' lang='lat' dir='ltr'><strong>in</strong></span> <span class='ocrx_word' id='word_1_485' title='bbox 422 4184 556 4263; x_wconf 89' lang='lat' dir='ltr'><strong>Angelos</strong></span> <span class='ocrx_word' id='word_1_486' title='bbox 569 4181 743 4243; x_wconf 83' lang='lat' dir='ltr'><strong>reformari.</strong></span> <span class='ocrx_word' id='word_1_487' title='bbox 759 4201 775 4239; x_wconf 85' lang='lat' dir='ltr'><strong>u</strong></span> <span class='ocrx_word' id='word_1_488' title='bbox 1125 4182 1286 4243; x_wconf 89' lang='lat' dir='ltr'><strong>ordinibus</strong></span> <span class='ocrx_word' id='word_1_489' title='bbox 1326 4181 1465 4243; x_wconf 85' lang='lat' dir='ltr'><strong>attributi</strong></span> <span class='ocrx_word' id='word_1_490' title='bbox 1499 4190 1583 4244; x_wconf 89' lang='lat' dir='ltr'><strong>sunt.</strong></span> <span class='ocrx_word' id='word_1_491' title='bbox 1621 4184 1768 4245; x_wconf 92' lang='lat' dir='ltr'><strong>Nondum</strong></span> <span class='ocrx_word' id='word_1_492' title='bbox 1809 4186 1894 4247; x_wconf 90' lang='lat' dir='ltr'><strong>enim</strong></span> 
     </span>
     <span class='ocr_line' id='line_1_43' title="bbox 344 4271 1894 4359; baseline 0.001 -22"><span class='ocrx_word' id='word_1_493' title='bbox 344 4278 424 4338; x_wconf 90' lang='lat' dir='ltr'><strong>Hine</strong></span> <span class='ocrx_word' id='word_1_494' title='bbox 444 4276 571 4336; x_wconf 88' lang='lat' dir='ltr'><strong>evidens</strong></span> <span class='ocrx_word' id='word_1_495' title='bbox 594 4280 650 4348; x_wconf 89' lang='lat' dir='ltr'><strong>est,</strong></span> <span class='ocrx_word' id='word_1_496' title='bbox 673 4274 901 4352; x_wconf 87' lang='lat' dir='ltr'><strong>Hieronymum</strong></span> <span class='ocrx_word' id='word_1_497' title='bbox 923 4271 1076 4351; x_wconf 80' lang='lat' dir='ltr'><strong>subjectos</strong></span> <span class='ocrx_word' id='word_1_498' title='bbox 1126 4274 1390 4353; x_wconf 85' lang='lat' dir='ltr'><strong>excellentissima,</strong></span> <span class='ocrx_word' id='word_1_499' title='bbox 1407 4281 1437 4336; x_wconf 92' lang='lat' dir='ltr'><strong>et</strong></span> <span class='ocrx_word' id='word_1_500' title='bbox 1457 4276 1673 4336; x_wconf 86' lang='lat' dir='ltr'><strong>ardentissima</strong></span> <span class='ocrx_word' id='word_1_501' title='bbox 1695 4277 1729 4337; x_wconf 93' lang='lat' dir='ltr'><strong>in</strong></span> <span class='ocrx_word' id='word_1_502' title='bbox 1751 4278 1894 4359; x_wconf 86' lang='lat' dir='ltr'><strong>Seraphi-</strong></span> 
     </span>
     <span class='ocr_line' id='line_1_44' title="bbox 304 4365 1895 4449; baseline 0.001 -21"><span class='ocrx_word' id='word_1_503' title='bbox 304 4370 374 4430; x_wconf 93' lang='lat' dir='ltr'><strong>illos</strong></span> <span class='ocrx_word' id='word_1_504' title='bbox 389 4369 604 4441; x_wconf 74' lang='lat' dir='ltr'><strong>potestatibus,</strong></span> <span class='ocrx_word' id='word_1_505' title='bbox 615 4372 646 4426; x_wconf 90' lang='lat' dir='ltr'><strong>et</strong></span> <span class='ocrx_word' id='word_1_506' title='bbox 656 4365 894 4444; x_wconf 88' lang='lat' dir='ltr'><strong>Principatibus,</strong></span> <span class='ocrx_word' id='word_1_507' title='bbox 908 4383 945 4424; x_wconf 87' lang='lat' dir='ltr'><strong>ac</strong></span> <span class='ocrx_word' id='word_1_508' title='bbox 958 4366 1077 4425; x_wconf 84' lang='lat' dir='ltr'><strong>caeteris</strong></span> <span class='ocrx_word' id='word_1_509' title='bbox 1125 4368 1195 4442; x_wconf 91' lang='lat' dir='ltr'><strong>mis,</strong></span> <span class='ocrx_word' id='word_1_510' title='bbox 1207 4366 1340 4447; x_wconf 87' lang='lat' dir='ltr'><strong>exempli</strong></span> <span class='ocrx_word' id='word_1_511' title='bbox 1352 4385 1453 4445; x_wconf 77' lang='lat' dir='ltr'><strong>sarisa,</strong></span> <span class='ocrx_word' id='word_1_512' title='bbox 1469 4367 1600 4428; x_wconf 85' lang='lat' dir='ltr'><strong>charitas</strong></span> <span class='ocrx_word' id='word_1_513' title='bbox 1609 4367 1718 4429; x_wconf 86' lang='lat' dir='ltr'><strong>inerat.</strong></span> <span class='ocrx_word' id='word_1_514' title='bbox 1735 4368 1895 4449; x_wconf 88' lang='lat' dir='ltr'><strong>Siquidem</strong></span> 
     </span>
     <span class='ocr_line' id='line_1_45' title="bbox 304 4452 1894 4541; baseline 0.001 -20"><span class='ocrx_word' id='word_1_515' title='bbox 304 4461 474 4537; x_wconf 91' lang='lat' dir='ltr'><strong>ordinibus,</strong></span> <span class='ocrx_word' id='word_1_516' title='bbox 489 4478 553 4520; x_wconf 90' lang='lat' dir='ltr'><strong>non</strong></span> <span class='ocrx_word' id='word_1_517' title='bbox 567 4460 642 4520; x_wconf 90' lang='lat' dir='ltr'><strong>alios</strong></span> <span class='ocrx_word' id='word_1_518' title='bbox 651 4456 847 4524; x_wconf 85' lang='lat' dir='ltr'><strong>intellexisse,</strong></span> <span class='ocrx_word' id='word_1_519' title='bbox 864 4474 959 4535; x_wconf 88' lang='lat' dir='ltr'><strong>quam</strong></span> <span class='ocrx_word' id='word_1_520' title='bbox 972 4457 1075 4535; x_wconf 91' lang='lat' dir='ltr'><strong>Ange·</strong></span> <span class='ocrx_word' id='word_1_521' title='bbox 1121 4452 1261 4539; x_wconf 77' lang='lat' dir='ltr'><strong>¹Angelos</strong></span> <span class='ocrx_word' id='word_1_522' title='bbox 1275 4478 1311 4520; x_wconf 93' lang='lat' dir='ltr'><strong>eo</strong></span> <span class='ocrx_word' id='word_1_523' title='bbox 1337 4465 1508 4537; x_wconf 87' lang='lat' dir='ltr'><strong>momento,</strong></span> <span class='ocrx_word' id='word_1_524' title='bbox 1525 4479 1587 4539; x_wconf 88' lang='lat' dir='ltr'><strong>quo</strong></span> <span class='ocrx_word' id='word_1_525' title='bbox 1600 4460 1715 4521; x_wconf 89' lang='lat' dir='ltr'><strong>conditi</strong></span> <span class='ocrx_word' id='word_1_526' title='bbox 1726 4468 1809 4539; x_wconf 88' lang='lat' dir='ltr'><strong>sunt,</strong></span> <span class='ocrx_word' id='word_1_527' title='bbox 1823 4481 1894 4541; x_wconf 90' lang='lat' dir='ltr'><strong>gra·</strong></span> 
     </span>
     <span class='ocr_line' id='line_1_46' title="bbox 303 4548 1892 4632; baseline 0 -18"><span class='ocrx_word' id='word_1_528' title='bbox 303 4554 366 4629; x_wconf 88' lang='lat' dir='ltr'><strong>los;</strong></span> <span class='ocrx_word' id='word_1_529' title='bbox 391 4554 486 4632; x_wconf 90' lang='lat' dir='ltr'><strong>idque</strong></span> <span class='ocrx_word' id='word_1_530' title='bbox 508 4551 627 4612; x_wconf 90' lang='lat' dir='ltr'><strong>meritis</strong></span> <span class='ocrx_word' id='word_1_531' title='bbox 651 4550 845 4629; x_wconf 89' lang='lat' dir='ltr'><strong>singulorum</strong></span> <span class='ocrx_word' id='word_1_532' title='bbox 867 4548 1074 4628; x_wconf 82' lang='lat' dir='ltr'><strong>adscripsisse,</strong></span> <span class='ocrx_word' id='word_1_533' title='bbox 1126 4551 1177 4611; x_wconf 84' lang='lat' dir='ltr'><strong>tiae</strong></span> <span class='ocrx_word' id='word_1_534' title='bbox 1191 4557 1222 4612; x_wconf 87' lang='lat' dir='ltr'><strong>et</strong></span> <span class='ocrx_word' id='word_1_535' title='bbox 1242 4551 1398 4612; x_wconf 88' lang='lat' dir='ltr'><strong>charitatis</strong></span> <span class='ocrx_word' id='word_1_536' title='bbox 1421 4558 1560 4630; x_wconf 82' lang='lat' dir='ltr'><strong>expertes</strong></span> <span class='ocrx_word' id='word_1_537' title='bbox 1580 4552 1674 4613; x_wconf 87' lang='lat' dir='ltr'><strong>fuisse</strong></span> <span class='ocrx_word' id='word_1_538' title='bbox 1687 4553 1892 4630; x_wconf 88' lang='lat' dir='ltr'><strong>sentiuntilli,</strong></span> 
     </span>
     <span class='ocr_line' id='line_1_47' title="bbox 303 4641 1895 4725; baseline 0.001 -20"><span class='ocrx_word' id='word_1_539' title='bbox 303 4646 387 4724; x_wconf 90' lang='lat' dir='ltr'><strong>qued</strong></span> <span class='ocrx_word' id='word_1_540' title='bbox 411 4646 461 4707; x_wconf 86' lang='lat' dir='ltr'><strong>vel</strong></span> <span class='ocrx_word' id='word_1_541' title='bbox 487 4645 581 4716; x_wconf 90' lang='lat' dir='ltr'><strong>hune,</strong></span> <span class='ocrx_word' id='word_1_542' title='bbox 611 4647 668 4703; x_wconf 90' lang='lat' dir='ltr'><strong>aut</strong></span> <span class='ocrx_word' id='word_1_543' title='bbox 685 4643 782 4703; x_wconf 89' lang='lat' dir='ltr'><strong>istum</strong></span> <span class='ocrx_word' id='word_1_544' title='bbox 809 4641 942 4718; x_wconf 88' lang='lat' dir='ltr'><strong>gradum</strong></span> <span class='ocrx_word' id='word_1_545' title='bbox 969 4641 1086 4721; x_wconf 86' lang='lat' dir='ltr'><strong>adepti·</strong></span> <span class='ocrx_word' id='word_1_546' title='bbox 1126 4662 1224 4722; x_wconf 90' lang='lat' dir='ltr'><strong>caque</strong></span> <span class='ocrx_word' id='word_1_547' title='bbox 1244 4643 1356 4704; x_wconf 89' lang='lat' dir='ltr'><strong>merito</strong></span> <span class='ocrx_word' id='word_1_548' title='bbox 1380 4661 1436 4703; x_wconf 91' lang='lat' dir='ltr'><strong>suo</strong></span> <span class='ocrx_word' id='word_1_549' title='bbox 1450 4643 1577 4721; x_wconf 87' lang='lat' dir='ltr'><strong>adeptos</strong></span> <span class='ocrx_word' id='word_1_550' title='bbox 1595 4662 1671 4719; x_wconf 91' lang='lat' dir='ltr'><strong>esse,</strong></span> <span class='ocrx_word' id='word_1_551' title='bbox 1692 4645 1895 4725; x_wconf 89' lang='lat' dir='ltr'><strong>utisuperius</strong></span> 
     </span>
     <span class='ocr_line' id='line_1_48' title="bbox 303 4732 1895 4817; baseline 0.001 -19"><span class='ocrx_word' id='word_1_552' title='bbox 303 4742 386 4813; x_wconf 90' lang='lat' dir='ltr'><strong>sunt,</strong></span> <span class='ocrx_word' id='word_1_553' title='bbox 401 4738 452 4798; x_wconf 78' lang='lat' dir='ltr'><strong>vel</strong></span> <span class='ocrx_word' id='word_1_554' title='bbox 465 4735 580 4805; x_wconf 90' lang='lat' dir='ltr'><strong>altiori,</strong></span> <span class='ocrx_word' id='word_1_555' title='bbox 604 4732 783 4795; x_wconf 72' lang='lat' dir='ltr'><strong>inferiorita</strong></span> <span class='ocrx_word' id='word_1_556' title='bbox 805 4732 936 4810; x_wconf 71' lang='lat' dir='ltr'><strong>subiecti</strong></span> <span class='ocrx_word' id='word_1_557' title='bbox 950 4738 1077 4809; x_wconf 89' lang='lat' dir='ltr'><strong>sunt,et</strong></span> <span class='ocrx_word' id='word_1_558' title='bbox 1126 4735 1327 4796; x_wconf 84' lang='lat' dir='ltr'><strong>ostendimus.</strong></span> <span class='ocrx_word' id='word_1_559' title='bbox 1363 4735 1570 4797; x_wconf 87' lang='lat' dir='ltr'><strong>Nihilominus</strong></span> <span class='ocrx_word' id='word_1_560' title='bbox 1596 4745 1747 4816; x_wconf 82' lang='lat' dir='ltr'><strong>asserum,</strong></span> <span class='ocrx_word' id='word_1_561' title='bbox 1783 4739 1895 4817; x_wconf 81' lang='lat' dir='ltr'><strong>majori</strong></span> 
     </span>
     <span class='ocr_line' id='line_1_49' title="bbox 303 4825 1894 4909; baseline 0.001 -18"><span class='ocrx_word' id='word_1_562' title='bbox 303 4830 458 4905; x_wconf 85' lang='lat' dir='ltr'><strong>attributi;</strong></span> <span class='ocrx_word' id='word_1_563' title='bbox 476 4829 561 4909; x_wconf 90' lang='lat' dir='ltr'><strong>quod</strong></span> <span class='ocrx_word' id='word_1_564' title='bbox 573 4832 604 4888; x_wconf 93' lang='lat' dir='ltr'><strong>et</strong></span> <span class='ocrx_word' id='word_1_565' title='bbox 617 4827 677 4887; x_wconf 91' lang='lat' dir='ltr'><strong>allo</strong></span> <span class='ocrx_word' id='word_1_566' title='bbox 690 4844 729 4887; x_wconf 91' lang='lat' dir='ltr'><strong>ex</strong></span> <span class='ocrx_word' id='word_1_567' title='bbox 737 4825 805 4887; x_wconf 87' lang='lat' dir='ltr'><strong>loeo</strong></span> <span class='ocrx_word' id='word_1_568' title='bbox 816 4825 980 4903; x_wconf 90' lang='lat' dir='ltr'><strong>colligitur.</strong></span> <span class='ocrx_word' id='word_1_569' title='bbox 997 4826 1076 4886; x_wconf 91' lang='lat' dir='ltr'><strong>Nam</strong></span> <span class='ocrx_word' id='word_1_570' title='bbox 1124 4827 1260 4906; x_wconf 88' lang='lat' dir='ltr'><strong>quadam</strong></span> <span class='ocrx_word' id='word_1_571' title='bbox 1287 4827 1362 4888; x_wconf 90' lang='lat' dir='ltr'><strong>alies</strong></span> <span class='ocrx_word' id='word_1_572' title='bbox 1384 4827 1452 4888; x_wconf 88' lang='lat' dir='ltr'><strong>eliis</strong></span> <span class='ocrx_word' id='word_1_573' title='bbox 1476 4828 1627 4891; x_wconf 84' lang='lat' dir='ltr'><strong>tenuitate</strong></span> <span class='ocrx_word' id='word_1_574' title='bbox 1657 4849 1693 4891; x_wconf 90' lang='lat' dir='ltr'><strong>ae</strong></span> <span class='ocrx_word' id='word_1_575' title='bbox 1726 4830 1894 4893; x_wconf 85' lang='lat' dir='ltr'><strong>subtilitate</strong></span> 
     </span>
     <span class='ocr_line' id='line_1_50' title="bbox 304 4917 1895 5001; baseline 0.002 -19"><span class='ocrx_word' id='word_1_576' title='bbox 304 4923 485 4984; x_wconf 88' lang='lat' dir='ltr'><strong>insecundo</strong></span> <span class='ocrx_word' id='word_1_577' title='bbox 508 4918 819 4983; x_wconf 84' lang='lat' dir='ltr'><strong>controJooiniannm</strong></span> <span class='ocrx_word' id='word_1_578' title='bbox 839 4917 988 4995; x_wconf 89' lang='lat' dir='ltr'><strong>angelicis</strong></span> <span class='ocrx_word' id='word_1_579' title='bbox 1002 4935 1078 4977; x_wconf 89' lang='lat' dir='ltr'><strong>enu-</strong></span> <span class='ocrx_word' id='word_1_580' title='bbox 1126 4928 1277 4997; x_wconf 86' lang='lat' dir='ltr'><strong>constare,</strong></span> <span class='ocrx_word' id='word_1_581' title='bbox 1323 4921 1462 4999; x_wconf 87' lang='lat' dir='ltr'><strong>adeoque</strong></span> <span class='ocrx_word' id='word_1_582' title='bbox 1506 4921 1770 5001; x_wconf 82' lang='lat' dir='ltr'><strong>perspicacitatem</strong></span> <span class='ocrx_word' id='word_1_583' title='bbox 1809 4924 1895 4985; x_wconf 89' lang='lat' dir='ltr'><strong>haud</strong></span> 
     </span>
     <span class='ocr_line' id='line_1_51' title="bbox 303 5008 1895 5095; baseline 0.001 -20"><span class='ocrx_word' id='word_1_584' title='bbox 303 5015 430 5075; x_wconf 87' lang='lat' dir='ltr'><strong>meretis</strong></span> <span class='ocrx_word' id='word_1_585' title='bbox 445 5013 617 5086; x_wconf 89' lang='lat' dir='ltr'><strong>ordinibus,</strong></span> <span class='ocrx_word' id='word_1_586' title='bbox 633 5033 649 5070; x_wconf 82' lang='lat' dir='ltr'><strong>a</strong></span> <span class='ocrx_word' id='word_1_587' title='bbox 664 5012 736 5073; x_wconf 88' lang='lat' dir='ltr'><strong>Sine</strong></span> <span class='ocrx_word' id='word_1_588' title='bbox 756 5028 848 5071; x_wconf 87' lang='lat' dir='ltr'><strong>eausa</strong></span> <span class='ocrx_word' id='word_1_589' title='bbox 859 5008 880 5084; x_wconf 88' lang='lat'><strong>¹,</strong></span> <span class='ocrx_word' id='word_1_590' title='bbox 897 5009 1010 5088; x_wconf 91' lang='lat' dir='ltr'><strong>inquit,</strong></span> <span class='ocrx_word' id='word_1_591' title='bbox 1028 5010 1074 5070; x_wconf 87' lang='lat' dir='ltr'><strong>di·</strong></span> <span class='ocrx_word' id='word_1_592' title='bbox 1125 5012 1278 5091; x_wconf 90' lang='lat' dir='ltr'><strong>aequalem</strong></span> <span class='ocrx_word' id='word_1_593' title='bbox 1299 5031 1364 5075; x_wconf 88' lang='lat' dir='ltr'><strong>esse</strong></span> <span class='ocrx_word' id='word_1_594' title='bbox 1377 5013 1411 5073; x_wconf 93' lang='lat' dir='ltr'><strong>in</strong></span> <span class='ocrx_word' id='word_1_595' title='bbox 1432 5013 1588 5087; x_wconf 88' lang='lat' dir='ltr'><strong>omnibus,</strong></span> <span class='ocrx_word' id='word_1_596' title='bbox 1607 5015 1780 5076; x_wconf 90' lang='lat' dir='ltr'><strong>seeundum</strong></span> <span class='ocrx_word' id='word_1_597' title='bbox 1799 5033 1895 5095; x_wconf 88' lang='lat' dir='ltr'><strong>quam</strong></span> 
     </span>
     <span class='ocr_line' id='line_1_52' title="bbox 303 5101 1891 5185; baseline 0 -16"><span class='ocrx_word' id='word_1_598' title='bbox 303 5107 431 5169; x_wconf 81' lang='lat' dir='ltr'><strong>versitas</strong></span> <span class='ocrx_word' id='word_1_599' title='bbox 450 5106 616 5168; x_wconf 91' lang='lat' dir='ltr'><strong>nominum</strong></span> <span class='ocrx_word' id='word_1_600' title='bbox 635 5108 692 5174; x_wconf 84' lang='lat' dir='ltr'><strong>est,</strong></span> <span class='ocrx_word' id='word_1_601' title='bbox 707 5101 763 5162; x_wconf 92' lang='lat' dir='ltr'><strong>ubi</strong></span> <span class='ocrx_word' id='word_1_602' title='bbox 777 5120 841 5162; x_wconf 92' lang='lat' dir='ltr'><strong>non</strong></span> <span class='ocrx_word' id='word_1_603' title='bbox 857 5106 903 5163; x_wconf 88' lang='lat' dir='ltr'><strong>est</strong></span> <span class='ocrx_word' id='word_1_604' title='bbox 915 5102 1076 5163; x_wconf 87' lang='lat' dir='ltr'><strong>diversitas</strong></span> <span class='ocrx_word' id='word_1_605' title='bbox 1124 5104 1306 5166; x_wconf 84' lang='lat' dir='ltr'><strong>varietatem</strong></span> <span class='ocrx_word' id='word_1_606' title='bbox 1317 5106 1437 5166; x_wconf 87' lang='lat' dir='ltr'><strong>diversa</strong></span> <span class='ocrx_word' id='word_1_607' title='bbox 1449 5105 1557 5167; x_wconf 84' lang='lat' dir='ltr'><strong>itidem</strong></span> <span class='ocrx_word' id='word_1_608' title='bbox 1577 5107 1683 5185; x_wconf 78' lang='lat' dir='ltr'><strong>gratiae</strong></span> <span class='ocrx_word' id='word_1_609' title='bbox 1697 5114 1891 5184; x_wconf 89' lang='lat' dir='ltr'><strong>ornamenta,</strong></span> 
     </span>
     <span class='ocr_line' id='line_1_53' title="bbox 303 5193 1893 5279; baseline 0.001 -19"><span class='ocrx_word' id='word_1_610' title='bbox 303 5200 496 5261; x_wconf 91' lang='lat' dir='ltr'><strong>meritorum.</strong></span> <span class='ocrx_word' id='word_1_611' title='bbox 512 5196 724 5275; x_wconf 88' lang='lat' dir='ltr'><strong>Archangelus</strong></span> <span class='ocrx_word' id='word_1_612' title='bbox 740 5195 847 5273; x_wconf 90' lang='lat' dir='ltr'><strong>utique</strong></span> <span class='ocrx_word' id='word_1_613' title='bbox 861 5193 995 5255; x_wconf 84' lang='lat' dir='ltr'><strong>aliorum</strong></span> <span class='ocrx_word' id='word_1_614' title='bbox 1014 5194 1073 5254; x_wconf 93' lang='lat' dir='ltr'><strong>mi-</strong></span> <span class='ocrx_word' id='word_1_615' title='bbox 1124 5196 1322 5278; x_wconf 86' lang='lat' dir='ltr'><strong>diversosque</strong></span> <span class='ocrx_word' id='word_1_616' title='bbox 1338 5199 1463 5278; x_wconf 86' lang='lat' dir='ltr'><strong>gradus,</strong></span> <span class='ocrx_word' id='word_1_617' title='bbox 1487 5203 1579 5279; x_wconf 89' lang='lat' dir='ltr'><strong>atque</strong></span> <span class='ocrx_word' id='word_1_618' title='bbox 1602 5199 1726 5263; x_wconf 88' lang='lat' dir='ltr'><strong>ordines</strong></span> <span class='ocrx_word' id='word_1_619' title='bbox 1738 5200 1893 5262; x_wconf 78' lang='lat' dir='ltr'><strong>comceuti</strong></span> 
     </span>
     <span class='ocr_line' id='line_1_54' title="bbox 304 5285 1207 5369; baseline -0.003 -15"><span class='ocrx_word' id='word_1_620' title='bbox 304 5310 418 5355; x_wconf 88' lang='lat' dir='ltr'><strong>norum</strong></span> <span class='ocrx_word' id='word_1_621' title='bbox 431 5296 478 5353; x_wconf 86' lang='lat' dir='ltr'><strong>est</strong></span> <span class='ocrx_word' id='word_1_622' title='bbox 489 5289 680 5369; x_wconf 88' lang='lat' dir='ltr'><strong>Angelorum</strong></span> <span class='ocrx_word' id='word_1_623' title='bbox 692 5285 962 5366; x_wconf 80' lang='lat' dir='ltr'><strong>Archangelus3et</strong></span> <span class='ocrx_word' id='word_1_624' title='bbox 974 5291 1076 5366; x_wconf 86' lang='lat' dir='ltr'><strong>potes·</strong></span> <span class='ocrx_word' id='word_1_625' title='bbox 1124 5293 1207 5351; x_wconf 87' lang='lat' dir='ltr'><strong>sunt.</strong></span> 
     </span>
    </p>
   </div>
   <div class='ocr_carea' id='block_1_3' title="bbox 331 5474 1322 5532">
    <p class='ocr_par' dir='ltr' id='par_1_3' title="bbox 331 5474 1322 5532">
     <span class='ocr_line' id='line_1_55' title="bbox 331 5474 1322 5532; baseline -0.011 0"><span class='ocrx_word' id='word_1_626' title='bbox 331 5485 343 5532; x_wconf 87' lang='lat' dir='ltr'><strong>l</strong></span> <span class='ocrx_word' id='word_1_627' title='bbox 359 5484 419 5531; x_wconf 84' lang='lat' dir='ltr'><strong>liter.</strong></span> <span class='ocrx_word' id='word_1_628' title='bbox 429 5481 473 5530; x_wconf 85' lang='lat' dir='ltr'><strong>eol.</strong></span> <span class='ocrx_word' id='word_1_629' title='bbox 482 5475 591 5527; x_wconf 72' lang='lat' dir='ltr'><strong>tlh-i</strong></span> <span class='ocrx_word' id='word_1_630' title='bbox 603 5475 650 5523; x_wconf 80' lang='lat' dir='ltr'><strong>col.</strong></span> <span class='ocrx_word' id='word_1_631' title='bbox 661 5475 711 5523; x_wconf 89' lang='lat' dir='ltr'><strong>l.-</strong></span> <span class='ocrx_word' id='word_1_632' title='bbox 722 5477 737 5523; x_wconf 80' lang='lat'>8</span> <span class='ocrx_word' id='word_1_633' title='bbox 749 5476 811 5523; x_wconf 79' lang='lat' dir='ltr'><strong>snm.</strong></span> <span class='ocrx_word' id='word_1_634' title='bbox 824 5476 885 5523; x_wconf 73' lang='lat' dir='ltr'><strong>dent.</strong></span> <span class='ocrx_word' id='word_1_635' title='bbox 895 5475 933 5521; x_wconf 79' lang='lat' dir='ltr'><strong>&#39;ln</strong></span> <span class='ocrx_word' id='word_1_636' title='bbox 945 5485 971 5527; x_wconf 87' lang='lat' dir='ltr'><strong>u,</strong></span> <span class='ocrx_word' id='word_1_637' title='bbox 986 5486 1034 5532; x_wconf 84' lang='lat' dir='ltr'><strong>asp.</strong></span> <span class='ocrx_word' id='word_1_638' title='bbox 1049 5486 1070 5520; x_wconf 77' lang='grc'><strong>1.</strong></span> <span class='ocrx_word' id='word_1_639' title='bbox 1082 5496 1109 5510; x_wconf 91' lang='lat'><strong>·-</strong></span> <span class='ocrx_word' id='word_1_640' title='bbox 1123 5474 1175 5520; x_wconf 70' lang='lat' dir='ltr'><strong>llo</strong></span> <span class='ocrx_word' id='word_1_641' title='bbox 1188 5474 1322 5530; x_wconf 70' lang='lat' dir='ltr'><strong>ltaliam.</strong></span> 
     </span>
    </p>
   </div>
   <div class='ocr_carea' id='block_1_4' title="bbox 0 0 2066 6181">
    <p class='ocr_par' dir='ltr' id='par_1_4' title="bbox 0 0 2066 6181">
     <span class='ocr_line' id='line_1_56' title="bbox 0 0 2066 6181; baseline 0 0"><span class='ocrx_word' id='word_1_642' title='bbox 0 0 2066 6181; x_wconf 95' lang='lat' dir='ltr'><strong> </strong></span> 
     </span>
    </p>
   </div>
  </div>
 </body>
</html>
