4122 6184
674 365 724 427 DE
743 364 916 434 ANGELlS,
932 362 1067 440 mesu,
1091 364 1174 427 CAP.
1197 366 1249 428 lX.
1711 372 1751 432 ts

159 538 211 592 tos
223 530 357 611 Angelos
372 547 437 592 esse
456 531 597 606 meduni,
613 548 686 591 eum
699 531 852 593 humanas
864 532 930 593 ani·
981 551 1016 593 ac
1029 532 1228 594 veneratione
1252 531 1449 607 Sanctorum,
1465 532 1560 614 inque
1578 534 1627 595 his
1646 537 1751 615 Ange-

160 642 230 685 mas
248 641 353 684 meros
375 622 500 702 spiritus
518 641 583 684 esse
605 630 761 686 censeant.
778 626 831 685 Fst
845 625 931 686 enim
980 622 1102 700 lorum,
1136 624 1285 703 graviter,
1322 625 1504 705 copioseque
1518 626 1750 706 pertractavit⁷.

160 732 295 796 corpore
308 715 418 795 ntique
438 715 636 794 praestantior
656 717 792 797 spiritus.
809 718 852 777 De
868 734 931 796 quo
981 716 1060 777 Nam
1075 717 1220 778 adversus
1241 718 1387 778 Faustum
1407 718 1617 780 Manicheum
1630 719 1750 790 itidem,

160 809 246 885 ride,
261 808 374 888 quaein
386 807 469 868 libro
482 808 654 888 superiore,
670 811 768 889 capite
783 808 930 885 secundo,
983 813 1020 868 ut
1031 809 1124 870 hodie
1138 808 1175 869 fit
1184 809 1223 869 ab
1233 809 1430 879 adversariis,
1441 810 1560 871 cultum
1574 817 1752 891 martyrum

162 907 196 961 et
207 900 299 962 tertio
311 900 395 962 dieta
409 906 495 962 sunt.
982 900 1147 962 Catholicis
1181 900 1432 981 exprobrantem,
1468 908 1499 963 et
1527 904 1565 963 ad
1600 904 1752 965 invidiam

206 994 249 1054 De
263 992 371 1053 afflatu
385 999 490 1054 autem
504 992 557 1054 illo
571 993 637 1070 Dei,
652 1012 714 1073 quo
724 993 880 1054 arrimntus
889 998 934 1054 est
982 992 1208 1073 superstitionis
1222 992 1359 1073 proiauae
1374 995 1561 1069 trahentem,
1578 995 1751 1075 disputans,

162 1083 273 1161 homo,
287 1085 444 1164 agendum
457 1087 527 1161 erit,
544 1103 615 1146 cum
630 1085 668 1146 de
682 1086 790 1146 mundi
813 1084 934 1165 opificio
987 1106 1002 1143 a
1017 1085 1166 1162 Colimus,
1187 1085 1300 1165 inquit,
1316 1092 1452 1166 matyres
1468 1105 1504 1147 eo
1519 1087 1604 1147 cultu
1618 1089 1754 1150 dileetio-

164 1177 386 1256 dispntabitur,
406 1176 462 1237 ubi
482 1182 513 1239 et
525 1177 607 1237 istud
625 1176 859 1257 explicabimus,
879 1195 936 1238 eur
984 1176 1043 1256 nis,
1061 1183 1092 1239 et
1104 1179 1265 1251 societatis,
1282 1197 1343 1259 quo
1361 1186 1391 1239 et
1405 1180 1438 1240 in
1451 1180 1509 1240 hac
1526 1180 1590 1240 vita
1607 1180 1753 1242 coluntur

162 1269 261 1330 homa
283 1269 481 1349 potissimum
502 1269 542 1330 ad
560 1268 730 1348 imaginem
750 1268 806 1330 Dei
825 1268 934 1345 iactus,
985 1270 1083 1331 sancti
1097 1270 1313 1347 hominesllei,
1325 1290 1459 1350 quorum
1473 1290 1525 1333 cor
1536 1272 1574 1333 ad
1588 1274 1681 1335 talem
1694 1293 1752 1354 pro

164 1380 202 1423 ac
221 1360 459 1422 sinrilitudinem
480 1360 619 1437 dicatur3
640 1361 723 1441 quod
745 1367 851 1422 tamen
871 1378 937 1421 non
986 1361 1172 1440 Euangeliou
1187 1363 1315 1424 veritate
1339 1363 1514 1442 passionem
1530 1370 1672 1442 paratum
1688 1384 1754 1427 esse

164 1453 271 1514 minus
304 1453 424 1533 Angeia
451 1454 619 1531 convenit,
647 1454 712 1513 imo
740 1452 938 1514 excellentior
986 1452 1148 1514 sentimus.
1177 1452 1238 1514 Sed
1262 1453 1332 1515 illos
1355 1460 1443 1515 tanto
1456 1455 1609 1533 devotius,
1638 1461 1755 1536 quanto

164 1547 313 1627 quaedam
323 1551 370 1606 est
386 1546 421 1606 in
435 1544 490 1606 illo
504 1545 607 1625 imago
621 1544 798 1618 divinitatis,
815 1550 850 1605 ut
863 1546 938 1606 Gre·
986 1545 1123 1606 securius
1148 1551 1218 1625 post
1238 1546 1407 1608 certamina
1429 1554 1595 1628 superata:
1620 1550 1697 1610 adeo
1720 1555 1757 1611 ut

164 1639 273 1718 gorius
280 1638 364 1719 Papa
370 1638 562 1699 demonstrat
574 1637 694 1698 inlibro
704 1638 831 1698 XXXII
841 1635 939 1698 Mora·
987 1637 1137 1699 sacrificia
1151 1656 1275 1718 quoque
1289 1641 1351 1700 Deo
1363 1640 1397 1700 in
1410 1639 1537 1700 illorum
1556 1640 1753 1719 memoriam,

165 1729 256 1807 tiam,
271 1730 372 1811 eapite
385 1747 470 1792 xvrn.
485 1731 585 1804 Quare
599 1735 685 1791 extra
698 1728 939 1798 controuersiam
988 1748 1052 1790 non
1067 1729 1140 1810 ipsis
1152 1735 1259 1792 tamen
1272 1731 1459 1808 offerantur,
1483 1733 1536 1793 sed
1552 1735 1626 1809 Deo,
1643 1739 1700 1795 ete.
1717 1736 1757 1796 At

165 1822 349 1900 essedebet,
370 1829 482 1884 natura
495 1823 587 1902 longe
602 1821 815 1903 praestabiliori
832 1822 938 1902 Ange·
988 1839 1062 1883 vero
1089 1822 1147 1883 isto
1172 1823 1269 1897 cultu,
1294 1842 1364 1903 qrrae
1391 1825 1495 1886 Graece
1518 1825 1609 1885 latria
1634 1825 1754 1901 dicitur,

165 1914 295 1976 losesse
317 1915 475 1995 praeditos,
498 1933 577 1996 qnos
596 1915 712 1977 idcirco
727 1914 893 1995 Dionysius
906 1914 940 1974 in
989 1914 1098 1974 Latine
1120 1934 1185 1975 uno
1206 1915 1300 1977 verbo
1326 1916 1387 1977 dici
1408 1934 1471 1977 non
1494 1922 1605 1998 potest,
1625 1935 1696 1978 cum
1720 1917 1759 1978 sit

169 2029 188 2066 ι
201 2007 356 2069 vestibulo
380 2008 545 2069 collocatos
565 2025 629 2069 esse
652 2007 750 2085 dicit,
773 2006 940 2086 supersub·
990 2006 1134 2086 quaedam
1158 2007 1282 2087 proprie
1309 2007 1462 2068 divinitati
1488 2009 1592 2070 debita
1613 2010 1755 2084 servitus,

165 2099 321 2161 stantialis
346 2099 504 2160 Trinitatis
517 2109 574 2160 ι.»
604 2100 652 2160 Ex
665 2117 727 2178 quo
748 2099 829 2159 etde
841 2098 942 2178 gretia
989 2117 1047 2159 nec
1074 2098 1213 2176 nolimus,
1243 2118 1301 2161 nec
1327 2099 1493 2161 colendum
1517 2100 1673 2177 docemus,
1697 2101 1758 2162 nisi

165 2188 942 2272 corumdemoopiosiorequameonoessasithomini
990 2208 1090 2251 unum
1112 2192 1224 2253 Deum.
1255 2193 1335 2253 Cum
1357 2198 1463 2253 autem
1482 2193 1522 2254 ad
1539 2193 1624 2255 hunc
1640 2194 1759 2255 cultum

166 2302 363 2364 consequens
380 2303 445 2346 esse
460 2284 613 2365 plerisque
632 2283 781 2363 theologis
794 2282 939 2359 videtur3
990 2282 1143 2364 pertineat
1162 2283 1276 2345 ablatio
1299 2284 1452 2362 sacrificii,
1480 2285 1563 2346 unde
1586 2286 1760 2348 idololatria

167 2378 255 2459 quod
266 2395 361 2457 supra
373 2395 392 2438 a
404 2376 496 2439 nobis
510 2376 684 2456 expositum
698 2380 743 2437 est
757 2374 779 2437 ¹.
990 2374 1105 2436 dicitur
1117 2392 1237 2452 eorum,
1254 2377 1307 2456 qni
1321 2377 1381 2438 hoc
1389 2376 1483 2437 etiam
1493 2377 1582 2439 idolis
1592 2378 1757 2455 exhibent;

41 2511 111 2557 m
211 2471 271 2531 111.
294 2471 385 2531 Nune
406 2469 484 2531 illud
503 2469 685 2546 videndum,
705 2469 807 2529 sintne
821 2466 943 2528 colendi
991 2466 1184 2528 nullomodo
1207 2467 1266 2529 tale
1289 2467 1406 2547 aliquid
1427 2468 1596 2547 offerimus,
1619 2475 1674 2530 arat
1687 2470 1761 2531 offe-

23 2568 138 2663 Ἐξ·-
168 2560 814 2640 abhominibus,etinrocandi.Utrumque
828 2563 944 2636 negent
991 2558 1125 2621 rendum
1151 2559 1351 2639 precipimus
1375 2559 1425 2621 vel
1451 2560 1597 2641 cuiquam
1615 2562 1757 2641 martyri,

17 2672 145 2718 naman
167 2653 229 2731 illi,
244 2672 323 2734 quos
330 2654 523 2733 pauloentea
533 2651 701 2731 nominavi,
709 2652 764 2731 qni
776 2651 836 2713 hoc
848 2650 944 2711 idolo·
992 2650 1041 2712 rel
1068 2650 1213 2730 cuiqnam
1240 2657 1353 2713 sanctae
1378 2652 1513 2729 animae,
1541 2653 1592 2714 vel
1615 2654 1761 2733 cuiquam

168 2746 272 2809 latriae
294 2764 396 2826 genus
421 2763 488 2807 esse
498 2746 667 2827 pradicant
683 2764 691 2821 3
710 2744 803 2824 idque
830 2743 944 2823 partim
993 2743 1123 2823 Angelo.
1139 2744 1405 2805 »Hunceumdem
1417 2745 1534 2806 cultum
1549 2745 1606 2806 soli
1617 2745 1761 2807 debitum

169 2857 335 2900 sacrorum
348 2838 511 2913 librorum,
533 2838 800 2917 partimveterum
813 2837 944 2896 Patrum
993 2836 1067 2908 Deo,
1094 2834 1149 2915 qui
1173 2844 1274 2917 λατρεία
1294 2841 1433 2910 vocatur,
1452 2837 1612 2915 distinguit
1631 2842 1662 2898 et
1681 2836 1762 2898 libro
1871 2871 1876 2882 ι

170 2932 357 2993 auctoritate
377 2930 575 2992 confirmant.
597 2929 784 3010 Imprimise
804 2928 943 3008 Scriptu·
993 2931 1095 2989 contra
1107 2926 1276 2989 Sermonem
1298 2927 1493 2997 arianorum,
1521 2930 1620 3008 capite
1638 2945 1715 3003 xxm,
1732 2933 1762 2989 et

171 3024 216 3085 ris
229 3024 303 3085 trita
315 3024 380 3099 ille,
406 3028 437 3085 et
459 3024 621 3085 decantata
641 3022 753 3102 saepius
775 3021 942 3100 ingerunt,
994 3020 1205 3099 epistolanxm
1222 3026 1291 3080 tum
1305 3020 1338 3080 in
1351 3019 1432 3081 libro
1442 3020 1545 3100 primo
1562 3023 1762 3092 Quaestionum

170 3116 332 3177 Dominam
346 3115 444 3178 Deum
458 3123 543 3176 teum
562 3114 684 3193 timeon,
700 3122 728 3175 et
742 3113 791 3175 illi
814 3112 872 3174 sali
882 3130 943 3173 ser·
993 3130 1082 3193 snpra
1099 3110 1246 3189 Genesim,
1258 3112 1427 3191 questione
1440 3129 1495 3175 ιιι.

171 3208 233 3270 vies
254 3210 339 3270 Tum
359 3207 569 3289 hoeApostoli
583 3206 594 3240 ¹
607 3208 671 3284 Iis,
692 3206 747 3288 qni
763 3214 874 3267 natura
888 3225 945 3267 non
1034 3204 1090 3267 1v.
1106 3205 1152 3264 De
1168 3203 1348 3283 hujusmodi
1361 3205 1457 3283 cultu,
1478 3222 1515 3267 an
1533 3213 1634 3286 λατρείᾳ
1647 3205 1764 3269 Mosem

169 3308 240 3362 amet
248 3299 305 3371 dii,
315 3300 612 3363 serviebatisEtiam
620 3299 696 3360 illud
707 3299 841 3379 epistolae
849 3295 888 3358 ad
892 3295 946 3357 Co·
994 3295 1091 3375 loqui,
1105 3297 1305 3376 Augustinus,
1317 3296 1431 3377 aliique
1443 3299 1572 3359 Veteres
1586 3303 1669 3360 recte
1682 3298 1765 3359 vide·
1825 3327 1903 3373 mmm

171 3387 500 3466 hammadroeanfl,
514 3387 620 3466 Videte,
628 3406 663 3449 ne
676 3388 743 3470 an's
754 3406 802 3449 vos
820 3384 947 3467 decipiat
995 3393 1080 3461 runt,
1089 3388 1354 3449 consentientibus
1362 3389 1510 3452 Hebraeis.
1524 3392 1603 3452 Nem
1614 3390 1765 3452 Hebraica
1798 3384 1875 3429 ΝΜ*
1885 3379 1927 3426 ⁸⁰¹¹

170 3477 945 3564 perpbitosopbiam,elinanemsallaoiamseeundum
995 3499 1057 3541 vox
1084 3497 1191 3555 aaran,
1215 3499 1286 3542 cunr
1312 3481 1352 3542 ed
1372 3483 1556 3563 religionem
1581 3483 1763 3560 adhibetur,
1803 3437 1923 3537 alffius,

173 3572 367 3636 traditionem
399 3573 575 3649 dominnm,
610 3571 767 3635 meandum
801 3570 948 3632 elenando
996 3573 1178 3634 sacrificium
1208 3573 1334 3653 proprie
1364 3574 1528 3654 significat,
1562 3579 1594 3636 et
1629 3575 1763 3636 similem
1790 3541 1938 3642 dimidii?

171 3665 290 3741 mnndi,
306 3674 333 3728 et
345 3685 404 3728 non
414 3663 572 3728 emendam
584 3664 743 3728 Christum.
754 3661 946 3744 Aeposteal,
995 3666 1102 3740 ritum,
1119 3665 1174 3745 qui
1185 3665 1241 3726 soli
1255 3666 1400 3727 convenit
1413 3669 1487 3728 Deo.
1504 3667 1553 3729 Sic
1568 3667 1657 3729 Aben
1666 3668 1765 3728 Hezra

172 3757 554 3821 Nemavassednrataobns
562 3755 800 3819 inhnmih'tateet
810 3756 949 3837 religione
997 3757 1092 3818 verba
1114 3758 1167 3818 illa
1189 3757 1411 3838 interpretatur
1431 3759 1541 3839 eapitis
1554 3775 1592 3821 xx
1610 3758 1763 3835 axone,

173 3851 371 3933 Angelorum,
396 3870 466 3934 qne
478 3870 537 3912 non
556 3849 633 3912 vidit
655 3848 811 3912 ambulans
832 3849 948 3929 frastra
998 3848 1069 3911 Non
1083 3847 1218 3912 adorabis
1231 3868 1275 3927 ea,
1291 3869 1383 3932 neque
1395 3849 1481 3928 coles,
1497 3871 1568 3931 quae
1581 3851 1766 3932 posteriores

174 3941 702 4024 inflatnssemararnissueAdhaeo
712 3941 950 4021 AngelusJoan·
999 3943 1069 4004 duae
1082 3960 1174 4004 voees
1189 3942 1232 4003 sic
1246 3943 1397 4005 Hebraice
1409 3944 1557 4024 leguntur
1568 3961 1677 4017 nonen
1693 3935 1767 4023 nbi,

175 4054 251 4097 nem
258 4037 389 4098 adorare
399 4031 950 4115 sevolentemprohibrrit⁶2Nefeeeris
999 4033 1046 4097 Et
1059 4054 1116 4097 non
1133 4033 1220 4109 coles,
1236 4032 1283 4097 oet
1296 4054 1354 4096 non
1374 4037 1481 4098 servies
1492 4037 1532 4098 eis
1546 4056 1554 4111 3
1576 4054 1647 4116 que
1662 4036 1769 4101 illesic

174 4129 290 4209 inquit,
320 4147 475 4191 conservus
500 4135 567 4189 tans
591 4146 663 4188 snm
695 4126 752 4186 Hic
781 4125 949 4205 Scripturas
999 4133 1134 4203 enarret,
1155 4128 1232 4188 «Ad
1254 4128 1501 4208 sacrificandum,
1521 4129 1571 4191 rel
1582 4129 1770 4193 adolendum

174 4221 363 4283 testimoniis
376 4227 515 4284 evertere
529 4224 658 4282 conatur
676 4217 867 4297 Angelorum
878 4217 950 4279 cul·
1002 4218 1165 4281 incensum
1179 4219 1222 4280 eis
1236 4220 1363 4282 omnino
1378 4230 1400 4281 ⁶.
1412 4242 1427 4279 n

173 4319 247 4374 tum
260 4333 402 4395 nuperus
414 4315 467 4376 ille
483 4313 616 4393 scriptor
626 4311 699 4374 libri
712 4309 749 4372 de
760 4309 881 4391 Origine
895 4308 955 4370 ido
1044 4312 1128 4373 Nihil
1143 4330 1216 4392 ergo
1232 4312 1397 4374 Catholicae
1416 4330 1516 4375 eausae
1534 4312 1677 4376 divinum
1693 4315 1771 4379 illud

175 4405 320 4468 lalatrioez
1004 4404 1091 4466 obest
1109 4404 1319 4480 interdictam,
1335 4424 1407 4466 curn
1425 4405 1558 4486 Angelos
1571 4425 1664 4468 nemo
1685 4409 1772 4470 cultu

26 4536 41 4575 Α
217 4498 337 4559 Verum
360 4498 456 4578 huJus
470 4496 648 4577 argumenti
661 4495 804 4576 hactum,
825 4515 861 4558 ac
885 4495 954 4558 lan·
1002 4497 1057 4557 illo
1071 4497 1226 4573 dignetur,
1242 4496 1297 4576 qui
1306 4502 1352 4558 est
1362 4497 1532 4559 divinitatis
1545 4500 1701 4580 proprius,
1717 4502 1771 4562 sed

69 4604 140 4687 αἱ*
174 4595 329 4670 gnentem
348 4592 502 4671 impetum
514 4588 600 4650 nulio
613 4589 804 4650 declinamus
817 4593 953 4668 negotio,
1002 4589 1096 4667 longe
1118 4587 1269 4661 interiori,
1292 4590 1346 4668 qui
1364 4590 1476 4651 sanetis
1498 4591 1594 4652 etiam
1607 4597 1677 4672 post
1691 4610 1773 4653 mor·

29 4694 146 4743 muse.
176 4682 270 4761 cajus
281 4684 327 4742 uti
341 4683 396 4743 teli
406 4681 531 4743 assiduo
545 4681 643 4760 jactu,
660 4689 690 4743 et
704 4681 850 4743 umbonis
863 4680 955 4743 ferrei
1002 4685 1067 4741 tem
1080 4680 1260 4741 hominibus
1282 4680 1382 4742 multo
1402 4682 1513 4761 major,
1534 4701 1628 4762 quem
1641 4683 1773 4745 viventi-

175 4774 413 4854 reperoussione
459 4772 603 4835 hebetata
630 4774 697 4853 jem
728 4789 775 4836 est
807 4773 889 4835 acies
924 4779 955 4835 et
1003 4772 1062 4832 bns
1076 4773 1212 4853 impendi
1234 4772 1336 4850 debet,
1351 4773 1400 4833 uti
1413 4780 1523 4835 contra
1537 4776 1686 4837 Faustum
1700 4776 1776 4838 dicit

174 4872 294 4928 retusa.
325 4866 467 4947 Repellat
497 4865 557 4926 hoc
585 4865 653 4927 vice
682 4872 791 4928 nostra
821 4884 954 4945 magnus
1003 4864 1215 4944 Augustinus3
1240 4864 1295 4944 qui
1314 4864 1347 4926 in
1368 4865 1448 4926 libro
1463 4863 1533 4929 Xde
1562 4866 1691 4929 civitate
1713 4867 1774 4930 Dei

174 4959 381 5038 Augustinus,
397 4959 559 5040 quitatum
570 4956 662 5020 illurn
683 4959 787 5021 locum
808 4959 846 5021 de
854 4959 950 5028 cultu,
1003 4956 1193 5019 enucleatius
1215 4957 1299 5018 huuc
1321 4956 1425 5018 locum
1449 4957 1598 5038 explieat,
1626 4959 1776 5023 adversus

214 5182 238 5222 α
256 5167 334 5224 bns.
357 5182 451 5239 cap-v
472 5164 510 5224 de
525 5169 675 5224 Dianam.
696 5165 742 5221 tat
756 5160 811 5220 aion
827 5165 851 5220 ἔν
865 5163 953 5238 npodn‘-
1040 5164 1056 5222 b
1075 5165 1171 5223 Exod.
1197 5181 1242 5239 xit,
1264 5167 1291 5223 5.
1312 5164 1347 5222 Ob
1367 5169 1541 5241 προσκυνήσεις
1555 5167 1647 5234 tibtote,
1671 5167 1727 5223 otti
1742 5167 1775 5242 μὴ

175 5270 233 5325 ροις
245 5256 287 5321 τῆς
299 5250 447 5325 baspoeslon
460 5251 559 5323 τριάδος
571 5249 695 5325 ἱδρυμέναι
702 5250 762 5323 πρὸς
771 5247 854 5318 αὖιῆς.
1001 5249 1140 5323 λατρεύσεις
1156 5249 1248 5313 αὐτοῖς.

1036 5349 1051 5390 o
1068 5335 1155 5390 darn.
1170 5335 1236 5391 Han.
1422 5318 1515 5396 ‚5522
1529 5317 1664 5424 rrnpnbr
1677 5318 1775 5397 arath

208 5471 220 5515 l
243 5470 288 5515 lib.
301 5470 311 5516 1
322 5471 349 5518 de
362 5472 417 5527 Ana.
430 5482 481 5527 cap.
491 5480 537 5515 ιιι.
550 5470 602 5514 -i
618 5471 682 5517 Dent.
695 5481 744 5526 cap.
757 5480 788 5522 n,
808 5469 832 5514 rs
844 5476 865 5513 et
875 5481 923 5527 esp.
937 5468 993 5520 aaa
1006 5472 1081 5519 Hattb.
1096 5481 1126 5521 tr.
1140 5470 1174 5518 m
1188 5471 1235 5515 -3
1253 5472 1301 5518 Gal.
1312 5482 1342 5525 ιι,
1356 5470 1377 5515 8.
1387 5492 1413 5505 ·-
1425 5470 1439 5515 l
1449 5472 1495 5518 cot.
1507 5469 1528 5519 ἓ,
1541 5470 1562 5518 8.
1573 5470 1621 5514 -5
1637 5472 1682 5518 Gal,
1694 5470 1715 5524 2.
1727 5472 1778 5518 8.-

173 5528 190 5570 ῧ
210 5536 328 5589 marr,
339 5536 368 5580 m
381 5542 404 5580 at
414 5545 468 5579 nn.
479 5533 501 5578 e.
515 5534 566 5578 -t
580 5534 638 5589 ang.
650 5532 691 5579 tib.
703 5533 740 5579 XX
750 5536 808 5578 reat.
825 5534 900 5579 tamt.
912 5544 961 5589 rap.
978 5545 1021 5578 ur.
