3936 6172
407 341 458 404 DE
477 340 639 405 nutricio
660 343 734 407 SEX
763 344 1017 422 uincuntur.
1045 347 1097 426 lV,
1120 348 1203 411 CAP.
1226 346 1306 411 Xill.
1589 345 1646 405 itt

82 505 156 567 tione
180 502 213 566 de
240 502 572 567 incantamentum
594 506 729 568 liberum
749 508 832 568 urbi·
886 506 1649 591 respersusunr.1tquihusunumsatissitproferre.

82 599 167 660 trium
178 616 196 659 a
208 596 377 671 volumtate,
401 599 465 660 sive
486 606 612 676 natura,
628 606 683 661 aut
696 600 834 661 naturali
885 602 975 681 Apud
983 602 1275 665 Danielemillustris
1283 599 1650 680 estAngeloruminterse

82 689 336 753 volendifacultate
345 690 833 768 discernit,iisdcmlineisutram-
885 696 1071 756 concertatio
1086 695 1110 774 ⁸,
1127 696 1226 776 capite
1252 693 1423 775 praesertim
1454 692 1585 753 decimo.
1605 690 1650 751 lbi

82 782 397 864 qnecircumscribens:
408 783 491 863 quod
502 783 728 846 voluntascirce
738 785 835 847 finem
884 787 1021 866 Angelus
1034 787 1096 860 illc,
1113 789 1167 868 qui
1192 786 1353 866 Prophetae
1366 783 1517 859 adstabat,
1532 789 1649 844 etcum

82 875 222 950 utimum,
237 875 332 955 idque
359 877 531 937 necessario
559 883 740 939 moveatur:
756 878 835 940 libe·
884 879 1023 958 docchat,
1035 880 1130 941 refert
1151 879 1206 940 sibi
1223 879 1364 940 restitisse
1383 876 1552 958 principem
1565 874 1651 954 repm'

81 986 140 1029 rum
165 968 338 1045 arbiuium,
354 968 434 1029 circa
447 987 484 1030 ea
498 986 567 1048 quae
581 975 655 1031 sunt
672 970 712 1031 ad
724 968 846 1046 finem„
884 970 1045 1033 Persarum
1051 972 1197 1053 vipintiet
1206 966 1650 1032 nnodieinrsetultliclruelenno

82 1065 108 1121 ot
118 1058 203 1122 nediu
217 1056 383 1135 vocantur,
399 1079 469 1141 quae
478 1061 586 1138 libere,
602 1068 633 1123 et
646 1080 718 1124 cum
730 1077 832 1143 potes·
883 1062 1302 1146 deprinczpibnsprimisopem
1313 1059 1648 1132 sibiullntnm.Deinde;

83 1157 133 1213 tate
144 1151 267 1213 ulterius
281 1152 378 1233 eligit.
884 1155 931 1217 Et
944 1176 1023 1218 nune
1036 1164 1180 1234 revertur,
1195 1156 1352 1236 inquitet
1366 1152 1487 1234 praelier
1499 1150 1650 1213 aduersum

113 1244 172 1306 XV.
193 1246 254 1306 Nec
269 1245 386 1306 aliaest
396 1246 560 1326 Augustini
570 1248 722 1309 sententia
735 1253 781 1309 tot
793 1247 833 1308 cb
882 1246 1050 1330 principem
1065 1248 1237 1317 Persarum.
1254 1248 1403 1326 Princeps
1416 1246 1474 1306 iste
1487 1244 1650 1306 Persarum

81 1335 185 1397 celocis
197 1336 363 1415 interiecta,
372 1344 539 1418 aperteque
547 1339 659 1400 tradita
670 1359 678 1399 ι
690 1358 759 1419 quae
773 1340 833 1401 hoc
886 1340 1023 1419 Angelus
1037 1346 1103 1402 erat
1115 1341 1256 1402 tutelaris
1267 1340 1379 1402 Persici
1392 1339 1491 1417 regni,
1508 1343 1544 1397 ut
1554 1337 1650 1398 inter-

81 1428 189 1489 inlibro
202 1429 347 1509 pluribus
361 1430 511 1511 capitibus
534 1430 687 1511 complexi
712 1450 830 1493 sumtis.
885 1438 1024 1510 pretatur
1051 1433 1278 1513 Hieronymus,
1302 1450 1337 1493 ac
1364 1430 1585 1491 Theodoretus.
1609 1433 1652 1490 Ac
1746 1438 1751 1447 '

82 1521 179 1580 Contra
192 1540 265 1600 quac
272 1524 377 1585 nescio
389 1522 547 1602 quomodo
555 1522 684 1599 Calvini,
697 1529 728 1584 et
741 1523 834 1601 huius
884 1523 984 1585 honos
997 1543 1105 1586 omnes
1114 1526 1182 1586 illos
1194 1525 1287 1586 fuisse
1299 1523 1434 1602 Angelos
1445 1527 1509 1583 tam
1519 1521 1567 1582 isti
1580 1540 1650 1582 sen-

81 1610 218 1674 foutorum
245 1633 339 1676 aures
365 1615 604 1689 obsurduerunt,
634 1621 670 1677 ut
697 1634 768 1676 eum
782 1616 834 1677 ille
884 1615 978 1691 tiunt,
1002 1636 1098 1696 quam
1116 1617 1285 1696 Gregorius
1309 1612 1427 1695 Papai,
1449 1612 1614 1691 Dionysius
1627 1611 1650 1690 ⁸,

8 1729 58 1775 m
80 1703 154 1765 liberi
179 1704 301 1768 arbitrii
328 1716 358 1770 τι
381 1715 529 1788 ἀδιάφοροι,
558 1713 589 1769 et
619 1708 657 1768 ad
685 1713 834 1769 neutrum
886 1707 919 1767 S.
947 1708 1110 1787 Thomasi,
1136 1715 1168 1771 et
1189 1708 1329 1789 plerique
1352 1707 1421 1782 alii,
1440 1707 1494 1786 qui
1518 1705 1652 1766 invicem

82 1792 232 1859 suessano
268 1799 429 1860 delinitam
468 1805 650 1879 potestatem
688 1800 770 1860 clara
803 1806 834 1861 et
885 1800 1077 1878 pugnabant,
1105 1802 1189 1881 quod
1217 1802 1316 1862 Persis
1341 1799 1502 1881 prefectus
1529 1798 1652 1859 eredita

82 1888 185 1965 ιιιιιιιι,
200 1909 257 1952 nec
277 1891 384 1952 minus
404 1890 557 1971 frequenti
581 1910 656 1953 voce
676 1891 831 1972 praedicet,
885 1891 941 1951 sibi
957 1894 1127 1973 provincie
1146 1893 1309 1955 consulens
1323 1893 1515 1970 captivorum
1526 1908 1653 1952 omnem

81 1979 213 2043 offirmare
236 1982 445 2044 nihilominus
470 1984 614 2052 audeant,
634 1985 713 2044 «ιιι
730 1983 830 2045 ιιιιιιιιι
884 1984 1038 2063 populum
1051 1987 1163 2048 dimitti
1177 1986 1314 2060 nolebat,
1329 1985 1415 2046 utnit
1428 1984 1650 2061 Hieronymus:

81 2074 223 2152 vestigium
244 2074 378 2155 reperiri
399 2093 506 2152 posse,
534 2074 588 2135 ubi
608 2076 647 2136 de
667 2075 725 2136 ista
741 2075 829 2136 liher-
885 2076 1108 2155 Theodoretus,
1132 2080 1217 2158 quod
1238 2077 1365 2140 Judaeos
1378 2076 1533 2152 scelerate,
1549 2078 1655 2154 iugra-

82 2169 131 2225 tate
147 2165 316 2245 loquetur².
332 2188 347 2224 u
365 2167 456 2234 Quod
476 2168 613 2229 immane
636 2168 832 2229 mendacium
884 2172 975 2247 taque
998 2187 1072 2249 erga
1095 2171 1198 2231 Deum
1225 2188 1290 2230 sesa
1322 2175 1465 2248 gerentes
1492 2175 1654 2230 cernerent

82 2255 187 2318 alarius
212 2258 285 2319 illos
307 2258 461 2320 mendacii
476 2260 547 2338 jure
570 2265 726 2340 susspectos
748 2259 830 2335 facit,
885 2259 998 2322 Granis
1023 2266 1054 2322 et
1074 2262 1173 2323 Persis
1193 2262 1349 2342 prepositi
1381 2260 1503 2339 Angeli,
1530 2265 1653 2322 tantum

82 2366 131 2427 quo
143 2367 172 2410 se
183 2350 215 2410 in
230 2351 400 2428 Augustini
414 2351 833 2413 librisvolutandisomnibus
884 2351 945 2412 illis
958 2352 1090 2415 conferri
1104 2354 1255 2429 beneficii,
1270 2361 1306 2414 ut
1320 2353 1353 2413 in
1367 2352 1541 2414 libertatem
1558 2369 1652 2413 roca-

82 2445 119 2500 tot
134 2460 224 2503 anuos
242 2445 470 2523 consumpsisse
487 2443 637 2522 jactitant.
665 2445 703 2505 In
727 2463 789 2524 quo
807 2444 839 2528 si*
884 2449 1004 2521 rentur,
1026 2464 1108 2524 agre
1130 2446 1235 2507 tulisse
1253 2444 1390 2507 credidit.
1413 2445 1559 2506 Neutrins
1578 2463 1653 2524 ergo

83 2533 187 2611 quidem
200 2554 266 2596 non
273 2534 397 2612 fallunt,
406 2536 496 2597 valde
509 2535 647 2608 obtusos,
663 2543 694 2597 et
706 2536 833 2598 hebetes
883 2537 1110 2616 partisAugclis
1123 2538 1282 2599 constabat
1295 2556 1365 2617 quae
1379 2536 1437 2598 Dei
1450 2541 1529 2598 esset
1541 2536 1652 2597 volun·

83 2641 124 2684 eos
135 2633 247 2706 oportet
260 2645 339 2701 esse,
356 2629 411 2707 qui
424 2634 494 2708 post
504 2633 570 2689 tam
591 2628 709 2705 erebra,
725 2634 756 2690 et
769 2628 833 2690 sole
884 2632 941 2702 tas,
956 2628 1072 2709 alioqui
1085 2630 1123 2691 lis
1137 2632 1218 2691 inter
1233 2648 1286 2691 eos
1299 2630 1401 2690 omnis
1414 2634 1493 2690 esset
1506 2628 1650 2691 extincte.

83 2716 137 2796 ipso
149 2718 275 2780 clariora
288 2720 467 2781 testimonia
480 2720 519 2781 dc
533 2720 728 2782 indifferenta
738 2721 832 2783 liber-
885 2720 1003 2781 Verum
1028 2722 1071 2783 sic
1094 2722 1238 2783 universe
1254 2722 1379 2799 addicti,
1397 2720 1541 2801 affixique
1565 2726 1654 2782 erant

83 2810 139 2869 totis
149 2810 293 2873 humanae
307 2818 401 2889 statu,
417 2813 519 2874 adhuc
530 2831 603 2874 cum
616 2813 698 2873 illius
709 2814 743 2874 in
755 2815 832 2875 scri·
885 2812 940 2872 Dei
955 2813 1120 2890 voluntati,
1136 2822 1167 2876 et
1179 2814 1319 2890 arbitrio,
1341 2819 1377 2874 ut
1387 2813 1607 2893 particulatim,
1622 2819 1653 2874 et

8 2924 30 2967 a
43 2936 58 2972 n
84 2901 315 2983 ptisrequirunt
340 2906 507 2984 Estigitur,
531 2904 620 2967 utab
642 2905 833 2967 sanctissimo
885 2903 919 2963 in
933 2905 1063 2985 singulis
1081 2907 1222 2981 negotiis,
1238 2925 1275 2968 ea
1289 2923 1361 2966 eum
1375 2911 1453 2967 esset
1466 2907 1583 2984 ignota,
1596 2922 1652 2965 suo

8 2980 40 3022 ΕΜ
8 2992 243 3077 „theologicas
273 2996 387 3058 scholae
409 2997 557 3103 magistro
583 2998 741 3102 proditum
768 3003 832 3077 est,
882 2995 1000 3073 jndicio
1015 2999 1205 3059 etscntentia
1218 3003 1354 3058 starent:
1368 2996 1454 3057 cuisi
1467 2996 1652 3057 contrariam

8 3042 69 3183 Ξι
85 3082 470 3151 beatorumvoluntusin”
451 3109 500 3163 us,
520 3094 551 3152 et
564 3090 646 3150 eirca
660 3093 835 3152 eatuntum
887 3105 951 3150 esse
974 3090 1111 3159 divinam
1132 3090 1246 3151 senene
1265 3095 1382 3170 postca,
1397 3106 1472 3150 mox
1485 3106 1517 3150 se
1531 3088 1571 3150 ad
1584 3107 1650 3150 eam

8 3148 261 3291 confitereque
285 3188 360 3243 sunt
373 3190 461 3244 extra
479 3197 639 3243 summum
659 3181 789 3258 bonum,
804 3189 835 3244 ct
887 3182 1086 3286 applicarent.
1103 3184 1178 3257 Qua
1191 3201 1241 3243 res
1253 3187 1438 3261 argumento
1453 3187 1509 3258 est,
1522 3181 1652 3243 liberam

9 3229 173 3333 “Murem
193 3275 359 3335 initimum:
394 3275 427 3335 in
461 3274 574 3355 quibus
608 3274 730 3335 definiti
757 3275 836 3336 nihil
887 3273 920 3333 in
947 3273 1046 3335 beatis
1072 3292 1137 3336 esse
1163 3275 1340 3351 mentibus,
1366 3280 1397 3335 et
1423 3273 1652 3337 indifferentem

84 3361 191 3442 bobert,
204 3386 240 3428 oc
259 3366 471 3428 determinati
494 3369 680 3446 Quanquam
690 3385 835 3431 universe
885 3365 1053 3426 voluntatis
1067 3367 1248 3444 motionem,
1263 3367 1317 3428 ιιι·
1308 3384 1342 3427 m
1355 3370 1652 3447 utramquepartem

86 3457 201 3535 quidem,
215 3477 332 3539 genere
345 3460 413 3539 ipso
426 3460 647 3539 circumscripti
661 3464 735 3519 sunt
722 3460 834 3521 thoni-
886 3456 1073 3534 flexibilem3
1092 3460 1146 3521 sed
1168 3458 1212 3519 ibi
1237 3413 1399 3535 duntaxat,
1427 3459 1483 3519 ubi
1501 3459 1587 3520 nulla
1600 3477 1653 3520 eos

85 3549 209 3621 etiami
222 3551 291 3631 ejus
306 3554 390 3631 quod
404 3558 450 3614 est
470 3553 582 3614 divinae
598 3552 750 3613 voluntati
763 3571 836 3632 gra·
885 3550 1048 3611 necessitas
1072 3552 1235 3612 adunam
1262 3551 1378 3631 alligat,
1409 3551 1581 3629 cujusmodi
1608 3556 1654 3613 est

85 3643 150 3702 tom.
172 3643 235 3705 Sub
249 3645 310 3706 hoc
330 3650 437 3706 tamen
459 3662 570 3722 genere
591 3644 716 3705 infinite
728 3663 836 3705 rerum
885 3659 974 3702 amor
986 3644 1101 3703 summi
1115 3643 1201 3719 boni,
1224 3643 1275 3705 vel
1287 3661 1395 3706 corum
1410 3643 1568 3723 appetitio,
1583 3661 1653 3723 quae

85 3735 282 3810 optandarum,
309 3741 340 3797 ct
366 3737 567 3798 honestarum
595 3735 655 3796 illis
679 3736 835 3815 proposita
885 3734 986 3796 sciunt
999 3741 1086 3815 grata
1098 3754 1163 3797 esse
1175 3737 1238 3798 Deo
1251 3756 1259 3796 r
1285 3755 1320 3797 ac
1333 3742 1497 3816 postquam
1511 3736 1653 3797 voluntas

85 3824 156 3902 eopia
175 3833 218 3888 cst
235 3829 277 3889 ad
297 3847 400 3899 risum,
418 3847 454 3890 ac
472 3828 646 3890 delectum:
669 3827 835 3907 dequibus
885 3846 955 3907 quac
968 3828 1009 3888 sit
1020 3828 1104 3889 illius
1122 3829 1351 3890 intellexerunt.

85 3913 148 3975 nihil
160 3920 231 3983 certi
244 3926 364 3981 constat
374 3921 449 4000 ipsis
464 3938 502 3982 ex
516 3919 622 3983 divina
633 3918 833 3996 revelatione,
926 3920 1010 3980 idem
1024 3920 1061 3981 de
1076 3921 1194 3982 Christo
1200 3921 1354 3999 judicium
1363 3919 1455 3981 dehet
1467 3919 1545 3993 fieri,
1557 3937 1651 3997 quem

85 4006 146 4083 quid
157 4010 262 4072 medus
275 4012 325 4089 sit,
340 4013 399 4073 hoc
414 4018 459 4074 est
469 4013 531 4072 Deo
545 4012 645 4091 magis
654 4017 832 4091 acceptum:
884 4019 1003 4083 certum
1018 4020 1063 4074 est
1077 4013 1110 4074 in
1121 4014 1160 4074 iis
1170 4013 1398 4085 tantummodo,
1415 4030 1484 4092 quae
1497 4012 1650 4088 electioni,

84 4114 143 4159 ιιιιιι
166 4104 321 4183 utrimque
343 4105 430 4184 paria
448 4123 480 4166 se
493 4109 653 4165 momenta
675 4104 834 4164 rationum
883 4104 1098 4184 voluntatique
1125 4124 1189 4166 sua
1217 4106 1365 4186 permissa
1389 4104 1533 4179 brerant3
1558 4108 1590 4165 et
1614 4103 1652 4165 de

84 4188 206 4270 oderant,
228 4196 387 4258 eteaedem
400 4197 538 4258 honestae
561 4195 704 4256 utilitatis
728 4195 833 4257 illece-
884 4197 998 4275 quibus
1011 4197 1086 4259 certi
1095 4196 1174 4257 nilril
1183 4197 1399 4270 constitutum,
1415 4215 1451 4256 ac
1463 4196 1561 4257 fixum
1573 4200 1649 4272 erat,

83 4277 153 4359 hrum
167 4305 236 4366 quae
246 4288 372 4349 illorum
385 4294 504 4350 mentes
517 4307 678 4369 suspensas
690 4288 817 4350 habent.
883 4287 980 4349 libero
995 4306 1088 4349 usum
1106 4288 1246 4350 arbitrio.
1263 4290 1412 4362 Quanam
1422 4293 1527 4350 curtem
1539 4307 1576 4349 ea
1588 4288 1653 4350 fuc-

113 4374 186 4438 XVI.
202 4380 307 4459 Neque
331 4382 391 4442 hoc
411 4381 591 4457 divinando,
616 4387 647 4441 et
660 4381 783 4441 incertis
794 4381 832 4441 dc
883 4380 957 4448 rint,
969 4398 1035 4441 non
1049 4386 1094 4442 ast
1112 4381 1207 4459 hujus
1220 4382 1281 4442 loci
1294 4386 1493 4462 pertrectare.
1514 4380 1582 4443 Fiet
1594 4380 1653 4442 hoc

83 4465 833 4553 rebustemcreconjectandodicimus.Hujusmodi
885 4473 945 4533 Deo
968 4473 1049 4535 benc
1068 4473 1244 4552 adjuvante,
1270 4491 1342 4535 cum
1368 4473 1407 4535 dc
1429 4471 1652 4534 incarnationis

84 4558 152 4621 enm
170 4565 316 4644 exemplis
326 4583 484 4629 sacrorum
497 4565 649 4627 librorum
669 4565 833 4626 volumina
883 4564 1031 4645 mysterio
1045 4565 1177 4628 dicetur.

82 4752 240 4859 6ῗιιιμ--ιιι
213 4759 340 4805 -t't'om
357 4758 454 4866 ἔ11,1ιιι.
471 4760 671 4816 Vim-capsur
641 4758 828 4806 -..-·8Dunx
838 4755 1047 4803 ttmnxvttnor
1060 4769 1109 4857 cop.
1130 4768 1233 4805 ιιιι.-
1205 4757 1368 4814 -NJbcoprx
1356 4757 1650 4805 renunculum.-

112 4828 348 4876 ununquemque
