3934 6172
342 393 403 457 sto
850 391 1174 455 susurratoribus
1193 393 1411 458 DOGMATUM

343 557 436 619 dueta
453 557 584 627 dicatur,
612 563 644 618 et
667 559 707 623 sd
731 557 922 637 depressiora
935 556 1111 617 continendi
1162 576 1257 637 quam
1268 565 1433 638 aquam,et
1443 560 1590 640 abyssum
1600 562 1889 641 appellationum
1949 576 1950 639 ι

342 653 411 710 tum
439 650 539 713 eidem
564 650 653 711 datus
677 650 822 729 impetus.
858 649 983 710 Etenim
1016 667 1111 729 aquas
1160 651 1405 715 ooelestesorbes
1424 653 1672 729 assiduatum
1689 654 1789 730 ather,
1802 674 1889 737 aerque
1949 652 1950 693 ι

341 738 497 820 illasque
509 742 611 822 abyssi
625 742 1109 818 uominedescribuntursblose,
1159 742 1305 805 fabricatu
1326 748 1399 821 sint,
1421 763 1491 824 quas
1513 744 1619 807 omnia
1639 745 1815 809 firmamenti
1825 768 1890 813 vocs·

341 835 465 913 vaporis
484 834 582 897 instar
606 853 642 895 ac
664 835 799 911 nebus,
822 841 932 897 tenues
950 833 1042 895 brisce
1056 834 1110 897 dc·
1159 835 1233 897 bulo
1245 843 1420 913 censentur,
1432 844 1502 901 tum
1514 856 1604 916 squae
1616 837 1753 914 mariun,
1767 838 1891 903 aessurie·

340 927 591 1001 monstravimus,
607 945 672 991 uon
690 946 737 1001 ea,
753 946 815 1007 qua
830 927 925 991 modo
939 933 1023 1001 sunt,
1038 945 1111 1006 gra·
1159 928 1238 1005 tiles,
1268 931 1407 1009 adeoque
1434 929 1594 992 inferiores
1611 948 1731 992 omnes.
1749 930 1852 993 Deinde
1861 934 1893 994 sic

340 1017 446 1095 vitate,
468 1037 504 1085 ac
520 1019 731 1087 crassitudine.
753 1021 840 1083 Hanc
854 1037 927 1081 vero
943 1025 1013 1082 tum
1024 1037 1109 1080 acco-
1158 1022 1311 1085 rationem
1335 1040 1451 1100 ponere
1464 1022 1546 1097 licet,
1562 1027 1598 1082 ut
1614 1023 1704 1085 tertio
1716 1023 1893 1087 duntaxstdie

338 1115 465 1189 peramt,
482 1129 555 1175 oum
573 1110 818 1190 firmamentum,
835 1112 898 1174 sire
912 1111 1022 1189 ingens
1033 1110 1110 1172 illud
1159 1132 1256 1187 mare,
1272 1119 1303 1175 et
1313 1114 1496 1176 inferiorum
1509 1132 1660 1194 aquarum
1668 1115 1816 1194 oouguics
1827 1134 1893 1179 cous

339 1219 522 1282 expansum,
546 1205 630 1284 quod
654 1205 768 1269 coelum
789 1210 821 1266 et
839 1222 943 1266 aerem
957 1202 1110 1282 compleo·
1158 1206 1272 1282 titerit3
1297 1207 1434 1268 meando
1461 1226 1535 1269 vero
1561 1207 1686 1281 coelum,
1713 1208 1894 1286 cerquariis

337 1295 424 1371 titur,
458 1316 478 1357 a
508 1298 571 1379 Deo
599 1296 785 1361 fabricatum
819 1302 876 1373 est,
909 1302 1002 1375 atque
1029 1296 1110 1357 inter
1158 1296 1392 1360 firmamentum
1408 1299 1570 1376 exstiterit,
1585 1299 1895 1361 ouisitvisetiacuitu

337 1388 511 1468 superiores
528 1394 560 1451 et
582 1388 745 1453 inieriores
767 1407 863 1469 squas
878 1388 1107 1467 interpositum,
1159 1387 1257 1451 indita
1271 1392 1515 1470 separandarum
1535 1408 1707 1471 squarum;
1728 1391 1809 1469 cujus
1821 1390 1894 1453 ιιιιι·

336 1481 397 1545 hoo
408 1486 453 1543 cst
465 1481 548 1545 inter
561 1483 698 1544 marinas
721 1501 758 1543 ae
776 1481 951 1556 fluviatiles,
966 1485 997 1541 et
1009 1481 1109 1543 nubes
1158 1483 1239 1555 tatis,
1260 1488 1292 1544 ιι
1308 1484 1505 1562 proprietatis
1517 1489 1634 1557 aetum,
1647 1491 1679 1545 et
1691 1483 1820 1547 officium
1831 1502 1894 1545 non·

335 1591 373 1636 se
382 1592 523 1654 vapores,
537 1594 554 1636 a
566 1575 682 1655 quibus
696 1575 848 1639 exsistunt
861 1574 984 1655 pluvias.
1002 1574 1109 1652 Cujus-
1157 1572 1218 1635 nisi
1229 1575 1368 1653 sequenti
1382 1576 1433 1637 die
1445 1582 1591 1654 praestare
1605 1576 1709 1655 eoepit.

335 1666 422 1729 nodi
446 1685 551 1747 aquas,
578 1686 649 1747 quse
676 1668 770 1729 etiam
796 1667 924 1729 celestes
949 1685 968 1728 a
991 1667 1109 1729 Latinis
1198 1667 1235 1727 V.
1263 1668 1371 1747 Itaque
1397 1669 1545 1746 secundo,
1569 1668 1620 1730 vel
1643 1668 1735 1730 tertio
1756 1668 1894 1746 diesque

337 1763 506 1830 vocantur,
537 1758 773 1821 firmamentum
803 1759 913 1823 infima
945 1759 994 1819 sui
1020 1764 1107 1838 parte
1156 1759 1302 1820 tenuisse
1315 1759 1896 1840 nebulosaerornginiailiarustiiasinlc·

335 1849 475 1923 sustinet,
505 1857 536 1914 et
559 1852 599 1913 ab
621 1852 834 1926 inferioribus,
854 1850 1108 1931 spissioribusque
1156 1850 1238 1913 riore
1252 1853 1300 1912 sui
1319 1858 1419 1930 parte,
1433 1853 1585 1934 terrisque
1599 1851 1704 1915 citima
1718 1852 1896 1915 densiorieotc

335 1941 465 2007 dirimit.
491 1944 556 2004 Hoc
574 1961 667 2005 sensu
686 1962 796 2007 verum
817 1949 874 2021 est,
889 1944 973 2023 quod
986 1943 1108 2022 antiqui
1156 1944 1303 2005 consedit.
1334 1946 1409 2019 Ques
1435 1946 1515 2007 ratio
1542 1945 1693 2026 probatur
1716 1942 1894 2024 Augustum,

334 2034 458 2111 docent,
483 2036 599 2115 partim
624 2054 714 2115 aquas
735 2035 925 2101 elementum
947 2035 1107 2097 distortio
1157 2035 1233 2096 dum
1259 2037 1337 2098 illud
1363 2038 1513 2117 inquirit:
1540 2059 1555 2098 o
1582 2040 1665 2101 Cum
1689 2038 1896 2099 totamomnino

333 2123 502 2188 formatum
529 2145 605 2203 esse,
631 2129 744 2208 partim
766 2127 959 2206 gravitatem,
981 2131 1012 2188 et
1027 2134 1105 2207 ῥοπὴν
1156 2132 1273 2189 terram
1285 2129 1404 2190 undosa
1417 2131 1548 2192 materis
1561 2130 1744 2210 cooperiret,
1761 2147 1817 2209 quo
1828 2128 1895 2189 rede

333 2216 466 2281 inditam
484 2217 588 2289 luisse,
613 2238 675 2299 qua
695 2237 750 2300 pcr
774 2218 890 2281 declive
910 2218 1104 2300 propellitur.
1155 2225 1215 2297 ret,
1242 2226 1279 2281 ui
1303 2223 1437 2285 nudaret
1463 2223 1581 2302 aliquas
1607 2222 1732 2303 pertesi
1758 2224 1804 2287 en
1826 2221 1894 2294 forte,

179 2342 292 2394 cosmon
375 2310 430 2373 IV.
455 2311 537 2371 Tum
555 2310 650 2390 igitur
663 2312 703 2372 sd
716 2312 830 2373 divina
843 2310 925 2371 vocis
938 2311 1106 2390 imperium
1154 2311 1266 2392 iuquit,
1281 2314 1380 2375 rarior
1399 2333 1481 2394 aqua
1498 2316 1585 2377 velut
1597 2315 1714 2377 nebula
1725 2321 1816 2376 terras
1825 2319 1895 2375 tene

176 2407 296 2493 .n³‘ffim
334 2418 424 2481 equor
438 2419 547 2465 omncs
564 2402 727 2467 inferiores
746 2403 780 2464 in
800 2421 901 2465 unum
924 2402 1028 2463 locum
1042 2404 1104 2465 ool-
1154 2398 1218 2467 but
1244 2421 1314 2480 qua
1337 2404 1576 2507 congregatione
1598 2403 1729 2483 spissata
1752 2409 1804 2477 ast,
1825 2407 1854 2463 ut
1867 2420 1896 2462 ιι

197 2502 272 2546 losum
334 2492 419 2556 lectae
432 2499 515 2556 sunt.
523 2495 906 2600 Animadvertendumque
919 2500 966 2557 est
980 2495 1106 2557 Hebrai-
1154 2472 1260 2555 multis
1281 2513 1333 2556 eas
1355 2494 1537 2575 partibuss
1529 2514 1563 2556 ιιι
1583 2496 1699 2575 quibus
1719 2495 1801 2556 arida
1816 2499 1896 2597 posset
1949 2488 1950 2581 ι

170 2554 302 2653 illidi?
334 2603 403 2649 saur
417 2585 637 2649 lectionemsio
650 2587 866 2667 accipiposse:
884 2587 1105 2668 Conprcpcotor
1154 2603 1313 2691 apparere
1330 2587 1509 2650 nudareti»
1532 2588 1594 2650 Nec
1608 2584 1896 2668 repugnathuioopi·
1949 2584 1950 2661 ι

333 2695 419 2760 oqooe
431 2679 485 2741 sub
496 2679 710 2743 colossaeum
721 2679 1103 2760 brum·proquoLstrnus
1153 2677 1241 2739 uioui
1267 2679 1351 2759 quod
1374 2680 1478 2741 statim
1501 2679 1620 2759 adjicit.
1648 2701 1666 2739 o
1690 2681 1950 2807 Quanqusuetq

332 2771 446 2853 posuit,
474 2789 542 2853 quse
568 2770 621 2833 sub
643 2771 715 2833 coelo
740 2781 822 2848 suot,
844 2778 879 2833 ut
902 2773 1052 2842 etGraeci,
1074 2774 1103 2828 τι
1151 2774 1236 2832 terra
1261 2771 1354 2850 longa
1378 2771 1502 2852 lateque
1530 2771 1693 2833 subsidens
1720 2773 1815 2852 potuit
1837 2716 1950 2833 ιιιιιι

331 2868 448 2927 tuorem
460 2890 505 2926 τοι
491 2871 629 2945 ciperet.
644 2865 831 2926 Haeeautem
843 2865 986 2925 nonmhrl
994 2865 1104 2926 disere
1153 2867 1255 2940 partes
1266 2864 1405 2943 praebere
1418 2882 1577 2941 concavas,
1595 2864 1710 2944 quibus
1721 2863 1894 2937 confluentes,

331 2961 418 3037 pant.
446 2957 526 3019 Nam
544 2957 688 3037 priorum
714 2962 905 3034 consoneat,
936 2957 1108 3037 aquassub
1152 2960 1183 3014 et
1195 2962 1373 3018 corruentes
1385 2975 1474 3036 aquae
1483 2972 1741 3035 reciperentur
1741 2920 1950 3036 tappsrcretl

250 3058 253 3065 ’
331 3047 420 3124 coelo,
434 3049 740 3111 relfirmamentoin
754 3068 854 3110 unum
868 3050 1051 3127 coactasita,
1068 3055 1104 3111 ui
1151 3047 1237 3108 arida
1265 3067 1304 3110 ex
1325 3049 1373 3109 his
1395 3050 1546 3129 partibus,
1571 3051 1662 3117 unde
1679 3050 1791 3111 humor
1809 3048 1894 3108 abre
1949 3000 1950 3143 ι

331 3157 371 3199 ιι
392 3144 467 3217 tots,
489 3159 585 3221 quam
607 3142 707 3204 Moses
726 3147 826 3216 vocet,
844 3142 967 3222 abysso,
982 3142 1102 3203 velim·
1151 3138 1247 3201 deret
1275 3162 1290 3199 s
1317 3141 1387 3202 Non
1410 3141 1494 3201 enim
1519 3140 1676 3247 prohibet,
1698 3143 1773 3222 quin
1792 3146 1820 3202 et
1833 3156 1896 3217 oqsrs
1949 3172 1950 3219 3

331 3231 495 3293 meusitate
508 3233 650 3295 nebulosi
668 3233 751 3294 ithus
764 3235 901 3314 corporis
916 3235 1102 3314 perreliqua
1151 3231 1273 3294 uebulae
1287 3233 1438 3294 haetenus
1456 3251 1543 3295 more
1557 3235 1661 3296 tenuis
1676 3232 1861 3315 spissatasit3
1834 3235 1896 3290 tet

330 3321 528 3385 interioribus
552 3325 639 3405 aquis
665 3325 814 3386 attributa
840 3325 891 3400 sit,
912 3344 1009 3405 eaque
1022 3326 1103 3388 ιιιιι
1151 3325 1190 3385 ad
1217 3343 1287 3387 eam
1313 3325 1528 3407 excipiendam
1553 3333 1652 3405 terra,
1681 3346 1752 3407 quur
1776 3322 1896 3405 aequebili
1949 3352 1950 3401 3

330 3414 474 3492 spissior;
497 3421 530 3476 at
552 3417 721 3496 posteriora
740 3418 800 3478 hoc
820 3417 1004 3497 significant,
1021 3419 1100 3480 diri·
1150 3420 1242 3478 antea
1254 3418 1443 3479 rotunditate
1455 3418 1609 3497 turgebat,
1625 3420 1659 3481 in
1675 3412 1896 3500 quibusdamsui

330 3504 416 3568 sione
446 3525 599 3587 aquarum
634 3508 830 3589 superiorum
856 3510 1102 3590 inferiorumque
1149 3508 1288 3588 partibus
1313 3509 1406 3571 attius
1430 3511 1583 3591 depressa,
1617 3517 1649 3573 ιι
1673 3512 1708 3574 in
1734 3513 1896 3572 immensum
1949 3512 1950 3563 ἒ

329 3595 418 3677 bota,
432 3605 464 3661 et
477 3600 1101 3682 medicinterieotofirmemento,pa1tem
1150 3608 1294 3663 excavata
1316 3602 1365 3677 sit,
1388 3609 1423 3663 ut
1441 3622 1531 3684 aqua
1553 3601 1895 3683 receptaculoprabcret.

329 3689 426 3765 illam,
448 3709 518 3770 quse
542 3692 599 3753 sub
624 3692 824 3756 firmamento
852 3700 927 3772 crat,
947 3695 981 3755 iu
1000 3713 1101 3756 unum
1151 3693 1196 3753 Es
1209 3712 1271 3773 quo
1290 3700 1322 3755 ιι
1341 3694 1419 3755 illud
1432 3695 1583 3775 sequitur,
1599 3695 1677 3757 alias
1694 3695 1821 3757 vicissim
1832 3690 1897 3752 illius
1949 3700 1950 3781 ι

329 3783 605 3858 confluxisseQuae
619 3785 909 3848 sententiamorere
923 3788 1100 3868 quempiam
1150 3791 1252 3863 partes
1271 3787 1481 3866 mingentem
1495 3787 1696 3849 altitudinem
1710 3789 1801 3850 elatas
1812 3784 1895 3857 bisc,

328 3880 438 3957 potest,
454 3878 549 3956 quod,
566 3878 695 3939 sitentia
707 3878 835 3939 demum
847 3879 898 3939 die
918 3898 1014 3960 aquas
1026 3879 1100 3945 infe·
1150 3878 1233 3939 undo
1258 3885 1391 3959 montes,
1416 3886 1447 3942 et
1472 3880 1623 3942 immanis
1642 3881 1698 3943 illa
1718 3881 1898 3960 superpatre

326 3968 426 4031 riores
439 3969 590 4049 spissatas,
607 3975 638 4032 et
649 3971 683 4030 iu
698 3989 798 4035 unum
810 3969 913 4032 locum
928 3975 1100 4034 contractas
1149 3971 1264 4049 passim
1272 3971 1360 4051 juga,
1376 3970 1461 4033 velut
1474 3973 1663 4052 assurgentis
1677 3981 1769 4034 terror
1780 3977 1898 4031 umores
1949 3972 1950 4047 3

328 4079 393 4123 esse
406 4062 530 4141 dixeris,
544 4081 617 4124 oum
631 4063 724 4142 longe
734 4064 887 4124 minorem
897 4063 1001 4125 locum
1011 4083 1100 4127 occu·
1148 4062 1346 4141 exstiterunt,
1381 4070 1417 4124 ut
1446 4065 1656 4144 compensatio
1691 4065 1779 4127 ficret
1802 4061 1896 4139 suque.

325 4170 400 4235 pare
414 4156 575 4235 coeperint,
591 4173 770 4236 quomrum
784 4161 951 4218 attenuate
964 4163 1052 4218 erant
1065 4158 1099 4218 in
1149 4155 1322 4236 Utrumque
1337 4157 1419 4219 Beda
1432 4175 1471 4218 ex
1484 4156 1657 4236 Augustino
1671 4161 1705 4217 in
1719 4154 1898 4218 Herccmeroo

326 4244 454 4322 nubem,
477 4265 606 4309 vacuam
630 4248 801 4328 oportuerit
824 4266 889 4309 esse
906 4254 1027 4328 partem
1041 4248 1097 4309 ali·
1148 4248 1429 4325 suumtranstulit;
1443 4255 1598 4311 atterram
1611 4242 1898 4329 longelatequcsub
1949 4248 1950 4309 J

326 4353 422 4417 quam
436 4337 517 4399 illius
526 4339 691 4416 inferioris,
706 4359 742 4402 ac
753 4340 950 4402 firmamento
969 4340 1098 4420 subjecti
1148 4341 1270 4418 sedisse,
1290 4348 1321 4402 et
1339 4341 1502 4402 «rariores
1521 4360 1618 4421 aquus
1631 4341 1726 4403 luisse
1743 4335 1896 4423 primarias,

326 4430 427 4511 spatii,
443 4431 526 4511 quod
538 4450 621 4511 aqua
633 4433 757 4494 tenuior
770 4433 939 4512 obtinebat,
948 4440 1003 4495 aut
1015 4439 1098 4496 certe
1146 4451 1217 4513 quae
1228 4434 1315 4497 reiut
1327 4433 1451 4495 nebulus
1465 4439 1563 4494 terras
1575 4439 1755 4513 tegerent.»

325 4522 521 4602 superiorum
539 4542 692 4604 aquarum
705 4526 770 4587 rim
785 4526 955 4587 maximam
966 4526 1001 4586 in
1014 4525 1097 4588 illius
1186 4525 1269 4586 Nihil
1282 4526 1377 4605 igitur
1390 4544 1513 4587 necesse
1530 4531 1587 4604 est,
1608 4545 1705 4607 aquus
1719 4532 1823 4607 putare
1831 4521 1896 4601 jan,

325 4613 430 4678 locum
452 4615 624 4678 succedere.
654 4617 780 4689 Quodn
802 4618 893 4679 Musis
920 4617 1096 4681 narratione
1145 4618 1318 4697 cujusmodi
1341 4624 1425 4695 sunt,
1449 4624 1618 4683 concretas.
1637 4625 1669 4680 et
1685 4619 1725 4680 ad
1744 4611 1897 4679 usumsui·

325 4706 448 4769 videtur
467 4707 616 4785 alienum,
641 4709 696 4788 qui
717 4709 890 4789 superiores
907 4710 947 4770 ab
968 4710 1094 4772 inferio·
1144 4710 1299 4771 muntium
1309 4709 1404 4773 iactas
1416 4710 1484 4772 loos
1498 4729 1554 4771 sua
1568 4715 1716 4787 mutasse,
1728 4717 1760 4772 et
1772 4708 1809 4770 ad
1821 4721 1896 4767 cons-

324 4798 411 4860 ribus
436 4800 529 4880 plane
551 4800 664 4862 diruas
688 4818 753 4862 esso
780 4800 884 4862 refert.
905 4803 1022 4863 Verum
1035 4803 1095 4865 hoc
1144 4802 1235 4863 tituta
1261 4802 1318 4863 sibi
1344 4803 1534 4883 receptacula
1557 4802 1753 4879 confluxisse,
1777 4795 1897 4862 utBasi·

324 4891 448 4970 perleve
461 4897 527 4963 ests
551 4911 588 4954 ac
611 4892 774 4973 dupliciter
786 4892 965 4974 responderi
980 4900 1091 4975 potest.
1143 4893 1240 4970 lius',
1255 4899 1286 4955 et
1322 4894 1505 4955 Ambrosius
1538 4893 1711 4957 indicant³.
1745 4896 1797 4955 Est
1825 4887 1897 4952 euim

325 4983 475 5062 Primum,
487 4984 536 5045 die
550 4985 684 5046 seeundo
694 5002 789 5064 aquas
801 4985 962 5047 inferiores
975 5005 993 5047 a
1005 5004 1094 5065 supe·
1142 4985 1351 5060 verisimilius,
1365 4986 1514 5047 haetenus
1527 4991 1664 5061 tenuem,
1681 4992 1714 5047 et
1726 4984 1816 5047 nubis
1823 4993 1897 5042 more

323 5076 457 5139 rioribus
476 5095 542 5139 esee
563 5078 743 5157 diremptas,
767 5083 798 5139 ct
810 5078 920 5140 eodem
933 5085 1093 5141 momento
1142 5078 1286 5140 diffusam
1308 5096 1423 5157 aquam
1444 5077 1549 5155 luisse,
1564 5098 1636 5158 quas
1649 5079 1761 5140 deinde
1773 5075 1895 5156 ipisus,

323 5167 465 5230 densatas
477 5168 544 5231 illas
557 5187 622 5240 esse
640 5169 694 5247 ita,
710 5175 747 5232 ut
766 5187 805 5232 es
824 5171 932 5234 eadem
949 5171 1090 5249 materis,
1142 5170 1175 5231 in
1194 5169 1411 5250 conceptacula
1434 5188 1491 5232 sua
1513 5170 1672 5250 oompulsa
1694 5171 1746 5232 sit.
1770 5170 1811 5229 Ει
1834 5178 1897 5224 vero

358 5380 487 5445 orac.
504 5401 522 5453 1,
537 5384 564 5442 s.
582 5392 695 5449 ornus
710 5396 808 5453 nunu
825 5396 910 5452 urna
925 5395 1013 5451 aron
1029 5394 1090 5479 ιρι
1674 5361 1896 5473 ‚recensis
1949 5430 1950 5439 ι

351 5561 362 5606 1
376 5563 424 5609 bibi
436 5565 446 5609 1
459 5565 487 5614 (ιο
497 5569 550 5614 ses.
562 5567 634 5614 adlit.
647 5579 696 5624 esp.
711 5569 803 5613 rra-2
817 5568 880 5614 liom.
893 5580 951 5614 ur.-
960 5569 975 5614 s
985 5566 1033 5611 Lib.
1046 5565 1086 5618 ιιι,
1096 5577 1145 5624 esp.
1158 5572 1192 5612 uu
