<?xml version="1.0" encoding="UTF-8"?>
<!DOCTYPE html PUBLIC "-//W3C//DTD XHTML 1.0 Transitional//EN"
    "http://www.w3.org/TR/xhtml1/DTD/xhtml1-transitional.dtd">
<html xmlns="http://www.w3.org/1999/xhtml" xml:lang="en" lang="en">
 <head>
  <title>
</title>
<meta http-equiv="Content-Type" content="text/html;charset=utf-8" />
  <meta name='ocr-system' content='tesseract 3.04.00' />
  <meta name='ocr-capabilities' content='ocr_page ocr_carea ocr_par ocr_line ocrx_word'/>
</head>
<body>
  <div class='ocr_page' id='page_1' title='image "./dogmatatheologi00goog_0271.png"; bbox 0 0 3934 6172; ppageno 0'>
   <div class='ocr_carea' id='block_1_1' title="bbox 335 240 1426 308">
    <p class='ocr_par' dir='ltr' id='par_1_1' title="bbox 335 210 1949 343">
     <span class='ocr_line' id='line_1_1' title="bbox 335 240 1426 308; baseline -0.006 4"><span class='ocrx_word' id='word_1_1' title='bbox 335 240 395 300; x_wconf 66' lang='lat'>2⁸6</span> <span class='ocrx_word' id='word_1_2' title='bbox 859 244 1183 308; x_wconf 79' lang='lat' dir='ltr'>rimoiocroouuu</span> <span class='ocrx_word' id='word_1_3' title='bbox 1207 241 1426 306; x_wconf 78' lang='lat' dir='ltr'>ooauirou</span> 
     </span>
    </p>
   </div>
   <div class='ocr_carea' id='block_1_2' title="bbox 333 378 1949 1222">
    <p class='ocr_par' dir='ltr' id='par_1_2' title="bbox 333 378 1949 1132">
     <span class='ocr_line' id='line_1_2' title="bbox 338 378 1949 493; baseline 0.002 -26"><span class='ocrx_word' id='word_1_4' title='bbox 338 405 478 468; x_wconf 72' lang='lat' dir='ltr'>Pcrcde’si</span> <span class='ocrx_word' id='word_1_5' title='bbox 486 408 615 479; x_wconf 83' lang='lat' dir='ltr'>comede;</span> <span class='ocrx_word' id='word_1_6' title='bbox 627 409 664 472; x_wconf 84' lang='lat' dir='ltr'>de</span> <span class='ocrx_word' id='word_1_7' title='bbox 678 409 761 493; x_wconf 78' lang='lat' dir='ltr'>liquo</span> <span class='ocrx_word' id='word_1_8' title='bbox 771 418 870 473; x_wconf 84' lang='lat' dir='ltr'>sutem</span> <span class='ocrx_word' id='word_1_9' title='bbox 880 410 1012 475; x_wconf 77' lang='lat' dir='ltr'>scientie</span> <span class='ocrx_word' id='word_1_10' title='bbox 1024 408 1104 486; x_wconf 84' lang='lat' dir='ltr'>doni,</span> <span class='ocrx_word' id='word_1_11' title='bbox 1153 407 1253 489; x_wconf 89' lang='lat' dir='ltr'>eapite</span> <span class='ocrx_word' id='word_1_12' title='bbox 1266 408 1321 470; x_wconf 88' lang='lat' dir='ltr'>illo</span> <span class='ocrx_word' id='word_1_13' title='bbox 1334 425 1383 471; x_wconf 84' lang='lat' dir='ltr'>xix</span> <span class='ocrx_word' id='word_1_14' title='bbox 1395 412 1592 487; x_wconf 83' lang='lat' dir='ltr'>comparent:</span> <span class='ocrx_word' id='word_1_15' title='bbox 1613 407 1704 487; x_wconf 72' lang='lat' dir='ltr'>«Ego</span> <span class='ocrx_word' id='word_1_16' title='bbox 1717 408 1883 485; x_wconf 72' lang='lat' dir='ltr'>tumendum</span> <span class='ocrx_word' id='word_1_17' title='bbox 1948 378 1949 469; x_wconf 62' lang='lat' dir='ltr'>i</span> 
     </span>
     <span class='ocr_line' id='line_1_3' title="bbox 335 478 1949 579; baseline 0.002 -20"><span class='ocrx_word' id='word_1_18' title='bbox 335 505 364 559; x_wconf 87' lang='lat' dir='ltr'>et</span> <span class='ocrx_word' id='word_1_19' title='bbox 378 498 454 562; x_wconf 82' lang='lat' dir='ltr'>mali</span> <span class='ocrx_word' id='word_1_20' title='bbox 466 519 502 561; x_wconf 83' lang='lat' dir='ltr'>ue</span> <span class='ocrx_word' id='word_1_21' title='bbox 515 500 646 564; x_wconf 81' lang='lat' dir='ltr'>comedas</span> <span class='ocrx_word' id='word_1_22' title='bbox 656 501 686 563; x_wconf 71' lang='grc' dir='ltr'>’ἲ</span> <span class='ocrx_word' id='word_1_23' title='bbox 697 502 776 576; x_wconf 88' lang='lat' dir='ltr'><strong>Quid</strong></span> <span class='ocrx_word' id='word_1_24' title='bbox 794 502 944 564; x_wconf 80' lang='lat' dir='ltr'>attinebat</span> <span class='ocrx_word' id='word_1_25' title='bbox 957 503 1105 563; x_wconf 87' lang='lat' dir='ltr'>alimenta</span> <span class='ocrx_word' id='word_1_26' title='bbox 1153 518 1256 562; x_wconf 77' lang='lat' dir='ltr'>sacrm</span> <span class='ocrx_word' id='word_1_27' title='bbox 1267 501 1384 562; x_wconf 87' lang='lat' dir='ltr'>litteras</span> <span class='ocrx_word' id='word_1_28' title='bbox 1395 500 1500 576; x_wconf 87' lang='lat' dir='ltr'>audio,</span> <span class='ocrx_word' id='word_1_29' title='bbox 1528 518 1592 561; x_wconf 92' lang='lat' dir='ltr'>non</span> <span class='ocrx_word' id='word_1_30' title='bbox 1607 503 1726 559; x_wconf 85' lang='lat' dir='ltr'>tantum</span> <span class='ocrx_word' id='word_1_31' title='bbox 1738 517 1884 579; x_wconf 80' lang='lat' dir='ltr'>corpoream</span> <span class='ocrx_word' id='word_1_32' title='bbox 1948 478 1949 527; x_wconf 53' lang='lat'>¹</span> 
     </span>
     <span class='ocr_line' id='line_1_4' title="bbox 335 586 1949 681; baseline 0.002 -34"><span class='ocrx_word' id='word_1_33' title='bbox 335 586 395 647; x_wconf 90' lang='lat' dir='ltr'>illis</span> <span class='ocrx_word' id='word_1_34' title='bbox 418 586 542 665; x_wconf 85' lang='lat' dir='ltr'>offerre,</span> <span class='ocrx_word' id='word_1_35' title='bbox 567 591 593 649; x_wconf 91' lang='lat' dir='ltr'>si</span> <span class='ocrx_word' id='word_1_36' title='bbox 616 590 654 650; x_wconf 93' lang='lat' dir='ltr'>iis</span> <span class='ocrx_word' id='word_1_37' title='bbox 678 609 757 670; x_wconf 92' lang='lat' dir='ltr'>opus</span> <span class='ocrx_word' id='word_1_38' title='bbox 779 610 844 652; x_wconf 90' lang='lat' dir='ltr'>uon</span> <span class='ocrx_word' id='word_1_39' title='bbox 866 590 1038 653; x_wconf 84' lang='lat' dir='ltr'>baberent?</span> <span class='ocrx_word' id='word_1_40' title='bbox 1052 595 1107 651; x_wconf 89' lang='lat' dir='ltr'>aut</span> <span class='ocrx_word' id='word_1_41' title='bbox 1154 610 1254 654; x_wconf 88' lang='lat' dir='ltr'>eseam</span> <span class='ocrx_word' id='word_1_42' title='bbox 1269 611 1415 671; x_wconf 80' lang='lat' dir='ltr'>agnosco,</span> <span class='ocrx_word' id='word_1_43' title='bbox 1439 591 1551 674; x_wconf 86' lang='lat' dir='ltr'>(neque</span> <span class='ocrx_word' id='word_1_44' title='bbox 1565 607 1645 668; x_wconf 87' lang='lat' dir='ltr'>eam,</span> <span class='ocrx_word' id='word_1_45' title='bbox 1663 608 1731 671; x_wconf 78' lang='lat' dir='ltr'>quta</span> <span class='ocrx_word' id='word_1_46' title='bbox 1742 608 1883 671; x_wconf 84' lang='lat' dir='ltr'>carneper-</span> <span class='ocrx_word' id='word_1_47' title='bbox 1948 618 1949 681; x_wconf 53' lang='lat' dir='ltr'>p</span> 
     </span>
     <span class='ocr_line' id='line_1_5' title="bbox 335 681 1949 766; baseline 0.004 -27"><span class='ocrx_word' id='word_1_48' title='bbox 335 696 406 759; x_wconf 74' lang='lat' dir='ltr'>quae</span> <span class='ocrx_word' id='word_1_49' title='bbox 427 681 568 741; x_wconf 77' lang='lat' dir='ltr'>vescendi</span> <span class='ocrx_word' id='word_1_50' title='bbox 595 681 738 762; x_wconf 80' lang='lat' dir='ltr'>voluptas</span> <span class='ocrx_word' id='word_1_51' title='bbox 755 682 866 744; x_wconf 91' lang='lat' dir='ltr'>meiius</span> <span class='ocrx_word' id='word_1_52' title='bbox 884 681 1105 763; x_wconf 91' lang='lat' dir='ltr'>proculdubio</span> <span class='ocrx_word' id='word_1_53' title='bbox 1154 684 1279 764; x_wconf 81' lang='lat' dir='ltr'>cipitur,</span> <span class='ocrx_word' id='word_1_54' title='bbox 1296 683 1497 766; x_wconf 74' lang='lat' dir='ltr'>voluptatem)</span> <span class='ocrx_word' id='word_1_55' title='bbox 1512 684 1567 745; x_wconf 86' lang='lat' dir='ltr'>sed</span> <span class='ocrx_word' id='word_1_56' title='bbox 1583 684 1674 744; x_wconf 89' lang='lat' dir='ltr'>etiam</span> <span class='ocrx_word' id='word_1_57' title='bbox 1693 683 1885 744; x_wconf 82' lang='lat' dir='ltr'>nutrimentum</span> <span class='ocrx_word' id='word_1_58' title='bbox 1948 684 1949 745; x_wconf 83' lang='lat' dir='ltr'>l</span> 
     </span>
     <span class='ocr_line' id='line_1_6' title="bbox 335 769 1886 858; baseline 0.003 -29"><span class='ocrx_word' id='word_1_59' title='bbox 335 769 438 833; x_wconf 90' lang='lat' dir='ltr'>inutili</span> <span class='ocrx_word' id='word_1_60' title='bbox 451 788 496 848; x_wconf 89' lang='lat' dir='ltr'>re,</span> <span class='ocrx_word' id='word_1_61' title='bbox 507 790 543 833; x_wconf 86' lang='lat' dir='ltr'>ac</span> <span class='ocrx_word' id='word_1_62' title='bbox 551 790 742 852; x_wconf 81' lang='lat' dir='ltr'>supervacua</span> <span class='ocrx_word' id='word_1_63' title='bbox 755 774 919 837; x_wconf 77' lang='lat' dir='ltr'>carituris?</span> <span class='ocrx_word' id='word_1_64' title='bbox 933 777 999 836; x_wconf 92' lang='lat' dir='ltr'>lmo</span> <span class='ocrx_word' id='word_1_65' title='bbox 1011 792 1105 854; x_wconf 91' lang='lat' dir='ltr'>quam</span> <span class='ocrx_word' id='word_1_66' title='bbox 1154 777 1240 838; x_wconf 92' lang='lat' dir='ltr'>aliud</span> <span class='ocrx_word' id='word_1_67' title='bbox 1259 794 1324 838; x_wconf 91' lang='lat' dir='ltr'>esse</span> <span class='ocrx_word' id='word_1_68' title='bbox 1342 777 1403 837; x_wconf 90' lang='lat' dir='ltr'>scio</span> <span class='ocrx_word' id='word_1_69' title='bbox 1425 776 1505 858; x_wconf 76' lang='lat' dir='ltr'>(quae</span> <span class='ocrx_word' id='word_1_70' title='bbox 1524 793 1680 856; x_wconf 87' lang='lat' dir='ltr'>corporeae</span> <span class='ocrx_word' id='word_1_71' title='bbox 1695 774 1818 854; x_wconf 88' lang='lat' dir='ltr'>quadam</span> <span class='ocrx_word' id='word_1_72' title='bbox 1834 793 1886 855; x_wconf 88' lang='lat' dir='ltr'>pro</span> 
     </span>
     <span class='ocr_line' id='line_1_7' title="bbox 334 861 1949 971; baseline 0.004 -50"><span class='ocrx_word' id='word_1_73' title='bbox 334 861 498 942; x_wconf 77' lang='lat' dir='ltr'>indignum</span> <span class='ocrx_word' id='word_1_74' title='bbox 508 863 568 924; x_wconf 86' lang='lat' dir='ltr'>hoo</span> <span class='ocrx_word' id='word_1_75' title='bbox 577 864 658 926; x_wconf 86' lang='lat' dir='ltr'>felici</span> <span class='ocrx_word' id='word_1_76' title='bbox 667 865 724 943; x_wconf 90' lang='lat' dir='ltr'>illi,</span> <span class='ocrx_word' id='word_1_77' title='bbox 735 865 903 945; x_wconf 78' lang='lat' dir='ltr'>divinoque</span> <span class='ocrx_word' id='word_1_78' title='bbox 917 865 989 926; x_wconf 81' lang='lat' dir='ltr'>vitoe</span> <span class='ocrx_word' id='word_1_79' title='bbox 999 864 1103 941; x_wconf 87' lang='lat' dir='ltr'>statui,</span> <span class='ocrx_word' id='word_1_80' title='bbox 1154 868 1296 947; x_wconf 83' lang='lat' dir='ltr'>portione</span> <span class='ocrx_word' id='word_1_81' title='bbox 1322 866 1497 948; x_wconf 78' lang='lat' dir='ltr'>respondet)</span> <span class='ocrx_word' id='word_1_82' title='bbox 1527 867 1616 946; x_wconf 88' lang='lat' dir='ltr'>cujus</span> <span class='ocrx_word' id='word_1_83' title='bbox 1640 866 1744 927; x_wconf 84' lang='lat' dir='ltr'>fruitio</span> <span class='ocrx_word' id='word_1_84' title='bbox 1761 866 1886 927; x_wconf 85' lang='lat' dir='ltr'>solamad</span> <span class='ocrx_word' id='word_1_85' title='bbox 1948 880 1949 971; x_wconf 50' lang='lat' dir='ltr'>q</span> 
     </span>
     <span class='ocr_line' id='line_1_8' title="bbox 334 953 1949 1040; baseline 0.002 -27"><span class='ocrx_word' id='word_1_86' title='bbox 334 953 373 1013; x_wconf 85' lang='lat' dir='ltr'>ad</span> <span class='ocrx_word' id='word_1_87' title='bbox 400 972 602 1016; x_wconf 88' lang='lat' dir='ltr'>communem</span> <span class='ocrx_word' id='word_1_88' title='bbox 625 956 717 1018; x_wconf 88' lang='lat' dir='ltr'>istam</span> <span class='ocrx_word' id='word_1_89' title='bbox 743 975 815 1017; x_wconf 91' lang='lat' dir='ltr'>cum</span> <span class='ocrx_word' id='word_1_90' title='bbox 842 956 947 1018; x_wconf 89' lang='lat' dir='ltr'>bestiis</span> <span class='ocrx_word' id='word_1_91' title='bbox 970 956 1107 1037; x_wconf 88' lang='lat' dir='ltr'>eorporis</span> <span class='ocrx_word' id='word_1_92' title='bbox 1154 959 1293 1020; x_wconf 90' lang='lat' dir='ltr'>animam</span> <span class='ocrx_word' id='word_1_93' title='bbox 1303 958 1572 1040; x_wconf 59' lang='lat' dir='ltr'>pertinetisflac</span> <span class='ocrx_word' id='word_1_94' title='bbox 1582 956 1887 1038; x_wconf 80' lang='lat' dir='ltr'>Gregorius,iuquibos</span> <span class='ocrx_word' id='word_1_95' title='bbox 1948 980 1949 1017; x_wconf 83' lang='grc' dir='ltr'>ι</span> 
     </span>
     <span class='ocr_line' id='line_1_9' title="bbox 333 1045 1888 1132; baseline 0.004 -27"><span class='ocrx_word' id='word_1_96' title='bbox 333 1045 524 1108; x_wconf 81' lang='lat' dir='ltr'>functionem</span> <span class='ocrx_word' id='word_1_97' title='bbox 539 1047 642 1127; x_wconf 85' lang='lat' dir='ltr'>adjici,</span> <span class='ocrx_word' id='word_1_98' title='bbox 664 1049 691 1109; x_wconf 88' lang='lat' dir='ltr'>si</span> <span class='ocrx_word' id='word_1_99' title='bbox 702 1067 767 1110; x_wconf 91' lang='lat' dir='ltr'>non</span> <span class='ocrx_word' id='word_1_100' title='bbox 781 1067 851 1111; x_wconf 81' lang='lat' dir='ltr'>eam</span> <span class='ocrx_word' id='word_1_101' title='bbox 864 1048 929 1110; x_wconf 84' lang='lat' dir='ltr'>sola</span> <span class='ocrx_word' id='word_1_102' title='bbox 941 1048 1107 1110; x_wconf 87' lang='lat' dir='ltr'>necessitas</span> <span class='ocrx_word' id='word_1_103' title='bbox 1154 1068 1192 1113; x_wconf 90' lang='lat' dir='ltr'>ea</span> <span class='ocrx_word' id='word_1_104' title='bbox 1211 1052 1388 1132; x_wconf 78' lang='lat' dir='ltr'>parenthesi</span> <span class='ocrx_word' id='word_1_105' title='bbox 1401 1050 1590 1125; x_wconf 87' lang='lat' dir='ltr'>notavimus,</span> <span class='ocrx_word' id='word_1_106' title='bbox 1605 1068 1674 1130; x_wconf 82' lang='lat' dir='ltr'>quae</span> <span class='ocrx_word' id='word_1_107' title='bbox 1687 1050 1725 1111; x_wconf 90' lang='lat' dir='ltr'>ab</span> <span class='ocrx_word' id='word_1_108' title='bbox 1737 1050 1821 1130; x_wconf 82' lang='lat' dir='ltr'>Glyco</span> <span class='ocrx_word' id='word_1_109' title='bbox 1831 1068 1888 1129; x_wconf 86' lang='lat' dir='ltr'>pre·</span> 
     </span>
    </p>

    <p class='ocr_par' dir='ltr' id='par_1_3' title="bbox 334 1139 1889 1222">
     <span class='ocr_line' id='line_1_10' title="bbox 334 1139 1889 1222; baseline 0.002 -24"><span class='ocrx_word' id='word_1_110' title='bbox 334 1139 583 1200; x_wconf 88' lang='lat' dir='ltr'>commendaretl</span> <span class='ocrx_word' id='word_1_111' title='bbox 616 1139 800 1218; x_wconf 86' lang='lat' dir='ltr'>Hujusmodi</span> <span class='ocrx_word' id='word_1_112' title='bbox 834 1145 939 1201; x_wconf 86' lang='lat' dir='ltr'>tamen</span> <span class='ocrx_word' id='word_1_113' title='bbox 960 1139 1106 1220; x_wconf 86' lang='lat' dir='ltr'>opinione</span> <span class='ocrx_word' id='word_1_114' title='bbox 1153 1144 1297 1205; x_wconf 90' lang='lat' dir='ltr'>termissa</span> <span class='ocrx_word' id='word_1_115' title='bbox 1306 1144 1439 1206; x_wconf 81' lang='lat' dir='ltr'>fuerant.</span> <span class='ocrx_word' id='word_1_116' title='bbox 1463 1144 1560 1206; x_wconf 88' lang='lat' dir='ltr'>Porro</span> <span class='ocrx_word' id='word_1_117' title='bbox 1573 1143 1735 1222; x_wconf 77' lang='lat' dir='ltr'>Gregorius</span> <span class='ocrx_word' id='word_1_118' title='bbox 1746 1141 1778 1203; x_wconf 91' lang='lat' dir='ltr'>in</span> <span class='ocrx_word' id='word_1_119' title='bbox 1789 1160 1889 1220; x_wconf 83' lang='lat' dir='ltr'>sequen</span> 
     </span>
    </p>
   </div>
   <div class='ocr_carea' id='block_1_3' title="bbox 254 1231 1949 1314">
    <p class='ocr_par' dir='ltr' id='par_1_4' title="bbox 254 1231 1949 1314">
     <span class='ocr_line' id='line_1_11' title="bbox 254 1231 1949 1314; baseline 0.003 -24"><span class='ocrx_word' id='word_1_120' title='bbox 254 1246 256 1253; x_wconf 72' lang='grc'>’</span> <span class='ocrx_word' id='word_1_121' title='bbox 334 1247 399 1290; x_wconf 84' lang='grc' dir='ltr'>ιιοιι</span> <span class='ocrx_word' id='word_1_122' title='bbox 412 1231 556 1309; x_wconf 79' lang='lat' dir='ltr'>vulgares</span> <span class='ocrx_word' id='word_1_123' title='bbox 568 1231 710 1292; x_wconf 88' lang='lat' dir='ltr'>homines</span> <span class='ocrx_word' id='word_1_124' title='bbox 720 1232 884 1293; x_wconf 87' lang='lat' dir='ltr'>delectatos</span> <span class='ocrx_word' id='word_1_125' title='bbox 895 1250 960 1293; x_wconf 88' lang='lat' dir='ltr'>esse</span> <span class='ocrx_word' id='word_1_126' title='bbox 968 1232 1107 1293; x_wconf 89' lang='lat' dir='ltr'>testisest</span> <span class='ocrx_word' id='word_1_127' title='bbox 1154 1234 1238 1296; x_wconf 90' lang='lat' dir='ltr'>tibus</span> <span class='ocrx_word' id='word_1_128' title='bbox 1251 1235 1391 1297; x_wconf 85' lang='lat' dir='ltr'>alimenti</span> <span class='ocrx_word' id='word_1_129' title='bbox 1405 1253 1503 1314; x_wconf 80' lang='lat' dir='ltr'>genus</span> <span class='ocrx_word' id='word_1_130' title='bbox 1520 1235 1598 1297; x_wconf 92' lang='lat' dir='ltr'>illud</span> <span class='ocrx_word' id='word_1_131' title='bbox 1622 1234 1661 1295; x_wconf 88' lang='lat' dir='ltr'>ab</span> <span class='ocrx_word' id='word_1_132' title='bbox 1685 1253 1743 1296; x_wconf 92' lang='lat' dir='ltr'>usu</span> <span class='ocrx_word' id='word_1_133' title='bbox 1757 1251 1889 1314; x_wconf 85' lang='lat' dir='ltr'>corporum</span> <span class='ocrx_word' id='word_1_134' title='bbox 1948 1252 1949 1305; x_wconf 73' lang='grc' dir='ltr'>ι</span> 
     </span>
    </p>
   </div>
   <div class='ocr_carea' id='block_1_4' title="bbox 187 1872 287 1982">
    <p class='ocr_par' dir='ltr' id='par_1_5' title="bbox 187 1872 287 1982">
     <span class='ocr_line' id='line_1_12' title="bbox 187 1872 287 1982; baseline -0.02 -12"><span class='ocrx_word' id='word_1_135' title='bbox 187 1872 287 1982; x_wconf 75' lang='lat' dir='ltr'>erar</span> 
     </span>
    </p>
   </div>
   <div class='ocr_carea' id='block_1_5' title="bbox 334 1322 1949 1958">
    <p class='ocr_par' dir='ltr' id='par_1_6' title="bbox 334 1310 1949 1965">
     <span class='ocr_line' id='line_1_13' title="bbox 334 1322 1890 1407; baseline 0.001 -25"><span class='ocrx_word' id='word_1_136' title='bbox 334 1322 560 1402; x_wconf 77' lang='lat' dir='ltr'>Augustinus²t</span> <span class='ocrx_word' id='word_1_137' title='bbox 601 1348 615 1377; x_wconf 76' lang='grc' dir='ltr'><strong>α</strong></span> <span class='ocrx_word' id='word_1_138' title='bbox 641 1324 797 1400; x_wconf 85' lang='lat' dir='ltr'>Quamvis,</span> <span class='ocrx_word' id='word_1_139' title='bbox 819 1324 931 1404; x_wconf 88' lang='lat' dir='ltr'>inquit,</span> <span class='ocrx_word' id='word_1_140' title='bbox 947 1323 1103 1393; x_wconf 86' lang='lat' dir='ltr'>nonnulli,</span> <span class='ocrx_word' id='word_1_141' title='bbox 1154 1332 1332 1403; x_wconf 89' lang='lat' dir='ltr'>remotum,</span> <span class='ocrx_word' id='word_1_142' title='bbox 1361 1332 1393 1388; x_wconf 91' lang='lat' dir='ltr'>et</span> <span class='ocrx_word' id='word_1_143' title='bbox 1423 1326 1550 1407; x_wconf 86' lang='lat' dir='ltr'>spiritus</span> <span class='ocrx_word' id='word_1_144' title='bbox 1583 1327 1761 1407; x_wconf 89' lang='lat' dir='ltr'>proprium,</span> <span class='ocrx_word' id='word_1_145' title='bbox 1786 1326 1890 1386; x_wconf 86' lang='lat' dir='ltr'>illustrat</span> 
     </span>
     <span class='ocr_line' id='line_1_14' title="bbox 334 1415 1891 1498; baseline 0.002 -23"><span class='ocrx_word' id='word_1_146' title='bbox 334 1415 478 1494; x_wconf 91' lang='lat' dir='ltr'>nequehi</span> <span class='ocrx_word' id='word_1_147' title='bbox 490 1415 735 1495; x_wconf 78' lang='lat' dir='ltr'>contemptibiles</span> <span class='ocrx_word' id='word_1_148' title='bbox 748 1415 848 1476; x_wconf 84' lang='lat' dir='ltr'>divini</span> <span class='ocrx_word' id='word_1_149' title='bbox 862 1416 976 1497; x_wconf 90' lang='lat' dir='ltr'>eloquii</span> <span class='ocrx_word' id='word_1_150' title='bbox 989 1419 1105 1478; x_wconf 68' lang='lat' dir='ltr'>naem—</span> <span class='ocrx_word' id='word_1_151' title='bbox 1157 1418 1327 1498; x_wconf 80' lang='lat' dir='ltr'>Scripturae</span> <span class='ocrx_word' id='word_1_152' title='bbox 1342 1417 1528 1480; x_wconf 83' lang='lat' dir='ltr'>testimoniis</span> <span class='ocrx_word' id='word_1_153' title='bbox 1542 1418 1681 1497; x_wconf 87' lang='lat' dir='ltr'>aliquot;</span> <span class='ocrx_word' id='word_1_154' title='bbox 1700 1417 1891 1497; x_wconf 79' lang='lat' dir='ltr'>itidemquece</span> 
     </span>
     <span class='ocr_line' id='line_1_15' title="bbox 334 1507 1949 1591; baseline 0.001 -24"><span class='ocrx_word' id='word_1_155' title='bbox 334 1510 427 1581; x_wconf 88' lang='lat' dir='ltr'>tores,</span> <span class='ocrx_word' id='word_1_156' title='bbox 441 1507 529 1568; x_wconf 92' lang='lat' dir='ltr'>nullo</span> <span class='ocrx_word' id='word_1_157' title='bbox 542 1507 695 1588; x_wconf 86' lang='lat' dir='ltr'>ejusmodi</span> <span class='ocrx_word' id='word_1_158' title='bbox 708 1508 791 1569; x_wconf 82' lang='lat' dir='ltr'>victu</span> <span class='ocrx_word' id='word_1_159' title='bbox 808 1526 860 1569; x_wconf 91' lang='lat' dir='ltr'>eos</span> <span class='ocrx_word' id='word_1_160' title='bbox 873 1507 1041 1588; x_wconf 79' lang='lat' dir='ltr'>indiguisse</span> <span class='ocrx_word' id='word_1_161' title='bbox 1053 1525 1107 1590; x_wconf 79' lang='lat' dir='ltr'>po</span> <span class='ocrx_word' id='word_1_162' title='bbox 1155 1511 1220 1590; x_wconf 88' lang='lat' dir='ltr'>pite</span> <span class='ocrx_word' id='word_1_163' title='bbox 1234 1512 1374 1591; x_wconf 84' lang='lat' dir='ltr'>sequenti</span> <span class='ocrx_word' id='word_1_164' title='bbox 1388 1511 1427 1573; x_wconf 92' lang='lat' dir='ltr'>de</span> <span class='ocrx_word' id='word_1_165' title='bbox 1439 1510 1550 1572; x_wconf 89' lang='lat' dir='ltr'>arbore</span> <span class='ocrx_word' id='word_1_166' title='bbox 1561 1508 1646 1587; x_wconf 75' lang='lat' dir='ltr'>vite,</span> <span class='ocrx_word' id='word_1_167' title='bbox 1661 1509 1892 1571; x_wconf 81' lang='lat' dir='ltr'>necnonscientie</span> <span class='ocrx_word' id='word_1_168' title='bbox 1948 1552 1949 1569; x_wconf 55' lang='grc' dir='ltr'>ι</span> 
     </span>
     <span class='ocr_line' id='line_1_16' title="bbox 334 1598 1890 1682; baseline 0.001 -23"><span class='ocrx_word' id='word_1_169' title='bbox 334 1598 396 1660; x_wconf 87' lang='lat' dir='ltr'>tius</span> <span class='ocrx_word' id='word_1_170' title='bbox 410 1600 746 1679; x_wconf 87' lang='lat' dir='ltr'>opinentur,uteasola</span> <span class='ocrx_word' id='word_1_171' title='bbox 754 1601 789 1662; x_wconf 93' lang='lat' dir='ltr'>in</span> <span class='ocrx_word' id='word_1_172' title='bbox 800 1600 1104 1680; x_wconf 82' lang='lat' dir='ltr'>Paradisovoluptas,</span> <span class='ocrx_word' id='word_1_173' title='bbox 1155 1602 1256 1663; x_wconf 85' lang='lat' dir='ltr'>multa</span> <span class='ocrx_word' id='word_1_174' title='bbox 1265 1603 1478 1682; x_wconf 87' lang='lat' dir='ltr'>superioribus</span> <span class='ocrx_word' id='word_1_175' title='bbox 1491 1602 1890 1682; x_wconf 84' lang='lat' dir='ltr'>illisconsentaneadisputat,</span> 
     </span>
     <span class='ocr_line' id='line_1_17' title="bbox 335 1691 1949 1774; baseline 0.002 -22"><span class='ocrx_word' id='word_1_176' title='bbox 335 1691 384 1753; x_wconf 91' lang='lat' dir='ltr'>vel</span> <span class='ocrx_word' id='word_1_177' title='bbox 404 1691 553 1754; x_wconf 85' lang='lat' dir='ltr'>alimonia</span> <span class='ocrx_word' id='word_1_178' title='bbox 578 1692 770 1755; x_wconf 83' lang='lat' dir='ltr'>existimetur</span> <span class='ocrx_word' id='word_1_179' title='bbox 792 1692 899 1771; x_wconf 87' lang='lat' dir='ltr'>fuisse,</span> <span class='ocrx_word' id='word_1_180' title='bbox 928 1711 990 1773; x_wconf 87' lang='lat' dir='ltr'>qua</span> <span class='ocrx_word' id='word_1_181' title='bbox 1006 1693 1106 1754; x_wconf 86' lang='lat' dir='ltr'>deleo·</span> <span class='ocrx_word' id='word_1_182' title='bbox 1156 1713 1226 1774; x_wconf 85' lang='lat' dir='ltr'>quae</span> <span class='ocrx_word' id='word_1_183' title='bbox 1250 1713 1326 1756; x_wconf 91' lang='lat' dir='ltr'>sane</span> <span class='ocrx_word' id='word_1_184' title='bbox 1349 1713 1388 1756; x_wconf 86' lang='lat' dir='ltr'>ex</span> <span class='ocrx_word' id='word_1_185' title='bbox 1415 1694 1558 1774; x_wconf 80' lang='lat' dir='ltr'>Origenis</span> <span class='ocrx_word' id='word_1_186' title='bbox 1579 1694 1796 1756; x_wconf 83' lang='lat' dir='ltr'>consuetudine</span> <span class='ocrx_word' id='word_1_187' title='bbox 1812 1694 1892 1773; x_wconf 84' lang='lat' dir='ltr'>Scrip-</span> <span class='ocrx_word' id='word_1_188' title='bbox 1948 1696 1949 1703; x_wconf 74' lang='grc'>’</span> 
     </span>
     <span class='ocr_line' id='line_1_18' title="bbox 335 1783 1893 1866; baseline 0.001 -22"><span class='ocrx_word' id='word_1_189' title='bbox 335 1787 453 1861; x_wconf 89' lang='lat' dir='ltr'>tantur,</span> <span class='ocrx_word' id='word_1_190' title='bbox 469 1789 501 1845; x_wconf 91' lang='lat' dir='ltr'>et</span> <span class='ocrx_word' id='word_1_191' title='bbox 513 1784 641 1846; x_wconf 85' lang='lat' dir='ltr'>aluntur</span> <span class='ocrx_word' id='word_1_192' title='bbox 654 1786 748 1847; x_wconf 86' lang='lat' dir='ltr'>corda</span> <span class='ocrx_word' id='word_1_193' title='bbox 760 1783 990 1866; x_wconf 77' lang='lat' dir='ltr'>sapientium.»</span> <span class='ocrx_word' id='word_1_194' title='bbox 1156 1790 1239 1848; x_wconf 89' lang='lat' dir='ltr'>tores</span> <span class='ocrx_word' id='word_1_195' title='bbox 1264 1786 1310 1847; x_wconf 91' lang='lat' dir='ltr'>illi</span> <span class='ocrx_word' id='word_1_196' title='bbox 1337 1786 1521 1866; x_wconf 81' lang='lat' dir='ltr'>expressisse</span> <span class='ocrx_word' id='word_1_197' title='bbox 1539 1786 1697 1849; x_wconf 82' lang='lat' dir='ltr'>videntur.</span> <span class='ocrx_word' id='word_1_198' title='bbox 1717 1787 1770 1848; x_wconf 87' lang='lat' dir='ltr'>Hic</span> <span class='ocrx_word' id='word_1_199' title='bbox 1786 1785 1893 1848; x_wconf 90' lang='lat' dir='ltr'>enimad</span> 
     </span>
     <span class='ocr_line' id='line_1_19' title="bbox 375 1876 1894 1958; baseline 0.003 -22"><span class='ocrx_word' id='word_1_200' title='bbox 375 1878 469 1937; x_wconf 91' lang='lat' dir='ltr'>II.Ita</span> <span class='ocrx_word' id='word_1_201' title='bbox 482 1877 577 1938; x_wconf 88' lang='lat' dir='ltr'>sensit</span> <span class='ocrx_word' id='word_1_202' title='bbox 591 1878 757 1958; x_wconf 81' lang='lat' dir='ltr'>Gregorius</span> <span class='ocrx_word' id='word_1_203' title='bbox 775 1876 978 1957; x_wconf 79' lang='lat' dir='ltr'>Nyssenusin</span> <span class='ocrx_word' id='word_1_204' title='bbox 992 1878 1108 1937; x_wconf 85' lang='lat' dir='ltr'>Catena</span> <span class='ocrx_word' id='word_1_205' title='bbox 1154 1878 1494 1958; x_wconf 85' lang='lat' dir='ltr'>tropos,etspirituales</span> <span class='ocrx_word' id='word_1_206' title='bbox 1511 1897 1619 1940; x_wconf 89' lang='lat' dir='ltr'>sensus</span> <span class='ocrx_word' id='word_1_207' title='bbox 1632 1884 1731 1940; x_wconf 81' lang='lat' dir='ltr'>totam</span> <span class='ocrx_word' id='word_1_208' title='bbox 1740 1876 1816 1940; x_wconf 86' lang='lat' dir='ltr'>illam</span> <span class='ocrx_word' id='word_1_209' title='bbox 1826 1879 1894 1940; x_wconf 76' lang='lat' dir='ltr'>uass</span> 
     </span>
    </p>
   </div>
   <div class='ocr_carea' id='block_1_6' title="bbox 171 1967 1949 2069">
    <p class='ocr_par' dir='ltr' id='par_1_7' title="bbox 171 1967 1949 2069">
     <span class='ocr_line' id='line_1_20' title="bbox 171 1967 1949 2069; baseline 0.007 -46"><span class='ocrx_word' id='word_1_210' title='bbox 171 1980 267 2024; x_wconf 74' lang='lat' dir='ltr'>ariorum</span> <span class='ocrx_word' id='word_1_211' title='bbox 284 1990 313 2024; x_wconf 74' lang='lat' dir='ltr'>ue</span> <span class='ocrx_word' id='word_1_212' title='bbox 337 1967 443 2028; x_wconf 87' lang='lat' dir='ltr'>Graeca</span> <span class='ocrx_word' id='word_1_213' title='bbox 453 1968 575 2044; x_wconf 89' lang='lat' dir='ltr'>citatus,</span> <span class='ocrx_word' id='word_1_214' title='bbox 590 1968 848 2049; x_wconf 84' lang='lat' dir='ltr'>quipercontanti</span> <span class='ocrx_word' id='word_1_215' title='bbox 861 1968 914 2046; x_wconf 87' lang='lat' dir='ltr'>sic,</span> <span class='ocrx_word' id='word_1_216' title='bbox 928 1987 984 2030; x_wconf 91' lang='lat' dir='ltr'>cur</span> <span class='ocrx_word' id='word_1_217' title='bbox 997 1969 1105 2045; x_wconf 92' lang='lat' dir='ltr'>homo,</span> <span class='ocrx_word' id='word_1_218' title='bbox 1157 1969 1319 2030; x_wconf 88' lang='lat' dir='ltr'>historiam</span> <span class='ocrx_word' id='word_1_219' title='bbox 1332 1969 1495 2032; x_wconf 84' lang='lat' dir='ltr'>referebat.</span> <span class='ocrx_word' id='word_1_220' title='bbox 1948 2002 1949 2069; x_wconf 54' lang='lat' dir='ltr'>p</span> 
     </span>
    </p>
   </div>
   <div class='ocr_carea' id='block_1_7' title="bbox 182 1991 293 2140">
    <p class='ocr_par' dir='ltr' id='par_1_8' title="bbox 182 1991 293 2140">
     <span class='ocr_line' id='line_1_21' title="bbox 182 1991 293 2077; baseline 0 -1"><span class='ocrx_word' id='word_1_221' title='bbox 182 1991 293 2077; x_wconf 57' lang='lat' dir='ltr'>marsalla</span> 
     </span>
     <span class='ocr_line' id='line_1_22' title="bbox 195 2096 280 2140; baseline 0.012 -12"><span class='ocrx_word' id='word_1_222' title='bbox 195 2096 280 2140; x_wconf 71' lang='lat' dir='ltr'>negans</span> 
     </span>
    </p>
   </div>
   <div class='ocr_carea' id='block_1_8' title="bbox 87 2138 297 2183">
    <p class='ocr_par' dir='ltr' id='par_1_9' title="bbox 87 2138 297 2183">
     <span class='ocr_line' id='line_1_23' title="bbox 87 2138 297 2183; baseline 0.01 -2"><span class='ocrx_word' id='word_1_223' title='bbox 87 2142 93 2154; x_wconf 92' lang='lat'>&#39;</span> <span class='ocrx_word' id='word_1_224' title='bbox 179 2138 297 2183; x_wconf 67' lang='lat' dir='ltr'>uruntur.</span> 
     </span>
    </p>
   </div>
   <div class='ocr_carea' id='block_1_9' title="bbox 230 3068 1949 3155">
    <p class='ocr_par' dir='ltr' id='par_1_10' title="bbox 230 3068 1949 3155">
     <span class='ocr_line' id='line_1_24' title="bbox 230 3068 1949 3155; baseline 0.003 -29"><span class='ocrx_word' id='word_1_225' title='bbox 230 3142 237 3151; x_wconf 19' lang='grc' dir='ltr'><em>ν</em></span> <span class='ocrx_word' id='word_1_226' title='bbox 333 3073 524 3148; x_wconf 89' lang='lat' dir='ltr'>praecaptum</span> <span class='ocrx_word' id='word_1_227' title='bbox 549 3068 587 3129; x_wconf 88' lang='lat' dir='ltr'>de</span> <span class='ocrx_word' id='word_1_228' title='bbox 610 3087 676 3129; x_wconf 89' lang='lat' dir='ltr'>non</span> <span class='ocrx_word' id='word_1_229' title='bbox 699 3068 819 3129; x_wconf 89' lang='lat' dir='ltr'>edendo</span> <span class='ocrx_word' id='word_1_230' title='bbox 849 3068 952 3130; x_wconf 84' lang='lat' dir='ltr'>fructu</span> <span class='ocrx_word' id='word_1_231' title='bbox 988 3069 1107 3129; x_wconf 88' lang='lat' dir='ltr'>arboris</span> <span class='ocrx_word' id='word_1_232' title='bbox 1156 3091 1248 3134; x_wconf 90' lang='lat' dir='ltr'>usum</span> <span class='ocrx_word' id='word_1_233' title='bbox 1266 3074 1306 3135; x_wconf 88' lang='lat' dir='ltr'>ad</span> <span class='ocrx_word' id='word_1_234' title='bbox 1323 3074 1503 3152; x_wconf 80' lang='lat' dir='ltr'>allegoricas</span> <span class='ocrx_word' id='word_1_235' title='bbox 1522 3075 1788 3155; x_wconf 87' lang='lat' dir='ltr'>interpretationes</span> <span class='ocrx_word' id='word_1_236' title='bbox 1804 3089 1898 3134; x_wconf 79' lang='lat' dir='ltr'>amon·</span> <span class='ocrx_word' id='word_1_237' title='bbox 1948 3090 1949 3117; x_wconf 54' lang='grc' dir='ltr'>ι</span> 
     </span>
    </p>
   </div>
   <div class='ocr_carea' id='block_1_10' title="bbox 333 2059 1949 4719">
    <p class='ocr_par' dir='ltr' id='par_1_11' title="bbox 333 2059 1949 4613">
     <span class='ocr_line' id='line_1_25' title="bbox 336 2059 1949 2144; baseline 0.005 -23"><span class='ocrx_word' id='word_1_238' title='bbox 336 2077 409 2121; x_wconf 87' lang='lat' dir='ltr'>cum</span> <span class='ocrx_word' id='word_1_239' title='bbox 421 2059 606 2121; x_wconf 89' lang='lat' dir='ltr'>immortalis</span> <span class='ocrx_word' id='word_1_240' title='bbox 628 2066 717 2138; x_wconf 90' lang='lat' dir='ltr'>esset,</span> <span class='ocrx_word' id='word_1_241' title='bbox 746 2060 908 2123; x_wconf 88' lang='lat' dir='ltr'>comedere</span> <span class='ocrx_word' id='word_1_242' title='bbox 928 2067 975 2123; x_wconf 89' lang='lat' dir='ltr'>est</span> <span class='ocrx_word' id='word_1_243' title='bbox 983 2062 1106 2140; x_wconf 84' lang='lat' dir='ltr'>jussus3</span> <span class='ocrx_word' id='word_1_244' title='bbox 1195 2060 1246 2124; x_wconf 83' lang='grc' dir='ltr'><strong>ΙΙΙ.</strong></span> <span class='ocrx_word' id='word_1_245' title='bbox 1261 2063 1374 2124; x_wconf 85' lang='lat' dir='ltr'>Praeter</span> <span class='ocrx_word' id='word_1_246' title='bbox 1387 2062 1573 2142; x_wconf 79' lang='lat' dir='ltr'>Gregorium</span> <span class='ocrx_word' id='word_1_247' title='bbox 1592 2064 1776 2144; x_wconf 80' lang='lat' dir='ltr'>Nyssenum,</span> <span class='ocrx_word' id='word_1_248' title='bbox 1790 2061 1895 2123; x_wconf 80' lang='lat' dir='ltr'>tonna</span> <span class='ocrx_word' id='word_1_249' title='bbox 1948 2082 1949 2129; x_wconf 71' lang='lat'>1</span> 
     </span>
     <span class='ocr_line' id='line_1_26' title="bbox 335 2144 1949 2234; baseline 0.001 -22"><span class='ocrx_word' id='word_1_250' title='bbox 335 2152 512 2233; x_wconf 87' lang='lat' dir='ltr'>respondet,</span> <span class='ocrx_word' id='word_1_251' title='bbox 541 2150 725 2232; x_wconf 88' lang='lat' dir='ltr'>neutiquam</span> <span class='ocrx_word' id='word_1_252' title='bbox 752 2153 792 2214; x_wconf 89' lang='lat' dir='ltr'>ad</span> <span class='ocrx_word' id='word_1_253' title='bbox 823 2170 958 2232; x_wconf 83' lang='lat' dir='ltr'>praesens</span> <span class='ocrx_word' id='word_1_254' title='bbox 982 2158 1107 2232; x_wconf 86' lang='lat' dir='ltr'>tempus</span> <span class='ocrx_word' id='word_1_255' title='bbox 1156 2172 1282 2234; x_wconf 89' lang='lat' dir='ltr'>quoque</span> <span class='ocrx_word' id='word_1_256' title='bbox 1298 2155 1506 2216; x_wconf 83' lang='lat' dir='ltr'>Damascenus</span> <span class='ocrx_word' id='word_1_257' title='bbox 1523 2155 1607 2217; x_wconf 91' lang='lat' dir='ltr'>idem</span> <span class='ocrx_word' id='word_1_258' title='bbox 1632 2156 1814 2217; x_wconf 81' lang='lat' dir='ltr'>existimasse</span> <span class='ocrx_word' id='word_1_259' title='bbox 1831 2153 1894 2215; x_wconf 85' lang='lat' dir='ltr'>ride·</span> <span class='ocrx_word' id='word_1_260' title='bbox 1948 2144 1949 2227; x_wconf 74' lang='lat' dir='ltr'>l</span> 
     </span>
     <span class='ocr_line' id='line_1_27' title="bbox 335 2232 1949 2326; baseline 0.001 -22"><span class='ocrx_word' id='word_1_261' title='bbox 335 2243 421 2304; x_wconf 91' lang='lat' dir='ltr'>illam</span> <span class='ocrx_word' id='word_1_262' title='bbox 447 2244 559 2306; x_wconf 90' lang='lat' dir='ltr'>edendi</span> <span class='ocrx_word' id='word_1_263' title='bbox 581 2244 738 2306; x_wconf 88' lang='lat' dir='ltr'>licentiam</span> <span class='ocrx_word' id='word_1_264' title='bbox 758 2244 925 2325; x_wconf 87' lang='lat' dir='ltr'>pertinere,</span> <span class='ocrx_word' id='word_1_265' title='bbox 941 2244 994 2306; x_wconf 90' lang='lat' dir='ltr'>sed</span> <span class='ocrx_word' id='word_1_266' title='bbox 1007 2246 1107 2305; x_wconf 82' lang='lat' dir='ltr'>ileum</span> <span class='ocrx_word' id='word_1_267' title='bbox 1155 2251 1219 2323; x_wconf 91' lang='lat' dir='ltr'>tur,</span> <span class='ocrx_word' id='word_1_268' title='bbox 1240 2251 1276 2307; x_wconf 90' lang='lat' dir='ltr'>ut</span> <span class='ocrx_word' id='word_1_269' title='bbox 1291 2265 1330 2308; x_wconf 89' lang='lat' dir='ltr'>ex</span> <span class='ocrx_word' id='word_1_270' title='bbox 1351 2247 1431 2308; x_wconf 91' lang='lat' dir='ltr'>libro</span> <span class='ocrx_word' id='word_1_271' title='bbox 1450 2249 1586 2309; x_wconf 87' lang='lat' dir='ltr'>secundo</span> <span class='ocrx_word' id='word_1_272' title='bbox 1606 2245 1642 2309; x_wconf 82' lang='lat' dir='ltr'>de</span> <span class='ocrx_word' id='word_1_273' title='bbox 1660 2247 1744 2316; x_wconf 81' lang='lat' dir='ltr'>Fide,</span> <span class='ocrx_word' id='word_1_274' title='bbox 1759 2246 1845 2326; x_wconf 87' lang='lat' dir='ltr'>capite</span> <span class='ocrx_word' id='word_1_275' title='bbox 1855 2264 1896 2306; x_wconf 89' lang='lat' dir='ltr'>uu·</span> <span class='ocrx_word' id='word_1_276' title='bbox 1948 2232 1949 2255; x_wconf 59' lang='lat'>¹</span> 
     </span>
     <span class='ocr_line' id='line_1_28' title="bbox 336 2335 1949 2429; baseline 0.002 -32"><span class='ocrx_word' id='word_1_277' title='bbox 336 2335 523 2397; x_wconf 84' lang='lat' dir='ltr'>infuturum</span> <span class='ocrx_word' id='word_1_278' title='bbox 539 2336 720 2416; x_wconf 86' lang='lat' dir='ltr'>providisse,</span> <span class='ocrx_word' id='word_1_279' title='bbox 743 2355 805 2416; x_wconf 91' lang='lat' dir='ltr'>quo</span> <span class='ocrx_word' id='word_1_280' title='bbox 818 2337 991 2398; x_wconf 90' lang='lat' dir='ltr'>secundum</span> <span class='ocrx_word' id='word_1_281' title='bbox 1004 2355 1108 2418; x_wconf 86' lang='lat' dir='ltr'>pecca·</span> <span class='ocrx_word' id='word_1_282' title='bbox 1156 2337 1276 2400; x_wconf 88' lang='lat' dir='ltr'>decimo</span> <span class='ocrx_word' id='word_1_283' title='bbox 1303 2345 1433 2401; x_wconf 88' lang='lat' dir='ltr'>constat.</span> <span class='ocrx_word' id='word_1_284' title='bbox 1452 2338 1501 2400; x_wconf 92' lang='lat' dir='ltr'>Ibi</span> <span class='ocrx_word' id='word_1_285' title='bbox 1521 2339 1603 2402; x_wconf 88' lang='lat' dir='ltr'>enim</span> <span class='ocrx_word' id='word_1_286' title='bbox 1623 2338 1896 2420; x_wconf 82' lang='lat' dir='ltr'>Paradisumpartim</span> <span class='ocrx_word' id='word_1_287' title='bbox 1948 2404 1949 2429; x_wconf 15' lang='grc' dir='ltr'><strong>χ</strong></span> 
     </span>
     <span class='ocr_line' id='line_1_29' title="bbox 335 2427 1897 2513; baseline 0.001 -27"><span class='ocrx_word' id='word_1_288' title='bbox 335 2433 403 2488; x_wconf 89' lang='lat' dir='ltr'>tum</span> <span class='ocrx_word' id='word_1_289' title='bbox 431 2427 570 2489; x_wconf 85' lang='lat' dir='ltr'>mortalis</span> <span class='ocrx_word' id='word_1_290' title='bbox 589 2427 657 2507; x_wconf 86' lang='lat' dir='ltr'>jam</span> <span class='ocrx_word' id='word_1_291' title='bbox 682 2428 791 2504; x_wconf 87' lang='lat' dir='ltr'>factus,</span> <span class='ocrx_word' id='word_1_292' title='bbox 814 2447 893 2509; x_wconf 89' lang='lat' dir='ltr'>opus</span> <span class='ocrx_word' id='word_1_293' title='bbox 914 2429 1042 2490; x_wconf 88' lang='lat' dir='ltr'>baberet</span> <span class='ocrx_word' id='word_1_294' title='bbox 1055 2428 1107 2489; x_wconf 90' lang='lat' dir='ltr'>ali·</span> <span class='ocrx_word' id='word_1_295' title='bbox 1156 2429 1298 2492; x_wconf 89' lang='lat' dir='ltr'>sensibile</span> <span class='ocrx_word' id='word_1_296' title='bbox 1324 2431 1473 2510; x_wconf 84' lang='lat' dir='ltr'>quiddam</span> <span class='ocrx_word' id='word_1_297' title='bbox 1497 2431 1540 2492; x_wconf 88' lang='lat' dir='ltr'>ait</span> <span class='ocrx_word' id='word_1_298' title='bbox 1563 2431 1667 2507; x_wconf 87' lang='lat' dir='ltr'>fuisse,</span> <span class='ocrx_word' id='word_1_299' title='bbox 1690 2432 1798 2513; x_wconf 87' lang='lat' dir='ltr'>pa1tim</span> <span class='ocrx_word' id='word_1_300' title='bbox 1808 2428 1897 2492; x_wconf 84' lang='lat' dir='ltr'>inteli-</span> 
     </span>
     <span class='ocr_line' id='line_1_30' title="bbox 335 2520 1897 2602; baseline 0.001 -21"><span class='ocrx_word' id='word_1_301' title='bbox 335 2524 452 2582; x_wconf 89' lang='lat' dir='ltr'>mento.</span> <span class='ocrx_word' id='word_1_302' title='bbox 466 2520 516 2581; x_wconf 84' lang='lat' dir='ltr'>Sic</span> <span class='ocrx_word' id='word_1_303' title='bbox 524 2520 619 2581; x_wconf 86' lang='lat' dir='ltr'>etiam</span> <span class='ocrx_word' id='word_1_304' title='bbox 628 2520 839 2583; x_wconf 84' lang='lat' dir='ltr'>Theodoretus</span> <span class='ocrx_word' id='word_1_305' title='bbox 848 2521 1108 2601; x_wconf 81' lang='lat' dir='ltr'>qnaestionexxrn</span> <span class='ocrx_word' id='word_1_306' title='bbox 1156 2520 1260 2602; x_wconf 82' lang='lat' dir='ltr'>gibilc.</span> <span class='ocrx_word' id='word_1_307' title='bbox 1282 2523 1362 2585; x_wconf 91' lang='lat' dir='ltr'>Nam</span> <span class='ocrx_word' id='word_1_308' title='bbox 1379 2523 1465 2585; x_wconf 90' lang='lat' dir='ltr'>locus</span> <span class='ocrx_word' id='word_1_309' title='bbox 1479 2542 1589 2585; x_wconf 87' lang='lat' dir='ltr'>revera</span> <span class='ocrx_word' id='word_1_310' title='bbox 1601 2524 1673 2601; x_wconf 88' lang='lat' dir='ltr'>fuit,</span> <span class='ocrx_word' id='word_1_311' title='bbox 1696 2530 1728 2586; x_wconf 89' lang='lat' dir='ltr'>et</span> <span class='ocrx_word' id='word_1_312' title='bbox 1738 2522 1897 2586; x_wconf 82' lang='lat' dir='ltr'>domicilium</span> 
     </span>
     <span class='ocr_line' id='line_1_31' title="bbox 336 2609 1949 2696; baseline 0.002 -25"><span class='ocrx_word' id='word_1_313' title='bbox 336 2610 371 2673; x_wconf 81' lang='lat' dir='ltr'>iu</span> <span class='ocrx_word' id='word_1_314' title='bbox 386 2609 530 2689; x_wconf 84' lang='lat' dir='ltr'>Genesim,</span> <span class='ocrx_word' id='word_1_315' title='bbox 546 2612 601 2692; x_wconf 91' lang='lat' dir='ltr'>qui</span> <span class='ocrx_word' id='word_1_316' title='bbox 609 2611 668 2673; x_wconf 90' lang='lat' dir='ltr'>hoc</span> <span class='ocrx_word' id='word_1_317' title='bbox 677 2611 780 2672; x_wconf 90' lang='lat' dir='ltr'>addit:</span> <span class='ocrx_word' id='word_1_318' title='bbox 795 2633 810 2671; x_wconf 84' lang='lat' dir='ltr'>r</span> <span class='ocrx_word' id='word_1_319' title='bbox 824 2612 946 2674; x_wconf 87' lang='lat' dir='ltr'>Mortali</span> <span class='ocrx_word' id='word_1_320' title='bbox 958 2619 1107 2674; x_wconf 75' lang='lat' dir='ltr'>creature</span> <span class='ocrx_word' id='word_1_321' title='bbox 1155 2614 1330 2694; x_wconf 90' lang='lat' dir='ltr'>primorum</span> <span class='ocrx_word' id='word_1_322' title='bbox 1355 2620 1532 2696; x_wconf 85' lang='lat' dir='ltr'>parentum,</span> <span class='ocrx_word' id='word_1_323' title='bbox 1561 2615 1595 2676; x_wconf 91' lang='lat' dir='ltr'>in</span> <span class='ocrx_word' id='word_1_324' title='bbox 1623 2635 1688 2696; x_wconf 89' lang='lat' dir='ltr'>quo</span> <span class='ocrx_word' id='word_1_325' title='bbox 1712 2616 1795 2678; x_wconf 81' lang='lat' dir='ltr'>nulla</span> <span class='ocrx_word' id='word_1_326' title='bbox 1813 2631 1898 2677; x_wconf 87' lang='lat' dir='ltr'>eoram</span> <span class='ocrx_word' id='word_1_327' title='bbox 1948 2624 1949 2683; x_wconf 58' lang='grc' dir='ltr'>ι</span> 
     </span>
     <span class='ocr_line' id='line_1_32' title="bbox 335 2696 1949 2791; baseline 0.001 -29"><span class='ocrx_word' id='word_1_328' title='bbox 335 2702 440 2763; x_wconf 89' lang='lat' dir='ltr'>eibum</span> <span class='ocrx_word' id='word_1_329' title='bbox 463 2721 530 2765; x_wconf 89' lang='lat' dir='ltr'>esse</span> <span class='ocrx_word' id='word_1_330' title='bbox 557 2704 778 2780; x_wconf 87' lang='lat' dir='ltr'>necessarium,</span> <span class='ocrx_word' id='word_1_331' title='bbox 813 2722 889 2764; x_wconf 92' lang='lat' dir='ltr'>nam</span> <span class='ocrx_word' id='word_1_332' title='bbox 921 2704 1107 2766; x_wconf 88' lang='lat' dir='ltr'>immortalis</span> <span class='ocrx_word' id='word_1_333' title='bbox 1156 2706 1329 2787; x_wconf 90' lang='lat' dir='ltr'>occupatio,</span> <span class='ocrx_word' id='word_1_334' title='bbox 1349 2707 1474 2768; x_wconf 88' lang='lat' dir='ltr'>nullum</span> <span class='ocrx_word' id='word_1_335' title='bbox 1490 2726 1569 2787; x_wconf 91' lang='lat' dir='ltr'>opus</span> <span class='ocrx_word' id='word_1_336' title='bbox 1587 2705 1898 2787; x_wconf 86' lang='lat' dir='ltr'>essetaliud,quanin</span> <span class='ocrx_word' id='word_1_337' title='bbox 1948 2696 1949 2791; x_wconf 65' lang='lat' dir='ltr'>l</span> 
     </span>
     <span class='ocr_line' id='line_1_33' title="bbox 334 2794 1949 2879; baseline 0.001 -24"><span class='ocrx_word' id='word_1_338' title='bbox 334 2800 447 2855; x_wconf 86' lang='lat' dir='ltr'>natura</span> <span class='ocrx_word' id='word_1_339' title='bbox 466 2794 537 2856; x_wconf 91' lang='lat' dir='ltr'>cibo</span> <span class='ocrx_word' id='word_1_340' title='bbox 563 2814 629 2856; x_wconf 91' lang='lat' dir='ltr'>nou</span> <span class='ocrx_word' id='word_1_341' title='bbox 656 2800 763 2875; x_wconf 61' lang='lat' dir='ltr'>egetss.</span> <span class='ocrx_word' id='word_1_342' title='bbox 790 2816 806 2854; x_wconf 84' lang='lat' dir='ltr'>o</span> <span class='ocrx_word' id='word_1_343' title='bbox 838 2795 939 2869; x_wconf 85' lang='lat' dir='ltr'>Quare</span> <span class='ocrx_word' id='word_1_344' title='bbox 961 2796 1107 2857; x_wconf 90' lang='lat' dir='ltr'>nonnulli</span> <span class='ocrx_word' id='word_1_345' title='bbox 1156 2798 1224 2875; x_wconf 88' lang='lat' dir='ltr'>Dei,</span> <span class='ocrx_word' id='word_1_346' title='bbox 1244 2817 1412 2879; x_wconf 87' lang='lat' dir='ltr'>rerumque</span> <span class='ocrx_word' id='word_1_347' title='bbox 1438 2799 1615 2861; x_wconf 74' lang='lat' dir='ltr'>fflvinarm</span> <span class='ocrx_word' id='word_1_348' title='bbox 1635 2800 1898 2879; x_wconf 84' lang='lat' dir='ltr'>contemplationem</span> <span class='ocrx_word' id='word_1_349' title='bbox 1948 2800 1949 2867; x_wconf 61' lang='lat' dir='ltr'>l</span> 
     </span>
     <span class='ocr_line' id='line_1_34' title="bbox 333 2885 1899 2968; baseline 0.001 -21"><span class='ocrx_word' id='word_1_350' title='bbox 333 2885 439 2947; x_wconf 84' lang='lat' dir='ltr'>cibum</span> <span class='ocrx_word' id='word_1_351' title='bbox 463 2886 553 2947; x_wconf 92' lang='lat' dir='ltr'>illum</span> <span class='ocrx_word' id='word_1_352' title='bbox 584 2886 748 2968; x_wconf 81' lang='lat' dir='ltr'>allegorice</span> <span class='ocrx_word' id='word_1_353' title='bbox 778 2887 1044 2966; x_wconf 83' lang='lat' dir='ltr'>interpretantur3</span> <span class='ocrx_word' id='word_1_354' title='bbox 1072 2892 1107 2948; x_wconf 89' lang='lat' dir='ltr'>ut</span> <span class='ocrx_word' id='word_1_355' title='bbox 1155 2888 1276 2951; x_wconf 86' lang='lat' dir='ltr'>intenta</span> <span class='ocrx_word' id='word_1_356' title='bbox 1290 2909 1367 2967; x_wconf 89' lang='lat' dir='ltr'>esse,</span> <span class='ocrx_word' id='word_1_357' title='bbox 1384 2909 1420 2952; x_wconf 88' lang='lat' dir='ltr'>ac</span> <span class='ocrx_word' id='word_1_358' title='bbox 1435 2891 1536 2953; x_wconf 86' lang='lat' dir='ltr'>defixa</span> <span class='ocrx_word' id='word_1_359' title='bbox 1547 2893 1662 2954; x_wconf 86' lang='lat' dir='ltr'>mentis</span> <span class='ocrx_word' id='word_1_360' title='bbox 1674 2891 1825 2953; x_wconf 86' lang='lat' dir='ltr'>scie.ldeo</span> <span class='ocrx_word' id='word_1_361' title='bbox 1833 2887 1899 2949; x_wconf 81' lang='lat' dir='ltr'>orbo</span> 
     </span>
     <span class='ocr_line' id='line_1_35' title="bbox 333 2977 1949 3061; baseline 0.002 -23"><span class='ocrx_word' id='word_1_362' title='bbox 333 2978 515 3040; x_wconf 82' lang='lat' dir='ltr'>Ambrosius</span> <span class='ocrx_word' id='word_1_363' title='bbox 538 2980 571 3040; x_wconf 93' lang='lat' dir='ltr'>in</span> <span class='ocrx_word' id='word_1_364' title='bbox 588 2978 670 3040; x_wconf 88' lang='lat' dir='ltr'>libro</span> <span class='ocrx_word' id='word_1_365' title='bbox 687 2977 880 3040; x_wconf 82' lang='lat' dir='ltr'>dePcrodisc</span> <span class='ocrx_word' id='word_1_366' title='bbox 895 2980 995 3059; x_wconf 86' lang='lat' dir='ltr'>capite</span> <span class='ocrx_word' id='word_1_367' title='bbox 1008 2996 1039 3039; x_wconf 84' lang='lat' dir='ltr'>ix</span> <span class='ocrx_word' id='word_1_368' title='bbox 1053 2979 1107 3059; x_wconf 89' lang='lat' dir='ltr'>qui</span> <span class='ocrx_word' id='word_1_369' title='bbox 1133 2998 1204 3041; x_wconf 85' lang='lat' dir='ltr'>¹res</span> <span class='ocrx_word' id='word_1_370' title='bbox 1229 2981 1298 3043; x_wconf 89' lang='lat' dir='ltr'>illas</span> <span class='ocrx_word' id='word_1_371' title='bbox 1316 2981 1403 3061; x_wconf 86' lang='lat' dir='ltr'>duas,</span> <span class='ocrx_word' id='word_1_372' title='bbox 1432 2984 1516 3061; x_wconf 84' lang='lat' dir='ltr'>vitae,</span> <span class='ocrx_word' id='word_1_373' title='bbox 1545 2990 1576 3044; x_wconf 88' lang='lat' dir='ltr'>et</span> <span class='ocrx_word' id='word_1_374' title='bbox 1601 2983 1746 3057; x_wconf 73' lang='lat' dir='ltr'>scientie,</span> <span class='ocrx_word' id='word_1_375' title='bbox 1767 2989 1797 3044; x_wconf 90' lang='lat' dir='ltr'>et</span> <span class='ocrx_word' id='word_1_376' title='bbox 1815 2996 1898 3042; x_wconf 82' lang='lat' dir='ltr'>saum</span> <span class='ocrx_word' id='word_1_377' title='bbox 1948 3004 1949 3057; x_wconf 67' lang='grc' dir='ltr'>ι</span> 
     </span>
     <span class='ocr_line' id='line_1_36' title="bbox 334 3158 1899 3239; baseline 0.002 -21"><span class='ocrx_word' id='word_1_378' title='bbox 334 3158 480 3233; x_wconf 77' lang='lat' dir='ltr'>scientias,</span> <span class='ocrx_word' id='word_1_379' title='bbox 506 3178 571 3220; x_wconf 91' lang='lat' dir='ltr'>non</span> <span class='ocrx_word' id='word_1_380' title='bbox 593 3164 682 3239; x_wconf 91' lang='lat' dir='ltr'>putat</span> <span class='ocrx_word' id='word_1_381' title='bbox 700 3159 939 3239; x_wconf 82' lang='lat' dir='ltr'>intelligendum</span> <span class='ocrx_word' id='word_1_382' title='bbox 961 3181 977 3220; x_wconf 82' lang='grc' dir='ltr'>ι(</span> <span class='ocrx_word' id='word_1_383' title='bbox 994 3160 1033 3221; x_wconf 90' lang='lat' dir='ltr'>de</span> <span class='ocrx_word' id='word_1_384' title='bbox 1046 3167 1107 3222; x_wconf 89' lang='lat' dir='ltr'>ter·</span> <span class='ocrx_word' id='word_1_385' title='bbox 1155 3166 1272 3239; x_wconf 89' lang='lat' dir='ltr'>modat,</span> <span class='ocrx_word' id='word_1_386' title='bbox 1298 3171 1333 3227; x_wconf 88' lang='lat' dir='ltr'>ut</span> <span class='ocrx_word' id='word_1_387' title='bbox 1359 3166 1520 3227; x_wconf 80' lang='lat' dir='ltr'>comedere</span> <span class='ocrx_word' id='word_1_388' title='bbox 1549 3167 1587 3228; x_wconf 92' lang='lat' dir='ltr'>de</span> <span class='ocrx_word' id='word_1_389' title='bbox 1604 3166 1712 3228; x_wconf 71' lang='lat' dir='ltr'>fructu</span> <span class='ocrx_word' id='word_1_390' title='bbox 1725 3166 1833 3227; x_wconf 89' lang='lat' dir='ltr'>arboris</span> <span class='ocrx_word' id='word_1_391' title='bbox 1846 3164 1899 3223; x_wconf 80' lang='lat' dir='ltr'>vita</span> 
     </span>
     <span class='ocr_line' id='line_1_37' title="bbox 333 3250 1949 3338; baseline 0.002 -28"><span class='ocrx_word' id='word_1_392' title='bbox 333 3268 421 3325; x_wconf 87' lang='lat' dir='ltr'>reno,</span> <span class='ocrx_word' id='word_1_393' title='bbox 430 3257 461 3311; x_wconf 94' lang='lat' dir='ltr'>et</span> <span class='ocrx_word' id='word_1_394' title='bbox 467 3250 660 3331; x_wconf 90' lang='lat' dir='ltr'>corruptibili</span> <span class='ocrx_word' id='word_1_395' title='bbox 667 3251 769 3325; x_wconf 84' lang='lat' dir='ltr'>cibo,n</span> <span class='ocrx_word' id='word_1_396' title='bbox 783 3252 879 3313; x_wconf 80' lang='lat' dir='ltr'>sedda</span> <span class='ocrx_word' id='word_1_397' title='bbox 893 3251 1055 3333; x_wconf 86' lang='lat' dir='ltr'>spirituali,</span> <span class='ocrx_word' id='word_1_398' title='bbox 1067 3252 1106 3313; x_wconf 90' lang='lat' dir='ltr'>de</span> <span class='ocrx_word' id='word_1_399' title='bbox 1154 3257 1234 3318; x_wconf 92' lang='lat' dir='ltr'>nihil</span> <span class='ocrx_word' id='word_1_400' title='bbox 1240 3257 1335 3317; x_wconf 88' lang='lat' dir='ltr'>fuerit</span> <span class='ocrx_word' id='word_1_401' title='bbox 1347 3257 1443 3335; x_wconf 89' lang='lat' dir='ltr'>aliud,</span> <span class='ocrx_word' id='word_1_402' title='bbox 1453 3275 1548 3338; x_wconf 88' lang='lat' dir='ltr'>quam</span> <span class='ocrx_word' id='word_1_403' title='bbox 1556 3259 1657 3319; x_wconf 85' lang='lat' dir='ltr'>Deum</span> <span class='ocrx_word' id='word_1_404' title='bbox 1664 3277 1705 3320; x_wconf 90' lang='lat' dir='ltr'>ex</span> <span class='ocrx_word' id='word_1_405' title='bbox 1718 3258 1805 3320; x_wconf 90' lang='lat' dir='ltr'>rebus</span> <span class='ocrx_word' id='word_1_406' title='bbox 1815 3253 1899 3318; x_wconf 82' lang='lat' dir='ltr'>creatis</span> <span class='ocrx_word' id='word_1_407' title='bbox 1948 3252 1949 3287; x_wconf 75' lang='lat'>³</span> 
     </span>
     <span class='ocr_line' id='line_1_38' title="bbox 333 3341 1949 3430; baseline 0.002 -29"><span class='ocrx_word' id='word_1_408' title='bbox 333 3360 397 3421; x_wconf 88' lang='lat' dir='ltr'>quo</span> <span class='ocrx_word' id='word_1_409' title='bbox 409 3341 546 3421; x_wconf 63' lang='lat' dir='ltr'>Esaiasi,</span> <span class='ocrx_word' id='word_1_410' title='bbox 562 3364 578 3399; x_wconf 86' lang='grc' dir='ltr'>ι</span> <span class='ocrx_word' id='word_1_411' title='bbox 592 3343 669 3403; x_wconf 85' lang='lat' dir='ltr'>Ecce</span> <span class='ocrx_word' id='word_1_412' title='bbox 681 3343 735 3424; x_wconf 84' lang='lat' dir='ltr'>qui</span> <span class='ocrx_word' id='word_1_413' title='bbox 743 3352 872 3406; x_wconf 71' lang='lat' dir='ltr'>seviunt</span> <span class='ocrx_word' id='word_1_414' title='bbox 890 3343 975 3418; x_wconf 79' lang='lat' dir='ltr'>milti,</span> <span class='ocrx_word' id='word_1_415' title='bbox 990 3344 1104 3422; x_wconf 91' lang='lat' dir='ltr'>inquit,</span> <span class='ocrx_word' id='word_1_416' title='bbox 1154 3349 1337 3429; x_wconf 81' lang='lat' dir='ltr'>intelligere.</span> <span class='ocrx_word' id='word_1_417' title='bbox 1346 3350 1437 3429; x_wconf 79' lang='lat' dir='ltr'>Apud</span> <span class='ocrx_word' id='word_1_418' title='bbox 1451 3350 1577 3430; x_wconf 86' lang='lat' dir='ltr'>Glycam</span> <span class='ocrx_word' id='word_1_419' title='bbox 1589 3351 1751 3413; x_wconf 88' lang='lat' dir='ltr'>disertiora</span> <span class='ocrx_word' id='word_1_420' title='bbox 1765 3354 1831 3411; x_wconf 90' lang='lat' dir='ltr'>sunt</span> <span class='ocrx_word' id='word_1_421' title='bbox 1841 3347 1900 3426; x_wconf 83' lang='lat' dir='ltr'>ejus</span> <span class='ocrx_word' id='word_1_422' title='bbox 1948 3378 1949 3387; x_wconf 37' lang='grc' dir='ltr'>ι</span> 
     </span>
     <span class='ocr_line' id='line_1_39' title="bbox 333 3432 1949 3510; baseline 0.004 -19"><span class='ocrx_word' id='word_1_423' title='bbox 333 3432 563 3510; x_wconf 78' lang='lat' dir='ltr'>monducoluat3</span> <span class='ocrx_word' id='word_1_424' title='bbox 577 3454 624 3496; x_wconf 84' lang='lat' dir='ltr'>uos</span> <span class='ocrx_word' id='word_1_425' title='bbox 639 3435 1106 3498; x_wconf 77' lang='lat' dir='ltr'>cutemesurietis.Hicestenim</span> <span class='ocrx_word' id='word_1_426' title='bbox 1155 3440 1228 3501; x_wconf 87' lang='lat' dir='ltr'>dem</span> <span class='ocrx_word' id='word_1_427' title='bbox 1240 3442 1420 3502; x_wconf 86' lang='lat' dir='ltr'>Damasceni</span> <span class='ocrx_word' id='word_1_428' title='bbox 1442 3442 1538 3503; x_wconf 82' lang='lat' dir='ltr'>verba</span> <span class='ocrx_word' id='word_1_429' title='bbox 1560 3443 1600 3504; x_wconf 89' lang='lat' dir='ltr'>ad</span> <span class='ocrx_word' id='word_1_430' title='bbox 1619 3442 1707 3504; x_wconf 88' lang='lat' dir='ltr'>illam</span> <span class='ocrx_word' id='word_1_431' title='bbox 1721 3441 1897 3505; x_wconf 74' lang='lat' dir='ltr'>mutantium:</span> <span class='ocrx_word' id='word_1_432' title='bbox 1948 3440 1949 3485; x_wconf 75' lang='grc' dir='ltr'>ἑ</span> 
     </span>
     <span class='ocr_line' id='line_1_40' title="bbox 334 3524 1900 3612; baseline 0.003 -28"><span class='ocrx_word' id='word_1_433' title='bbox 334 3524 432 3603; x_wconf 87' lang='lat' dir='ltr'>cibus,</span> <span class='ocrx_word' id='word_1_434' title='bbox 446 3525 480 3585; x_wconf 89' lang='lat' dir='ltr'>in</span> <span class='ocrx_word' id='word_1_435' title='bbox 495 3544 557 3606; x_wconf 90' lang='lat' dir='ltr'>quo</span> <span class='ocrx_word' id='word_1_436' title='bbox 570 3526 634 3587; x_wconf 85' lang='lat' dir='ltr'>vita</span> <span class='ocrx_word' id='word_1_437' title='bbox 647 3526 796 3588; x_wconf 87' lang='lat' dir='ltr'>definitur</span> <span class='ocrx_word' id='word_1_438' title='bbox 805 3533 934 3605; x_wconf 72' lang='lat' dir='ltr'>aeterna,</span> <span class='ocrx_word' id='word_1_439' title='bbox 948 3546 1010 3607; x_wconf 89' lang='lat' dir='ltr'>quo</span> <span class='ocrx_word' id='word_1_440' title='bbox 1024 3528 1106 3606; x_wconf 91' lang='lat' dir='ltr'>quis-</span> <span class='ocrx_word' id='word_1_441' title='bbox 1159 3533 1344 3610; x_wconf 82' lang='lat' dir='ltr'>rJoannes,</span> <span class='ocrx_word' id='word_1_442' title='bbox 1369 3533 1484 3612; x_wconf 88' lang='lat' dir='ltr'>inquit,</span> <span class='ocrx_word' id='word_1_443' title='bbox 1508 3534 1727 3605; x_wconf 88' lang='lat' dir='ltr'>Damascenus‚</span> <span class='ocrx_word' id='word_1_444' title='bbox 1750 3550 1847 3595; x_wconf 88' lang='lat' dir='ltr'>rerum</span> <span class='ocrx_word' id='word_1_445' title='bbox 1861 3529 1900 3589; x_wconf 87' lang='lat' dir='ltr'>ille</span> 
     </span>
     <span class='ocr_line' id='line_1_41' title="bbox 333 3607 1949 3706; baseline 0.004 -29"><span class='ocrx_word' id='word_1_446' title='bbox 333 3607 404 3695; x_wconf 83' lang='lat' dir='ltr'>quis</span> <span class='ocrx_word' id='word_1_447' title='bbox 429 3617 524 3678; x_wconf 87' lang='lat' dir='ltr'>luerit</span> <span class='ocrx_word' id='word_1_448' title='bbox 551 3616 760 3695; x_wconf 83' lang='lat' dir='ltr'>defraudatos,</span> <span class='ocrx_word' id='word_1_449' title='bbox 789 3625 890 3681; x_wconf 89' lang='lat' dir='ltr'>morte</span> <span class='ocrx_word' id='word_1_450' title='bbox 910 3620 1101 3681; x_wconf 77' lang='lat' dir='ltr'>morietur.»</span> <span class='ocrx_word' id='word_1_451' title='bbox 1154 3623 1331 3686; x_wconf 87' lang='lat' dir='ltr'>divinarum</span> <span class='ocrx_word' id='word_1_452' title='bbox 1344 3625 1556 3706; x_wconf 90' lang='lat' dir='ltr'>peritissimus,</span> <span class='ocrx_word' id='word_1_453' title='bbox 1567 3626 1675 3687; x_wconf 89' lang='lat' dir='ltr'>cibum</span> <span class='ocrx_word' id='word_1_454' title='bbox 1689 3624 1823 3688; x_wconf 87' lang='lat' dir='ltr'>Paradisi</span> <span class='ocrx_word' id='word_1_455' title='bbox 1831 3623 1902 3684; x_wconf 81' lang='lat' dir='ltr'>rorat</span> <span class='ocrx_word' id='word_1_456' title='bbox 1948 3632 1949 3703; x_wconf 50' lang='lat' dir='ltr'>l</span> 
     </span>
     <span class='ocr_line' id='line_1_42' title="bbox 335 3706 1949 3799; baseline 0.002 -31"><span class='ocrx_word' id='word_1_457' title='bbox 335 3706 485 3789; x_wconf 91' lang='lat' dir='ltr'>Idemque</span> <span class='ocrx_word' id='word_1_458' title='bbox 512 3709 638 3770; x_wconf 89' lang='lat' dir='ltr'>tradidit</span> <span class='ocrx_word' id='word_1_459' title='bbox 664 3710 830 3786; x_wconf 81' lang='lat' dir='ltr'>Gregorius</span> <span class='ocrx_word' id='word_1_460' title='bbox 849 3710 1108 3791; x_wconf 84' lang='lat' dir='ltr'>NyssenusaMi-</span> <span class='ocrx_word' id='word_1_461' title='bbox 1155 3717 1346 3796; x_wconf 76' lang='lat' dir='ltr'>agnitionem</span> <span class='ocrx_word' id='word_1_462' title='bbox 1377 3717 1524 3780; x_wconf 87' lang='lat' dir='ltr'>divinam.</span> <span class='ocrx_word' id='word_1_463' title='bbox 1561 3719 1708 3799; x_wconf 74' lang='lat' dir='ltr'>Largitur</span> <span class='ocrx_word' id='word_1_464' title='bbox 1741 3717 1820 3780; x_wconf 89' lang='lat' dir='ltr'>enim</span> <span class='ocrx_word' id='word_1_465' title='bbox 1838 3716 1901 3775; x_wconf 83' lang='lat' dir='ltr'>beu</span> <span class='ocrx_word' id='word_1_466' title='bbox 1948 3740 1949 3767; x_wconf 77' lang='lat'>1</span> 
     </span>
     <span class='ocr_line' id='line_1_43' title="bbox 334 3799 1949 3891; baseline 0.002 -29"><span class='ocrx_word' id='word_1_467' title='bbox 334 3800 540 3882; x_wconf 82' lang='lat' dir='ltr'>chaeleGlyra</span> <span class='ocrx_word' id='word_1_468' title='bbox 553 3799 691 3862; x_wconf 73' lang='lat' dir='ltr'>citatus‘.</span> <span class='ocrx_word' id='word_1_469' title='bbox 701 3803 781 3863; x_wconf 84' lang='lat' dir='ltr'>Cum</span> <span class='ocrx_word' id='word_1_470' title='bbox 794 3809 901 3864; x_wconf 88' lang='lat' dir='ltr'>antem</span> <span class='ocrx_word' id='word_1_471' title='bbox 915 3803 998 3864; x_wconf 90' lang='lat' dir='ltr'>illius</span> <span class='ocrx_word' id='word_1_472' title='bbox 1011 3802 1106 3864; x_wconf 86' lang='lat' dir='ltr'>verba</span> <span class='ocrx_word' id='word_1_473' title='bbox 1155 3807 1282 3888; x_wconf 89' lang='lat' dir='ltr'>quidem</span> <span class='ocrx_word' id='word_1_474' title='bbox 1293 3809 1413 3870; x_wconf 80' lang='lat' dir='ltr'>Adamo</span> <span class='ocrx_word' id='word_1_475' title='bbox 1426 3815 1610 3891; x_wconf 87' lang='lat' dir='ltr'>potestatem</span> <span class='ocrx_word' id='word_1_476' title='bbox 1624 3812 1658 3873; x_wconf 94' lang='lat' dir='ltr'>in</span> <span class='ocrx_word' id='word_1_477' title='bbox 1668 3829 1776 3873; x_wconf 90' lang='lat' dir='ltr'>omnes</span> <span class='ocrx_word' id='word_1_478' title='bbox 1789 3801 1902 3872; x_wconf 85' lang='lat' dir='ltr'>Paradisi</span> <span class='ocrx_word' id='word_1_479' title='bbox 1948 3884 1949 3889; x_wconf 5' lang='grc' dir='ltr'>ἵ</span> 
     </span>
     <span class='ocr_line' id='line_1_44' title="bbox 334 3892 1949 3981; baseline 0.001 -28"><span class='ocrx_word' id='word_1_480' title='bbox 334 3893 446 3972; x_wconf 89' lang='lat' dir='ltr'>majori</span> <span class='ocrx_word' id='word_1_481' title='bbox 459 3892 794 3973; x_wconf 79' lang='lat' dir='ltr'>exparteleganturin</span> <span class='ocrx_word' id='word_1_482' title='bbox 808 3895 907 3974; x_wconf 83' lang='lat' dir='ltr'>capite</span> <span class='ocrx_word' id='word_1_483' title='bbox 920 3911 971 3957; x_wconf 83' lang='lat' dir='ltr'>xix</span> <span class='ocrx_word' id='word_1_484' title='bbox 982 3894 1058 3956; x_wconf 88' lang='lat' dir='ltr'>libri</span> <span class='ocrx_word' id='word_1_485' title='bbox 1071 3894 1106 3956; x_wconf 85' lang='lat' dir='ltr'>de</span> <span class='ocrx_word' id='word_1_486' title='bbox 1155 3900 1292 3977; x_wconf 86' lang='lat' dir='ltr'>arbores,</span> <span class='ocrx_word' id='word_1_487' title='bbox 1308 3919 1418 3962; x_wconf 87' lang='lat' dir='ltr'>verum</span> <span class='ocrx_word' id='word_1_488' title='bbox 1432 3921 1497 3963; x_wconf 89' lang='lat' dir='ltr'>nou</span> <span class='ocrx_word' id='word_1_489' title='bbox 1524 3902 1582 3964; x_wconf 90' lang='lat' dir='ltr'>cibi</span> <span class='ocrx_word' id='word_1_490' title='bbox 1605 3921 1712 3981; x_wconf 87' lang='lat' dir='ltr'>causa,</span> <span class='ocrx_word' id='word_1_491' title='bbox 1738 3902 1790 3964; x_wconf 87' lang='lat' dir='ltr'>sed</span> <span class='ocrx_word' id='word_1_492' title='bbox 1805 3897 1902 3960; x_wconf 84' lang='lat' dir='ltr'>utiboo</span> <span class='ocrx_word' id='word_1_493' title='bbox 1948 3912 1949 3981; x_wconf 43' lang='grc' dir='ltr'>ᾗ</span> 
     </span>
     <span class='ocr_line' id='line_1_45' title="bbox 335 3983 1949 4075; baseline 0.001 -30"><span class='ocrx_word' id='word_1_494' title='bbox 335 3983 463 4047; x_wconf 79' lang='lat' dir='ltr'>dominis</span> <span class='ocrx_word' id='word_1_495' title='bbox 473 3985 603 4068; x_wconf 72' lang='lat' dir='ltr'>opificio,</span> <span class='ocrx_word' id='word_1_496' title='bbox 620 4004 685 4047; x_wconf 92' lang='lat' dir='ltr'>non</span> <span class='ocrx_word' id='word_1_497' title='bbox 698 3987 805 4048; x_wconf 87' lang='lat' dir='ltr'>omnia</span> <span class='ocrx_word' id='word_1_498' title='bbox 820 3992 927 4048; x_wconf 89' lang='lat' dir='ltr'>tamen</span> <span class='ocrx_word' id='word_1_499' title='bbox 940 3986 1104 4048; x_wconf 89' lang='lat' dir='ltr'>inveniun·</span> <span class='ocrx_word' id='word_1_500' title='bbox 1155 3992 1248 4053; x_wconf 90' lang='lat' dir='ltr'>modo</span> <span class='ocrx_word' id='word_1_501' title='bbox 1273 3993 1433 4073; x_wconf 89' lang='lat' dir='ltr'>adipsum</span> <span class='ocrx_word' id='word_1_502' title='bbox 1451 3992 1592 4075; x_wconf 89' lang='lat' dir='ltr'>opificem</span> <span class='ocrx_word' id='word_1_503' title='bbox 1607 3995 1817 4056; x_wconf 85' lang='lat' dir='ltr'>deduceretur.</span> <span class='ocrx_word' id='word_1_504' title='bbox 1835 4013 1847 4047; x_wconf 81' lang='grc' dir='ltr'>ι</span> <span class='ocrx_word' id='word_1_505' title='bbox 1863 3987 1903 4048; x_wconf 88' lang='lat' dir='ltr'>Sic</span> <span class='ocrx_word' id='word_1_506' title='bbox 1948 4008 1949 4075; x_wconf 65' lang='lat'>3</span> 
     </span>
     <span class='ocr_line' id='line_1_46' title="bbox 334 4077 1949 4169; baseline 0.003 -32"><span class='ocrx_word' id='word_1_507' title='bbox 334 4081 403 4154; x_wconf 90' lang='lat' dir='ltr'>tur;</span> <span class='ocrx_word' id='word_1_508' title='bbox 427 4078 515 4139; x_wconf 85' lang='lat' dir='ltr'>velut</span> <span class='ocrx_word' id='word_1_509' title='bbox 531 4077 600 4154; x_wconf 86' lang='lat' dir='ltr'>ista,</span> <span class='ocrx_word' id='word_1_510' title='bbox 622 4097 693 4157; x_wconf 83' lang='lat' dir='ltr'>quae</span> <span class='ocrx_word' id='word_1_511' title='bbox 712 4097 750 4140; x_wconf 83' lang='lat' dir='ltr'>ex</span> <span class='ocrx_word' id='word_1_512' title='bbox 764 4080 903 4160; x_wconf 76' lang='lat' dir='ltr'>Nysseno</span> <span class='ocrx_word' id='word_1_513' title='bbox 917 4079 1105 4160; x_wconf 84' lang='lat' dir='ltr'>Glyoasdes·</span> <span class='ocrx_word' id='word_1_514' title='bbox 1155 4084 1534 4164; x_wconf 82' lang='lat' dir='ltr'>GregoriusNazianzenus</span> <span class='ocrx_word' id='word_1_515' title='bbox 1548 4092 1626 4147; x_wconf 89' lang='lat' dir='ltr'>orat.</span> <span class='ocrx_word' id='word_1_516' title='bbox 1643 4085 1770 4149; x_wconf 75' lang='lat' dir='ltr'>xxxvm&#39;</span> <span class='ocrx_word' id='word_1_517' title='bbox 1783 4083 1903 4145; x_wconf 85' lang='lat' dir='ltr'>arborem</span> <span class='ocrx_word' id='word_1_518' title='bbox 1948 4134 1949 4169; x_wconf 68' lang='lat'>3</span> 
     </span>
     <span class='ocr_line' id='line_1_47' title="bbox 334 4168 1949 4260; baseline 0.002 -31"><span class='ocrx_word' id='word_1_519' title='bbox 334 4168 459 4248; x_wconf 86' lang='lat' dir='ltr'>cripsit:</span> <span class='ocrx_word' id='word_1_520' title='bbox 488 4171 663 4249; x_wconf 72' lang='lat' dir='ltr'>«Lignum</span> <span class='ocrx_word' id='word_1_521' title='bbox 688 4170 776 4249; x_wconf 89' lang='lat' dir='ltr'>illud,</span> <span class='ocrx_word' id='word_1_522' title='bbox 806 4171 844 4233; x_wconf 89' lang='lat' dir='ltr'>de</span> <span class='ocrx_word' id='word_1_523' title='bbox 862 4189 982 4252; x_wconf 91' lang='lat' dir='ltr'>quone</span> <span class='ocrx_word' id='word_1_524' title='bbox 1002 4190 1105 4234; x_wconf 81' lang='lat' dir='ltr'>resce-</span> <span class='ocrx_word' id='word_1_525' title='bbox 1155 4176 1288 4238; x_wconf 85' lang='lat' dir='ltr'>scientias</span> <span class='ocrx_word' id='word_1_526' title='bbox 1308 4176 1581 4259; x_wconf 78' lang='lat' dir='ltr'>contemplationem</span> <span class='ocrx_word' id='word_1_527' title='bbox 1594 4178 1821 4260; x_wconf 87' lang='lat' dir='ltr'>interpretatur,</span> <span class='ocrx_word' id='word_1_528' title='bbox 1836 4168 1904 4254; x_wconf 87' lang='lat' dir='ltr'>quod</span> <span class='ocrx_word' id='word_1_529' title='bbox 1948 4174 1949 4185; x_wconf 59' lang='lat'>¹</span> 
     </span>
     <span class='ocr_line' id='line_1_48' title="bbox 334 4261 1949 4349; baseline 0.006 -30"><span class='ocrx_word' id='word_1_530' title='bbox 334 4265 454 4329; x_wconf 87' lang='lat' dir='ltr'>rentur,</span> <span class='ocrx_word' id='word_1_531' title='bbox 483 4261 684 4324; x_wconf 91' lang='lat' dir='ltr'>interdictum</span> <span class='ocrx_word' id='word_1_532' title='bbox 708 4268 785 4340; x_wconf 89' lang='lat' dir='ltr'>erat,</span> <span class='ocrx_word' id='word_1_533' title='bbox 814 4282 872 4325; x_wconf 90' lang='lat' dir='ltr'>nec</span> <span class='ocrx_word' id='word_1_534' title='bbox 886 4263 981 4326; x_wconf 85' lang='lat' dir='ltr'>ficum</span> <span class='ocrx_word' id='word_1_535' title='bbox 1000 4264 1104 4339; x_wconf 86' lang='lat' dir='ltr'>fuisse,</span> <span class='ocrx_word' id='word_1_536' title='bbox 1156 4275 1187 4330; x_wconf 93' lang='lat' dir='ltr'>et</span> <span class='ocrx_word' id='word_1_537' title='bbox 1201 4269 1311 4349; x_wconf 84' lang='lat' dir='ltr'>Glycas</span> <span class='ocrx_word' id='word_1_538' title='bbox 1325 4270 1504 4348; x_wconf 83' lang='lat' dir='ltr'>adnotavit3</span> <span class='ocrx_word' id='word_1_539' title='bbox 1525 4270 1583 4332; x_wconf 92' lang='lat' dir='ltr'>etsi</span> <span class='ocrx_word' id='word_1_540' title='bbox 1599 4271 1638 4332; x_wconf 90' lang='lat' dir='ltr'>de</span> <span class='ocrx_word' id='word_1_541' title='bbox 1656 4264 1904 4347; x_wconf 63' lang='lat' dir='ltr'>Paraiisqcujue</span> <span class='ocrx_word' id='word_1_542' title='bbox 1948 4278 1949 4329; x_wconf 65' lang='grc' dir='ltr'>ξ</span> 
     </span>
     <span class='ocr_line' id='line_1_49' title="bbox 335 4352 1949 4444; baseline 0 -31"><span class='ocrx_word' id='word_1_543' title='bbox 335 4352 419 4431; x_wconf 88' lang='lat' dir='ltr'>quod</span> <span class='ocrx_word' id='word_1_544' title='bbox 433 4352 560 4433; x_wconf 85' lang='lat' dir='ltr'>quidam</span> <span class='ocrx_word' id='word_1_545' title='bbox 583 4355 703 4433; x_wconf 84' lang='lat' dir='ltr'>volunt,</span> <span class='ocrx_word' id='word_1_546' title='bbox 728 4373 786 4416; x_wconf 85' lang='lat' dir='ltr'>uec</span> <span class='ocrx_word' id='word_1_547' title='bbox 803 4355 896 4417; x_wconf 87' lang='lat' dir='ltr'>aliam</span> <span class='ocrx_word' id='word_1_548' title='bbox 917 4356 1106 4418; x_wconf 82' lang='lat' dir='ltr'>fructiferam</span> <span class='ocrx_word' id='word_1_549' title='bbox 1156 4360 1242 4422; x_wconf 88' lang='lat' dir='ltr'>modi</span> <span class='ocrx_word' id='word_1_550' title='bbox 1275 4360 1380 4439; x_wconf 88' lang='lat' dir='ltr'>fuerit,</span> <span class='ocrx_word' id='word_1_551' title='bbox 1413 4362 1499 4423; x_wconf 89' lang='lat' dir='ltr'>haud</span> <span class='ocrx_word' id='word_1_552' title='bbox 1530 4362 1684 4424; x_wconf 86' lang='lat' dir='ltr'>affirmate</span> <span class='ocrx_word' id='word_1_553' title='bbox 1719 4358 1903 4444; x_wconf 82' lang='lat' dir='ltr'>pronuntiat:</span> <span class='ocrx_word' id='word_1_554' title='bbox 1948 4364 1949 4369; x_wconf 75' lang='grc'>’</span> 
     </span>
     <span class='ocr_line' id='line_1_50' title="bbox 335 4444 1906 4535; baseline 0.009 -31"><span class='ocrx_word' id='word_1_555' title='bbox 335 4444 490 4518; x_wconf 87' lang='lat' dir='ltr'>arborem,</span> <span class='ocrx_word' id='word_1_556' title='bbox 518 4447 660 4525; x_wconf 86' lang='lat' dir='ltr'>persuasi</span> <span class='ocrx_word' id='word_1_557' title='bbox 687 4465 805 4509; x_wconf 91' lang='lat' dir='ltr'>sumus.</span> <span class='ocrx_word' id='word_1_558' title='bbox 821 4449 1006 4529; x_wconf 87' lang='lat' dir='ltr'>Quanquam</span> <span class='ocrx_word' id='word_1_559' title='bbox 1021 4449 1107 4510; x_wconf 91' lang='lat' dir='ltr'>enim</span> <span class='ocrx_word' id='word_1_560' title='bbox 1160 4453 1282 4515; x_wconf 77' lang='lat' dir='ltr'>«Hunc</span> <span class='ocrx_word' id='word_1_561' title='bbox 1294 4453 1409 4535; x_wconf 90' lang='lat' dir='ltr'>posuit,</span> <span class='ocrx_word' id='word_1_562' title='bbox 1420 4454 1533 4535; x_wconf 86' lang='lat' dir='ltr'>inquit,</span> <span class='ocrx_word' id='word_1_563' title='bbox 1546 4455 1579 4516; x_wconf 91' lang='lat' dir='ltr'>in</span> <span class='ocrx_word' id='word_1_564' title='bbox 1592 4456 1752 4531; x_wconf 89' lang='lat' dir='ltr'>Paradiso,</span> <span class='ocrx_word' id='word_1_565' title='bbox 1767 4453 1906 4533; x_wconf 57' lang='lat' dir='ltr'>onusque*</span> 
     </span>
     <span class='ocr_line' id='line_1_51' title="bbox 335 4535 1760 4613; baseline 0.007 -18"><span class='ocrx_word' id='word_1_566' title='bbox 335 4541 488 4613; x_wconf 85' lang='lat' dir='ltr'>spectator</span> <span class='ocrx_word' id='word_1_567' title='bbox 500 4535 552 4596; x_wconf 91' lang='lat' dir='ltr'>ille</span> <span class='ocrx_word' id='word_1_568' title='bbox 575 4538 630 4599; x_wconf 85' lang='lat' dir='ltr'>Dei</span> <span class='ocrx_word' id='word_1_569' title='bbox 650 4539 750 4601; x_wconf 89' lang='lat' dir='ltr'>Moses</span> <span class='ocrx_word' id='word_1_570' title='bbox 771 4540 809 4601; x_wconf 90' lang='lat' dir='ltr'>de</span> <span class='ocrx_word' id='word_1_571' title='bbox 823 4541 961 4602; x_wconf 88' lang='lat' dir='ltr'>sensibili</span> <span class='ocrx_word' id='word_1_572' title='bbox 973 4541 1043 4602; x_wconf 80' lang='lat' dir='ltr'>citio</span> <span class='ocrx_word' id='word_1_573' title='bbox 1056 4541 1108 4602; x_wconf 88' lang='lat' dir='ltr'>bic</span> <span class='ocrx_word' id='word_1_574' title='bbox 1156 4544 1242 4605; x_wconf 92' lang='lat' dir='ltr'>modi</span> <span class='ocrx_word' id='word_1_575' title='bbox 1254 4546 1383 4607; x_wconf 66' lang='lat' dir='ltr'>undem</span> <span class='ocrx_word' id='word_1_576' title='bbox 1394 4544 1522 4608; x_wconf 87' lang='lat' dir='ltr'>luitiste</span> <span class='ocrx_word' id='word_1_577' title='bbox 1536 4546 1760 4609; x_wconf 61' lang='lat' dir='ltr'>Paradisum.»</span> 
     </span>
    </p>

    <p class='ocr_par' dir='ltr' id='par_1_12' title="bbox 335 4626 1905 4719">
     <span class='ocr_line' id='line_1_52' title="bbox 335 4626 1905 4719; baseline 0.002 -32"><span class='ocrx_word' id='word_1_578' title='bbox 335 4626 422 4708; x_wconf 90' lang='lat' dir='ltr'>loqui</span> <span class='ocrx_word' id='word_1_579' title='bbox 442 4628 575 4691; x_wconf 83' lang='lat' dir='ltr'>videtur.</span> <span class='ocrx_word' id='word_1_580' title='bbox 609 4651 626 4689; x_wconf 80' lang='lat' dir='ltr'>u</span> <span class='ocrx_word' id='word_1_581' title='bbox 663 4630 781 4693; x_wconf 76' lang='lat' dir='ltr'>Cetera</span> <span class='ocrx_word' id='word_1_582' title='bbox 806 4633 891 4713; x_wconf 90' lang='lat' dir='ltr'>apud</span> <span class='ocrx_word' id='word_1_583' title='bbox 919 4633 1106 4714; x_wconf 79' lang='lat' dir='ltr'>Gregorium</span> <span class='ocrx_word' id='word_1_584' title='bbox 1195 4636 1250 4698; x_wconf 87' lang='lat' dir='ltr'>IV.</span> <span class='ocrx_word' id='word_1_585' title='bbox 1266 4636 1407 4717; x_wconf 87' lang='lat' dir='ltr'>Disputat</span> <span class='ocrx_word' id='word_1_586' title='bbox 1419 4637 1458 4699; x_wconf 88' lang='lat' dir='ltr'>de</span> <span class='ocrx_word' id='word_1_587' title='bbox 1471 4637 1529 4699; x_wconf 87' lang='lat' dir='ltr'>hac</span> <span class='ocrx_word' id='word_1_588' title='bbox 1541 4656 1576 4700; x_wconf 89' lang='lat' dir='ltr'>re</span> <span class='ocrx_word' id='word_1_589' title='bbox 1595 4637 1775 4719; x_wconf 79' lang='lat' dir='ltr'>longissima</span> <span class='ocrx_word' id='word_1_590' title='bbox 1787 4634 1905 4698; x_wconf 83' lang='lat' dir='ltr'>oratione</span> 
     </span>
    </p>
   </div>
   <div class='ocr_carea' id='block_1_11' title="bbox 335 4844 1906 5092">
    <p class='ocr_par' dir='ltr' id='par_1_13' title="bbox 335 4844 1906 5092">
     <span class='ocr_line' id='line_1_53' title="bbox 372 4844 1905 4930; baseline 0.005 -24"><span class='ocrx_word' id='word_1_591' title='bbox 372 4865 393 4906; x_wconf 81' lang='lat' dir='ltr'>a</span> <span class='ocrx_word' id='word_1_592' title='bbox 418 4849 524 4908; x_wconf 76' lang='lat' dir='ltr'>Tusco.</span> <span class='ocrx_word' id='word_1_593' title='bbox 554 4849 656 4919; x_wconf 80' lang='grc' dir='ltr'>Θνητῶν</span> <span class='ocrx_word' id='word_1_594' title='bbox 684 4848 746 4918; x_wconf 69' lang='lat' dir='ltr'>tit</span> <span class='ocrx_word' id='word_1_595' title='bbox 769 4852 869 4924; x_wconf 75' lang='grc' dir='ltr'>βρῶσις.</span> <span class='ocrx_word' id='word_1_596' title='bbox 893 4849 1013 4915; x_wconf 75' lang='grc' dir='ltr'><strong>ἀθάνατος</strong></span> <span class='ocrx_word' id='word_1_597' title='bbox 1024 4849 1104 4929; x_wconf 72' lang='grc' dir='ltr'>γὰρὴ</span> <span class='ocrx_word' id='word_1_598' title='bbox 1155 4852 1290 4927; x_wconf 71' lang='grc' dir='ltr'>ἀναλογίαν</span> <span class='ocrx_word' id='word_1_599' title='bbox 1310 4854 1365 4911; x_wconf 72' lang='grc' dir='ltr'>τινὰ</span> <span class='ocrx_word' id='word_1_600' title='bbox 1383 4854 1444 4929; x_wconf 68' lang='grc' dir='ltr'>πρὸς</span> <span class='ocrx_word' id='word_1_601' title='bbox 1463 4854 1509 4925; x_wconf 68' lang='grc' dir='ltr'>τὴν</span> <span class='ocrx_word' id='word_1_602' title='bbox 1529 4849 1574 4911; x_wconf 72' lang='grc' dir='ltr'>τοῦ</span> <span class='ocrx_word' id='word_1_603' title='bbox 1596 4857 1713 4930; x_wconf 69' lang='grc' dir='ltr'><strong>σώματος</strong></span> <span class='ocrx_word' id='word_1_604' title='bbox 1730 4856 1839 4930; x_wconf 62' lang='lat' dir='ltr'>lxm,</span> <span class='ocrx_word' id='word_1_605' title='bbox 1857 4844 1905 4915; x_wconf 64' lang='lat' dir='ltr'>dil</span> 
     </span>
     <span class='ocr_line' id='line_1_54' title="bbox 335 4931 1871 5022; baseline 0.005 -36"><span class='ocrx_word' id='word_1_606' title='bbox 335 4932 405 5004; x_wconf 66' lang='lat' dir='ltr'>pter&lt;</span> <span class='ocrx_word' id='word_1_607' title='bbox 414 4931 443 4987; x_wconf 79' lang='grc' dir='ltr'>οὗ</span> <span class='ocrx_word' id='word_1_608' title='bbox 455 4934 533 4987; x_wconf 78' lang='grc' dir='ltr'>δεῖται</span> <span class='ocrx_word' id='word_1_609' title='bbox 542 4936 642 5005; x_wconf 76' lang='grc' dir='ltr'><strong>τροφῆς.</strong></span> <span class='ocrx_word' id='word_1_610' title='bbox 1154 4934 1290 5001; x_wconf 70' lang='grc' dir='ltr'>ἀπόλαυσις</span> <span class='ocrx_word' id='word_1_611' title='bbox 1303 4935 1342 4993; x_wconf 72' lang='lat' dir='ltr'>iat</span> <span class='ocrx_word' id='word_1_612' title='bbox 1357 4939 1434 5011; x_wconf 77' lang='grc' dir='ltr'>μόνην</span> <span class='ocrx_word' id='word_1_613' title='bbox 1447 4937 1491 5006; x_wconf 80' lang='grc' dir='ltr'>τὴν</span> <span class='ocrx_word' id='word_1_614' title='bbox 1506 4937 1586 5013; x_wconf 70' lang='grc' dir='ltr'>ψυχὴν</span> <span class='ocrx_word' id='word_1_615' title='bbox 1599 4938 1728 4994; x_wconf 62' lang='lat' dir='ltr'>bradelece.</span> <span class='ocrx_word' id='word_1_616' title='bbox 1859 5008 1871 5022; x_wconf 51' lang='grc'><em>.</em></span> 
     </span>
     <span class='ocr_line' id='line_1_55' title="bbox 372 5013 1906 5092; baseline 0.003 -19"><span class='ocrx_word' id='word_1_617' title='bbox 372 5016 530 5073; x_wconf 79' lang='lat' dir='ltr'>berros.</span> <span class='ocrx_word' id='word_1_618' title='bbox 548 5016 627 5075; x_wconf 80' lang='lat' dir='ltr'>Nise.</span> <span class='ocrx_word' id='word_1_619' title='bbox 653 5015 721 5071; x_wconf 83' lang='grc' dir='ltr'>Ἀλλ’</span> <span class='ocrx_word' id='word_1_620' title='bbox 736 5014 785 5089; x_wconf 78' lang='grc' dir='ltr'>ἐγὼ</span> <span class='ocrx_word' id='word_1_621' title='bbox 801 5013 925 5090; x_wconf 48' lang='lat' dir='ltr'>sirbiae</span> <span class='ocrx_word' id='word_1_622' title='bbox 937 5016 1032 5072; x_wconf 72' lang='grc' dir='ltr'>ἀκούων</span> <span class='ocrx_word' id='word_1_623' title='bbox 1046 5038 1106 5092; x_wconf 60' lang='lat' dir='ltr'>ppa-</span> <span class='ocrx_word' id='word_1_624' title='bbox 1190 5019 1351 5079; x_wconf 82' lang='lat' dir='ltr'>chzuuz.</span> <span class='ocrx_word' id='word_1_625' title='bbox 1374 5026 1444 5078; x_wconf 88' lang='lat' dir='ltr'>orat.</span> <span class='ocrx_word' id='word_1_626' title='bbox 1467 5037 1573 5079; x_wconf 85' lang='grc' dir='ltr'>ιιιιιιι</span> <span class='ocrx_word' id='word_1_627' title='bbox 1594 5026 1623 5079; x_wconf 85' lang='lat' dir='ltr'>ct</span> <span class='ocrx_word' id='word_1_628' title='bbox 1649 5028 1719 5079; x_wconf 85' lang='lat' dir='ltr'>orat.</span> <span class='ocrx_word' id='word_1_629' title='bbox 1746 5037 1807 5078; x_wconf 78' lang='grc' dir='ltr'>ιιιι.</span> <span class='ocrx_word' id='word_1_630' title='bbox 1828 5017 1906 5071; x_wconf 65' lang='lat' dir='ltr'>Two*</span> 
     </span>
    </p>
   </div>
   <div class='ocr_carea' id='block_1_12' title="bbox 334 5098 1906 5258">
    <p class='ocr_par' dir='ltr' id='par_1_14' title="bbox 334 5098 1906 5258">
     <span class='ocr_line' id='line_1_56' title="bbox 335 5098 1906 5177; baseline 0.004 -24"><span class='ocrx_word' id='word_1_631' title='bbox 335 5103 392 5171; x_wconf 81' lang='grc' dir='ltr'>φῆς,</span> <span class='ocrx_word' id='word_1_632' title='bbox 404 5098 433 5154; x_wconf 76' lang='grc' dir='ltr'>οὗ</span> <span class='ocrx_word' id='word_1_633' title='bbox 444 5102 518 5173; x_wconf 77' lang='grc' dir='ltr'><strong>μόνον</strong></span> <span class='ocrx_word' id='word_1_634' title='bbox 530 5099 672 5174; x_wconf 72' lang='grc' dir='ltr'>σωματικὴν</span> <span class='ocrx_word' id='word_1_635' title='bbox 687 5098 819 5172; x_wconf 69' lang='grc' dir='ltr'>ἐπίσταμαι</span> <span class='ocrx_word' id='word_1_636' title='bbox 833 5102 934 5174; x_wconf 77' lang='grc' dir='ltr'>βρῶσιν,</span> <span class='ocrx_word' id='word_1_637' title='bbox 948 5101 1002 5155; x_wconf 78' lang='lat' dir='ltr'>otu</span> <span class='ocrx_word' id='word_1_638' title='bbox 1012 5100 1056 5170; x_wconf 78' lang='grc' dir='ltr'>τὴν</span> <span class='ocrx_word' id='word_1_639' title='bbox 1065 5100 1107 5156; x_wconf 75' lang='grc' dir='ltr'>διὰ</span> <span class='ocrx_word' id='word_1_640' title='bbox 1154 5101 1222 5157; x_wconf 69' lang='lat' dir='ltr'>idaco</span> <span class='ocrx_word' id='word_1_641' title='bbox 1250 5102 1294 5175; x_wconf 74' lang='lat' dir='ltr'>pis</span> <span class='ocrx_word' id='word_1_642' title='bbox 1322 5100 1519 5177; x_wconf 71' lang='lat' dir='ltr'>buapabsiaqi,</span> <span class='ocrx_word' id='word_1_643' title='bbox 1546 5106 1613 5168; x_wconf 76' lang='grc' dir='ltr'>ὅστις</span> <span class='ocrx_word' id='word_1_644' title='bbox 1635 5104 1696 5161; x_wconf 75' lang='lat' dir='ltr'>uoti</span> <span class='ocrx_word' id='word_1_645' title='bbox 1721 5102 1753 5174; x_wconf 74' lang='grc' dir='ltr'>ἦν</span> <span class='ocrx_word' id='word_1_646' title='bbox 1779 5101 1906 5175; x_wconf 57' lang='lat' dir='ltr'>capilum</span> 
     </span>
     <span class='ocr_line' id='line_1_57' title="bbox 334 5178 1236 5258; baseline 0.003 -21"><span class='ocrx_word' id='word_1_647' title='bbox 334 5183 424 5256; x_wconf 67' lang='grc' dir='ltr'>σαρκὸς</span> <span class='ocrx_word' id='word_1_648' title='bbox 438 5182 597 5257; x_wconf 53' lang='lat' dir='ltr'>tamque.</span> <span class='ocrx_word' id='word_1_649' title='bbox 612 5183 678 5238; x_wconf 75' lang='grc' dir='ltr'>ἀλλά</span> <span class='ocrx_word' id='word_1_650' title='bbox 698 5202 752 5239; x_wconf 84' lang='grc' dir='ltr'>τινα</span> <span class='ocrx_word' id='word_1_651' title='bbox 771 5184 813 5237; x_wconf 73' lang='grc' dir='ltr'>καὶ</span> <span class='ocrx_word' id='word_1_652' title='bbox 834 5182 917 5257; x_wconf 70' lang='lat' dir='ltr'>{ripas</span> <span class='ocrx_word' id='word_1_653' title='bbox 930 5179 988 5239; x_wconf 77' lang='grc' dir='ltr'>οἶδα</span> <span class='ocrx_word' id='word_1_654' title='bbox 1001 5184 1103 5258; x_wconf 77' lang='grc' dir='ltr'>τροφὴν,</span> <span class='ocrx_word' id='word_1_655' title='bbox 1154 5178 1236 5249; x_wconf 76' lang='grc' dir='ltr'><strong>οὗτος.</strong></span> 
     </span>
    </p>
   </div>
   <div class='ocr_carea' id='block_1_13' title="bbox 364 5378 1618 5442">
    <p class='ocr_par' dir='ltr' id='par_1_15' title="bbox 364 5378 1618 5442">
     <span class='ocr_line' id='line_1_58' title="bbox 364 5378 1618 5442; baseline 0.003 -15"><span class='ocrx_word' id='word_1_656' title='bbox 364 5380 375 5427; x_wconf 84' lang='lat' dir='ltr'>l</span> <span class='ocrx_word' id='word_1_657' title='bbox 392 5384 447 5429; x_wconf 76' lang='lat' dir='ltr'>Gon.</span> <span class='ocrx_word' id='word_1_658' title='bbox 460 5391 487 5433; x_wconf 84' lang='lat' dir='ltr'>u.</span> <span class='ocrx_word' id='word_1_659' title='bbox 498 5380 562 5427; x_wconf 74' lang='lat' dir='ltr'>ld·</span> <span class='ocrx_word' id='word_1_660' title='bbox 574 5379 589 5425; x_wconf 74' lang='lat' dir='ltr'>t</span> <span class='ocrx_word' id='word_1_661' title='bbox 601 5379 660 5437; x_wconf 64' lang='lat' dir='ltr'>Aac.</span> <span class='ocrx_word' id='word_1_662' title='bbox 672 5390 694 5425; x_wconf 82' lang='lat' dir='ltr'>rr</span> <span class='ocrx_word' id='word_1_663' title='bbox 704 5383 763 5427; x_wconf 71' lang='lat' dir='ltr'>eom.</span> <span class='ocrx_word' id='word_1_664' title='bbox 774 5380 820 5428; x_wconf 69' lang='lat' dir='ltr'>lut.</span> <span class='ocrx_word' id='word_1_665' title='bbox 828 5391 878 5437; x_wconf 81' lang='lat' dir='ltr'>cap.</span> <span class='ocrx_word' id='word_1_666' title='bbox 887 5391 959 5427; x_wconf 79' lang='lat' dir='ltr'>ru.-</span> <span class='ocrx_word' id='word_1_667' title='bbox 970 5379 1046 5431; x_wconf 62' lang='lat' dir='ltr'>tiro.</span> <span class='ocrx_word' id='word_1_668' title='bbox 1057 5379 1154 5427; x_wconf 65' lang='grc' dir='ltr'>ιιι-Δ</span> <span class='ocrx_word' id='word_1_669' title='bbox 1166 5379 1215 5428; x_wconf 77' lang='lat' dir='ltr'>Par.</span> <span class='ocrx_word' id='word_1_670' title='bbox 1226 5378 1292 5429; x_wconf 80' lang='lat' dir='ltr'>r.-t</span> <span class='ocrx_word' id='word_1_671' title='bbox 1304 5382 1366 5437; x_wconf 79' lang='lat' dir='ltr'>Quod</span> <span class='ocrx_word' id='word_1_672' title='bbox 1378 5390 1401 5430; x_wconf 80' lang='lat' dir='ltr'>st</span> <span class='ocrx_word' id='word_1_673' title='bbox 1412 5384 1563 5442; x_wconf 70' lang='lat' dir='ltr'>repetituros</span> <span class='ocrx_word' id='word_1_674' title='bbox 1574 5397 1618 5433; x_wconf 88' lang='grc' dir='ltr'>ιιι.</span> 
     </span>
    </p>
   </div>
   <div class='ocr_carea' id='block_1_14' title="bbox 0 0 1975 6164">
    <p class='ocr_par' dir='ltr' id='par_1_16' title="bbox 0 0 1975 6164">
     <span class='ocr_line' id='line_1_59' title="bbox 0 0 1975 6164; baseline 0 0"><span class='ocrx_word' id='word_1_675' title='bbox 0 0 1975 6164; x_wconf 95' lang='lat' dir='ltr'> </span> 
     </span>
    </p>
   </div>
  </div>
 </body>
</html>
