4122 6184
306 342 326 400 t
822 338 1145 402 THEAJLOGIGORUM
1165 337 1383 400 DOGMATUM

309 508 402 571 tionis
416 521 503 569 rorxrv
515 511 678 568 enumerat
701 505 877 584 «Angelos,
898 504 1073 584 Arobsnge·
1165 505 1232 564 Vll.
1249 503 1299 564 Sic
1313 501 1408 565 etiam
1428 500 1564 581 Gyrillus
1576 499 1803 562 Alexandrinus
1812 499 1891 561 mul·

307 599 365 673 los,
401 600 553 677 Thronos,
588 597 830 671 Dominationes,
866 596 1075 675 Principstus,
1125 597 1165 656 tis
1179 595 1211 654 in
1224 594 1300 655 loeis
1309 594 1437 654 nomina
1447 593 1652 672 illatanquam
1666 593 1813 653 ordinum
1824 610 1894 670 pro-

309 694 500 753 Potestates⁰
517 709 555 764 ;o
574 689 719 768 additque
737 688 954 767 «splendores,
970 706 1076 748 ascen·
1126 687 1193 766 pria
1206 689 1438 747 commemorat.
1462 685 1503 745 Ut
1521 685 1553 744 in
1568 685 1677 764 quinto
1703 688 1894 745 commenta·

309 783 422 859 mones,
437 781 644 860 intelligentes
668 781 807 857 virtutes,
834 781 883 841 vel
902 779 1077 859 intelligen·
1127 780 1248 839 riorum
1275 778 1308 838 io
1329 778 1503 839 doemon:
1537 798 1552 834 «
1578 776 1738 849 Quomodo
1772 775 1893 853 ingens,

309 874 418 949 tias3»
449 879 484 933 ut
506 872 690 952 ambiguum
713 873 763 947 sit,
798 891 839 932 an
872 873 939 933 bueo
972 871 1078 932 omnia
1128 870 1241 949 inquit,
1253 871 1329 931 adeo
1338 870 1452 931 coelum
1465 869 1612 945 condidit,
1626 875 1657 929 et
1670 868 1807 930 extendit
1816 866 1897 927 siout

310 966 439 1027 nomina
451 965 577 1045 propria
591 982 656 1026 esse
672 963 813 1024 voluerit.
1129 962 1362 1024 tabernaculum
1396 962 1436 1022 ad
1468 959 1703 1022 habitandum?
1737 959 1894 1039 quomodo

352 1058 519 1132 Gregorius
546 1074 619 1116 vero
646 1056 803 1136 Nyssenus
836 1060 904 1116 octo
929 1055 1080 1117 vocabula
1128 1060 1246 1116 terram
1273 1053 1441 1115 fundavit?
1461 1053 1617 1133 quomodo
1638 1053 1721 1129 solis,
1745 1058 1776 1113 et
1791 1050 1893 1126 lunae,

312 1146 1077 1222 distinctereoenset,«Potestates,llominationes‚
1130 1152 1302 1220 eteorum,
1340 1164 1410 1226 quea
1442 1145 1477 1206 in
1498 1146 1697 1206 firmamento
1720 1141 1895 1221 sunt,a1ti·

312 1241 464 1315 Thronos,
491 1240 698 1319 Principatus,
725 1239 872 1315 Virtutes,
904 1239 1078 1318 Seraphim,
1129 1238 1180 1300 fex
1210 1237 1296 1299 fuit?
1317 1238 1478 1312 Quomodo
1508 1256 1583 1299 vero
1611 1236 1732 1321 creavit*
1748 1234 1895 1314 Angelos,

314 1332 493 1407 Cherubim,
507 1338 538 1392 et
546 1331 704 1392 Ministros
719 1329 740 1394 ⁶.
758 1353 773 1389 υ
1130 1336 1161 1391 et
1179 1330 1400 1409 Archangelos,
1423 1330 1574 1405 Thronos,
1590 1334 1622 1390 et
1649 1326 1895 1401 Dominationes,

353 1423 532 1485 Etinlibro
546 1424 648 1504 primo
661 1422 960 1485 coutroEooomiom
975 1423 1082 1484 editio-
1130 1427 1162 1483 et
1187 1428 1299 1501 preater
1322 1422 1380 1482 hos
1408 1421 1502 1482 etiam
1531 1419 1695 1501 Seraphim
1721 1428 1743 1479 ⁶.
1775 1440 1790 1477 ι)
1819 1417 1899 1479 Huic

313 1518 362 1577 nis
375 1516 581 1591 secundae,ita
590 1516 741 1595 quosdam
750 1533 789 1576 ex
797 1515 834 1575 iis
847 1514 990 1595 appellat.
1003 1516 1082 1575 Nam
1131 1513 1239 1574 similis
1263 1519 1309 1574 est
1331 1512 1418 1574 locus
1445 1514 1584 1592 ejusdem
1610 1513 1643 1573 in
1668 1512 1768 1591 primo
1794 1517 1899 1587 eontra

313 1608 352 1669 de
384 1607 613 1687 spiritualibus,
649 1612 679 1667 et
712 1607 902 1686 immrporeis
935 1607 1083 1667 creaturis
1131 1604 1300 1667 lulianum.
1343 1607 1381 1665 Et
1418 1605 1453 1666 in
1489 1605 1592 1685 primo
1627 1601 1821 1685 dialogorum
1864 1600 1899 1663 de

221 1750 225 1760 .
312 1699 456 1778 loquens,
475 1699 624 1773 «creata,
642 1698 754 1777 inquit,
773 1703 912 1759 recenset
930 1699 1080 1771 oratione,
1135 1696 1295 1774 Trim'tote,
1313 1697 1468 1759 «Meliore
1484 1697 1594 1773 multo,
1616 1696 1728 1775 inquit,
1750 1695 1784 1755 in
1804 1699 1897 1763 stetu,

315 1791 457 1852 Thronos
477 1792 639 1869 quosdam,
667 1797 698 1851 et
712 1790 918 1870 Principatus,
933 1798 965 1851 et
980 1791 1085 1850 Potes-
1132 1807 1228 1869 qnam
1239 1808 1308 1865 nos,
1319 1790 1489 1850 secundum
1498 1795 1620 1850 naturae
1629 1787 1736 1848 insitas
1749 1787 1897 1861 rationes,

315 1887 405 1957 totes,
421 1888 453 1942 et
471 1882 702 1944 Dominationes
723 1883 899 1961 exprimens
913 1881 965 1957 ita,
981 1886 1016 1941 ut
1029 1899 1083 1960 ge·
1133 1882 1364 1942 constituuntur
1376 1882 1530 1957 Thronus,
1545 1886 1577 1941 et
1588 1882 1739 1955 Potestas,
1753 1885 1784 1940 et
1798 1876 1901 1938 Domi-

316 1974 473 2035 neralibus
495 1973 694 2053 quibusdam,
721 1979 753 2034 et
785 1974 849 2033 vim
876 1972 1085 2033 multitudinis
1133 1973 1230 2047 natio,
1245 1978 1277 2033 et
1289 1972 1349 2052 ipsi
1363 1972 1583 2052 Seraphim.»

316 2066 506 2127 habentibus
519 2065 688 2142 vocubulis,
697 2065 873 2126 doctrinam
881 2065 1085 2126 invisibilium
1173 2065 1254 2124 Tum
1268 2064 1466 2126 disertissime
1479 2065 1513 2125 in
1525 2065 1666 2126 Pasebali
1679 2064 1767 2143 epist.
1779 2062 1901 2124 xu.«Ao

314 2157 446 2219 istarum
458 2158 612 2219 virtutum
625 2157 784 2218 tradiderit
797 2167 819 2217 ⁶.
841 2178 857 2214 ν
1134 2174 1265 2218 numero
1273 2157 1400 2236 quidem
1408 2158 1559 2236 majorem
1568 2157 1900 2236 spirituumbeetorum

357 2250 595 2330 Chrysostomus
620 2267 693 2310 vero
711 2249 842 2310 homilia
854 2265 887 2309 rv
906 2251 938 2309 io
954 2246 1086 2311 Gmeu'm
1133 2249 1366 2310 multitudinem
1387 2250 1533 2329 condidit,
1555 2256 1587 2312 et
1604 2250 1746 2312 ordinem
1766 2247 1815 2322 iis,
1828 2265 1900 2327 quae

318 2360 431 2403 novem
457 2343 538 2421 ipsos
562 2342 687 2403 ordines
715 2340 902 2402 nominatim
927 2340 1082 2420 appellat:
1135 2341 1324 2417 condiderat,
1340 2342 1670 2422 optimumassiguans,
1678 2341 1775 2402 mium
1783 2339 1901 2400 vocavit

321 2455 337 2491 (ι
353 2433 386 2494 Si
400 2434 439 2496 ad
453 2434 635 2511 invisibiles,
648 2434 763 2513 inquit,
779 2433 908 2494 virtutes
921 2431 1039 2508 venias,
1055 2437 1086 2492 et
1134 2432 1358 2513 Principalem,
1385 2434 1482 2495 alium
1512 2433 1773 2507 Dominationem,
1803 2430 1901 2492 alium

317 2525 458 2586 animum
478 2525 622 2587 intendas
641 2525 681 2586 ed
706 2524 898 2603 Angelorum
920 2523 1084 2596 exereitus,
1135 2524 1309 2603 Thronum,
1333 2527 1483 2605 quosdam
1506 2528 1581 2587 item
1603 2523 1822 2603 Archangelos,
1843 2540 1901 2584 nec

318 2617 595 2696 Archangelorum,
612 2616 781 2677 eoelestium
798 2615 967 2691 Virtutum,
986 2615 1085 2675 Thro-
1135 2635 1200 2677 non
1210 2617 1377 2696 Angelos«
1394 2618 1501 2679 »Idem
1514 2618 1548 2679 in
1561 2617 1700 2679 oratione
1715 2615 1756 2678 od
1772 2614 1900 2677 Theodo-

318 2726 444 2785 norum,
464 2708 729 2782 Dominationum,
753 2707 999 2786 Principetuum,
1024 2708 1085 2766 Po·
1135 2709 1211 2769 sium
1231 2710 1448 2789 imperatorem.
1474 2711 1547 2770 «Et
1573 2710 1677 2784 missa,
1703 2708 1814 2787 inquit,
1842 2709 1901 2768 hu·

318 2805 474 2875 testatum,
497 2800 675 2873 Cherubim,
702 2799 876 2879 Seraphim,
894 2817 964 2877 quae
986 2815 1084 2875 mens,
1136 2818 1231 2861 mana
1249 2801 1338 2862 facio.
1362 2803 1471 2863 Dicam
1494 2802 1579 2862 enim
1593 2820 1678 2878 vero,
1699 2802 1756 2862 etsi
1769 2798 1904 2878 Angelos

317 2910 427 2971 quaeve
441 2892 539 2953 oratio
554 2893 594 2954 ad
614 2891 820 2970 eloquendam
839 2888 1087 2969 inexplicabilem
1136 2892 1206 2970 quis
1215 2894 1366 2969 nominet,
1382 2899 1413 2954 et
1426 2893 1632 2973 Principntus,
1655 2898 1686 2954 et
1708 2892 1859 2967 Thronos,
1874 2894 1906 2951 ot

317 2984 413 3063 ipsius
426 2984 672 3064 magnitudinem
685 3002 742 3063 par
755 3001 821 3044 esse
831 2980 944 3061 possiti
952 2981 967 3041 l
975 3002 990 3039 υ
1004 2980 1087 3042 Alias
1136 2982 1371 3046 Dominationes
1382 2989 1555 3061 enumeret,
1567 2985 1631 3046 imo
1644 3003 1718 3045 vero
1728 2983 1784 3044 etsi
1798 3001 1907 3063 supre-

319 3075 434 3154 plures,
449 3077 647 3155 paucioresve
661 3094 700 3136 ex
713 3093 751 3136 eo
764 3091 896 3135 numero
914 3079 1086 3153 percenset,
1137 3092 1264 3135 morum
1289 3077 1546 3156 Seraphimorum
1567 3076 1744 3137 meminerit
1756 3073 1783 3135 l.
1800 3096 1815 3133 s
1845 3080 1903 3136 etc.

319 3168 454 3228 maxime
476 3168 510 3227 in
534 3167 727 3228 orationibus
747 3174 856 3228 eontra
872 3167 1039 3227 Anomoeos
1053 3163 1088 3226 de
1137 3167 1225 3227 ldem
1250 3173 1282 3228 et
1294 3167 1370 3230 alibi
1380 3167 1403 3243 ²,
1420 3168 1687 3229 Dominationibus
1705 3167 1816 3244 tacitis,
1839 3171 1907 3228 octo

319 3257 647 3338 Ioeomprebemibili¹.
1137 3264 1307 3338 percenset.

361 3351 551 3431 Theophilus
564 3352 639 3412 item
652 3349 1090 3413 AlexandrinusinlibroPas·
1179 3351 1395 3413 Theodoretus
1430 3370 1573 3415 sermono
1606 3350 1698 3413 tertio
1729 3349 1769 3411 «d
1796 3348 1910 3412 Groeeos

321 3442 400 3504 cheb
414 3443 560 3517 secundo,
580 3444 648 3505 illos
674 3444 766 3523 ipsos,
785 3443 840 3521 qui
853 3442 886 3502 in
901 3441 1028 3521 epistola
1050 3440 1090 3501 «d
1138 3440 1283 3519 Imideles,
1301 3443 1444 3519 totidem,
1464 3443 1496 3504 id
1515 3449 1561 3505 est
1575 3448 1643 3505 octo
1665 3442 1807 3504 nominat
1818 3489 1826 3519 ,
1839 3442 1908 3502 Vir-

326 3532 501 3598 Coloasmses
514 3535 613 3615 eapite
630 3535 732 3615 primo
746 3533 974 3595 referunturab
987 3532 1088 3613 Apos-
1138 3533 1258 3593 tutibus
1280 3534 1505 3613 pretermissis.
1539 3536 1705 3612 «Alenim,
1734 3535 1787 3611 ait,
1817 3535 1908 3596 eredo

321 3627 396 3704 tolo,
412 3627 604 3707 Angelorum
614 3628 729 3706 gradus
740 3626 887 3706 agnoscit.
1138 3642 1193 3684 vos
1217 3624 1382 3687 dicturos:
1407 3627 1501 3706 Atqui
1527 3627 1621 3688 etiem
1654 3645 1709 3688 vos
1743 3624 1910 3687 Christiani

359 3893 380 3934 a
398 3878 524 3937 Ntzttttz.
540 3875 671 3949 Ἀγγέλους
689 3876 771 3942 τινός,
791 3879 833 3931 καὶ
847 3875 1031 3949 ἀρχαγγέλους,
1044 3875 1095 3947 θρό-
1144 3875 1219 3948 μέγαν
1235 3876 1334 3946 ἔστησεν
1349 3878 1463 3950 οὖρανδν,
1477 3878 1518 3932 καί
1537 3880 1657 3942 διατείνας
1675 3880 1709 3942 ὡς
1731 3878 1821 3949 σκηνὴν
1835 3898 1913 3934 κατοι·

322 3979 387 4025 νους,
402 3962 554 4034 κυριότητος,
570 3959 658 4032 ἀρχάς,
674 3958 792 4025 ἐξουσίας,
803 3961 987 4032 λαμπρότητας,
1003 3958 1094 4010 ἀναθά-
1143 3960 1211 4025 κείν;
1226 3965 1278 4021 πῶς
1293 3957 1437 4032 ἐθεμελίωσε
1450 3960 1494 4030 τὴν
1509 3966 1571 4034 γῆν;
1593 3968 1645 4025 πῶς
1655 3962 1682 4016 δὲ
1695 3962 1776 4031 ἡλίου,
1791 3964 1831 4015 καὶ
1845 3963 1914 4031 «elt-

324 4066 382 4111 σοις,
398 4043 483 4117 νυεράς
494 4044 619 4117 δυνάμεις,
632 4044 648 4110 ἢ
662 4045 730 4106 νόας.
1143 4058 1194 4108 νης,
1210 4043 1250 4095 καί
1265 4049 1314 4097 τῶν
1329 4041 1354 4097 ἐν
1368 4050 1405 4117 τῷ
1417 4046 1568 4118 στερεώματι
1578 4047 1677 4118 γέγονεν
1693 4045 1794 4119 ἐργάτης
1804 4067 1811 4111 ;
1821 4052 1874 4109 πῶς
1887 4044 1913 4099 δ1

360 4129 478 4188 vass,
505 4126 581 4183 hom.
607 4143 642 4182 xv
664 4131 697 4183 to
721 4131 805 4185 Caret.
829 4123 969 4191 Ἐξουσίας,
984 4127 1096 4197 ruptor-l·
1143 4121 1235 4177 ἔκτισεν
1250 4124 1377 4198 ἀγγέλους,
1386 4129 1426 4180 καί
1442 4127 1619 4201 ἀρχαγγέλους,
1634 4130 1743 4201 θρόνους,
1753 4130 1914 4200 καὶκυριότη·

324 4233 384 4280 τας,
412 4213 529 4283 θρόνους,
554 4210 650 4284 ἀρχὰς,
672 4210 801 4283 δυνάμεις,
816 4210 942 4282 Σιραρίμ,
957 4208 1093 4282 Χερουθλμ,
1143 4224 1194 4270 τας,
1207 4208 1247 4260 καί
1261 4209 1321 4280 πρός
1335 4209 1429 4273 τοότοις
1443 4209 1654 4283 ἐτιτάΣοραρίμ;

323 4294 488 4367 λειτουργούς.
1179 4288 1201 4364 s
1214 4291 1292 4347 ldem
1319 4292 1367 4349 1111.
1385 4292 1493 4349 total.
1514 4292 1559 4347 Ἐν
1574 4293 1684 4367 ἀμείνοσι
1703 4294 1729 4348 tt
1742 4295 1806 4348 colb
1818 4296 1874 4349 λίαν
1896 4296 1912 4363 ἢ

361 4394 376 4435 o
396 4379 477 4435 sts.
502 4376 539 4430 Τὰ
568 4375 611 4448 μὲν
634 4375 681 4449 γὰρ
704 4376 830 4431 κτισθέντα
853 4375 1035 4448 καταριθμεῖται
1059 4378 1096 4446 τῷ
1143 4372 1196 4425 καθ’
1203 4373 1276 4446 ἡμᾶς,
1288 4378 1350 4430 κατά
1363 4395 1391 4449 γε
1402 4378 1458 4439 τοὺς
1472 4375 1570 4441 ἐνόντας
1588 4378 1700 4450 τῇρόσιι
1714 4379 1814 4450 λόγους,
1829 4380 1914 4451 θρόνος

325 4464 405 4535 λόγῳ,
420 4462 519 4534 θρόνους
528 4458 605 4525 τινάς,
620 4460 659 4513 καλ
675 4459 762 4534 ἀρχάς,
776 4460 818 4512 καί
833 4456 950 4521 ἐξουσίας,
962 4457 1004 4511 καὶ
1016 4459 1097 4530 κυριό-
1143 4474 1180 4519 τε,
1195 4459 1235 4510 καὶ
1250 4456 1357 4523 ἐξουσία,
1371 4461 1412 4513 καὶ
1422 4462 1543 4532 κυριότης,
1553 4461 1594 4514 καὶ
1608 4460 1670 4514 αιἰτά
1679 4461 1915 4535 τάΣεραφίμ.1ίί(1θ

315 4545 504 4626 [ηταςλέγων
529 4544 634 4614 γινικοίς
652 4543 701 4596 τισί
715 4542 755 4594 καὶ
775 4542 977 4613 περιπληπτικυῖς
991 4540 1096 4614 ὀνόμασι
1145 4540 1222 4596 etlib
1251 4542 1421 4615 {Glapdym
1439 4544 1493 4600 old
1506 4547 1539 4599 in
1550 4547 1636 4599 Joart.

326 4633 376 4683 τῶν
393 4627 505 4701 ἀοράτων
528 4625 621 4680 τούτων
637 4626 762 4698 δυνάμεων
783 4623 826 4691 τὴν
841 4625 998 4677 διδασκαλίαν
1012 4623 1097 4677 αοιοό-
1179 4624 1826 4700 ρ6111.Ραεο.1111.11α1ἀριθμοῦμὲνκριίττονα
1844 4648 1916 4684 πνευ-

330 4729 412 4784 μενος.
1147 4708 1231 4778 μάτων
1245 4708 1321 4778 ἀγίων
1337 4707 1416 4763 ἐκτισα
1435 4709 1536 4779 πληθόν·
1553 4708 1619 4772 τάξιν
1634 4709 1660 4764 δέ
1676 4713 1729 4773 τοῖς
1744 4713 1858 4784 γεγονόσι
1870 4711 1915 4780 τὴν

364 4793 386 4850 d
405 4794 504 4850 Cvuvs.
521 4790 585 4845 Ἐἀν
599 4791 640 4844 καί
654 4788 692 4844 ἐπὶ
706 4788 749 4853 τὰς
763 4788 881 4862 ἀοράτους
895 4789 965 4862 ἔλθῃς
974 4790 1095 4863 δυνάμεις,
1146 4789 1246 4861 αρίστην
1257 4788 1379 4858 ἐπιτιθεὶς,
1394 4792 1424 4847 rb
1439 4792 1481 4865 μέν
1494 4792 1623 4866 ὠνόμασεν
1637 4792 1725 4866 ἀρχὴν,
1740 4793 1769 4847 τό
1782 4793 1819 4861 δέ,
1834 4796 1915 4869 κυριό·

328 4877 370 4929 καὶ
383 4878 425 4931 τόν
440 4874 560 4947 λογισμόν
588 4872 713 4946 ἀνατείνῃς
723 4871 762 4926 ἐπὶ
779 4871 822 4935 τὰς
842 4878 892 4927 τῶν
908 4872 1018 4945 ἀγγέλων
1030 4891 1099 4946 στρα·
1145 4889 1217 4939 τητα,
1232 4873 1317 4945 θρόνον
1331 4873 1358 4929 δὲ
1377 4876 1471 4948 ἕτερον,
1486 4875 1656 4950 ἀρχαγγέλους
1669 4876 1696 4930 ot
1709 4895 1786 4943 τινας,
1803 4879 1844 4930 καί
1865 4877 1913 4951 μὴν

329 4957 391 5031 τιάς,
404 4965 454 5013 τῶν
467 4956 638 5031 ἀρχαγγέλου,
653 4961 703 5009 τῶν
716 4955 768 5008 ἀνω
781 4957 919 5028 δυνάμεων,
930 4961 980 5010 τῶν
993 4956 1096 5028 θρόνων,
1146 4953 1274 5026 ἀγγέλους.

329 5047 379 5097 τῶν
391 5042 550 5115 κυριοτητων,
565 5046 615 5093 τῶν
628 5037 723 5112 ἀρχῶν,
736 5044 786 5092 τῶν
806 5036 931 5103 ἐξουσιῶν,
948 5045 998 5093 τῶν
1012 5038 1100 5110 Χερυυ-
1183 5036 1202 5091 le
1221 5040 1287 5095 Gru.
1301 5043 1334 5095 itt
1343 5043 1408 5097 Aet.
1425 5042 1472 5094 Καὶ
1486 5041 1590 5114 παρίημι
1605 5041 1648 5114 μίν
1662 5041 1693 5096 τό
1707 5041 1856 5116 ἀνθρόιιιινα.
1866 5041 1915 5118 ἐρῶ

331 5124 384 5198 61μ,
397 5130 447 5179 τῶν
458 5122 583 5194 Σεραρὶμ,
600 5122 672 5182 ποῖος
680 5121 755 5193 λόγος
766 5118 837 5191 ἀρκεῖ
852 5119 951 5183 ἐξειπεῖν
965 5120 1009 5190 την
1030 5140 1099 5193 μεγα-
1146 5121 1179 5172 δι’
1194 5115 1236 5175 οὖν
1250 5124 1295 5194 κᾷν
1318 5116 1436 5197 ἀγγέλους
1450 5125 1609 5199 όνομάσαιτο,
1628 5127 1668 5179 καί
1682 5124 1770 5199 ἀρχὰς,
1792 5129 1833 5182 καὶ
1858 5129 1915 5200 θρό·

330 5207 441 5275 λωσόνην
451 5199 527 5259 αὐτοῦ
536 5205 579 5273 την
594 5203 783 5275 ἀνεκδιηγητονς
1147 5222 1212 5270 νους,
1227 5207 1268 5259 καὶ
1278 5209 1430 5279 κυριότητας,
1447 5207 1643 5281 ἀπαριθμήσαιτό
1656 5227 1693 5270 τις
1710 5208 1752 5263 καί
1766 5209 1825 5282 μὴν,
1836 5210 1858 5264 εί
1867 5215 1916 5266 τῶν

367 5307 382 5348 e
400 5291 467 5348 Cla·
483 5288 505 5347 V
519 5291 553 5343 111
570 5291 655 5343 Joart.
676 5282 741 5341 Εἶτα
762 5291 824 5355 πῶς,
840 5285 897 5342 -είιτί
912 5307 965 5361 μοι,
980 5285 1022 5342 τόν
1033 5286 1099 5341 οὕτω
1148 5284 1268 5343 ἀνωτάτω
1279 5291 1468 5361 διαμιμνήσεται
1481 5290 1602 5365 Σεραρίμ.

358 5481 1055 5534 111111111υιΙιιιιιοιΙαιι111111.-111111.11110111.
