4122 6184
656 362 707 423 nn
725 362 903 442 ANGEIAS,
925 363 997 425 LlB.
1019 364 1062 436 ll,
1085 364 1168 425 GAP.
1185 363 1238 426 Vl.
1712 362 1752 424 st

164 525 281 588 sublato
303 543 340 586 os
360 543 452 589 suum
476 526 615 604 contigit,
632 545 707 594 non,
723 533 759 588 ut
781 528 850 590 aliis
863 529 930 608 ple·

164 619 233 691 cuit,
249 617 380 678 iniimus
390 618 503 697 aliquis
513 618 643 696 majoris
654 621 736 681 vices
748 638 870 698 gerens·

203 711 380 785 Quinetiam
414 711 454 771 ed
476 711 531 772 illa
552 711 648 772 verba
673 712 797 785 Christi,
818 713 932 793 Aepcli

164 821 383 883 mramsernpcr
398 802 499 863 uideat
518 802 627 883 faeiem
659 803 775 879 Patris,
790 805 933 866 custodes

165 895 633 975 Angelosesublimioribusesse
642 896 727 969 dicit,
742 903 779 957 ut
792 899 933 977 sequenti

165 989 262 1068 capite
272 986 419 1050 referam.

202 1082 246 1141 X.
268 1080 358 1141 Idem
370 1097 464 1160 porro
477 1080 715 1160 Chrysostomus
729 1082 763 1142 in
776 1098 935 1143 commen-

165 1174 247 1234 tariis
260 1173 302 1234 ad
324 1172 487 1252 epistolam
513 1172 602 1234 Pauli
615 1170 655 1233 ed
666 1172 815 1249 Hebraeos,
830 1174 935 1235 locum

166 1266 264 1341 illum,
280 1266 321 1326 de
334 1284 398 1345 quo
420 1266 552 1343 agimus,
571 1283 729 1342 enarrans,
753 1267 936 1346 Apostolum

165 1360 207 1418 ait
219 1377 284 1418 non
304 1358 344 1419 de
358 1357 483 1435 Angelis
495 1356 607 1430 solum,
622 1357 714 1418 idest
739 1357 935 1419 inferioribus

165 1450 329 1511 ordinibus
342 1449 439 1528 loqui,
454 1448 547 1509 sedet
560 1449 848 1528 reliquisomnibus,
857 1468 936 1530 quos

31 1563 144 1607 mm
165 1552 320 1623 λειτουργούς
331 1541 524 1620 vocet,quod
537 1541 935 1604 mittanturadvariacirca

55 1620 113 1661 η
164 1635 308 1696 homines
344 1634 489 1695 obeunda
516 1632 700 1694 ministeria.
738 1634 845 1711 Porro,
877 1635 934 1695 etsi

66 1810 82 1861 Ι

164 1727 275 1789 masne
283 1728 405 1788 dicatur
414 1727 470 1786 Dei
480 1725 586 1793 Filius,
599 1731 776 1787 nontamen
785 1732 935 1806 tanquam

164 1820 319 1895 minister,
333 1824 388 1880 aut
406 1818 543 1879 famulus
562 1817 706 1890 mittitur,
727 1818 803 1893 imo,
820 1820 843 1879 si
866 1837 936 1899 pro

164 1912 229 1992 prie
242 1912 415 1991 loquimur,
430 1929 496 1971 non
509 1910 653 1985 mittitur,
667 1912 741 1989 quia
753 1911 858 1971 locum
870 1929 936 1971 uon

165 2010 277 2076 mutat,
313 2003 369 2064 sed
402 2002 620 2063 tantummodo
653 2019 779 2063 carnem
810 2002 935 2064 induit:

168 2098 312 2159 «Missus
333 2101 381 2158 est
392 2094 519 2174 quidem
531 2095 603 2167 ,oit,
619 2100 650 2155 ct
671 2094 781 2169 Filius,
800 2094 854 2155 sed
872 2113 938 2156 nou

149 2196 317 2270 tunquam
330 2189 486 2259 minister,
501 2193 555 2248 aut
563 2186 709 2263 tumulus,
722 2187 776 2247 sed
784 2192 820 2246 ut
832 2187 936 2263 Filius,

165 2289 195 2344 ct
205 2283 401 2361 unigenitus,
416 2279 616 2359 ejusdemque
630 2297 702 2340 cum
721 2277 812 2340 Patre
826 2278 937 2339 volun-

164 2376 246 2436 tatis.
262 2374 325 2435 Vel
339 2373 441 2451 potius
462 2371 592 2432 maille
615 2376 660 2432 est
681 2372 806 2446 missus3
823 2372 938 2452 quippe

165 2468 203 2528 ad
226 2468 334 2528 locum
358 2484 376 2526 e
396 2465 464 2525 loro
485 2482 550 2524 nou
579 2464 712 2539 transiit,
736 2465 790 2525 sed
812 2482 938 2525 carnem

166 2560 310 2639 suscepit.
336 2562 377 2619 At
395 2557 442 2617 illi
459 2556 528 2617 loca
550 2561 683 2631 mutant,
712 2560 743 2617 et
765 2556 880 2635 priora,
904 2556 938 2617 in

166 2653 281 2732 quibus
298 2655 399 2722 erant,
424 2648 647 2727 relinquentes,
675 2648 714 2708 ed
728 2648 790 2709 elia
811 2649 844 2709 in
872 2649 938 2728 qui·

165 2744 223 2805 bus
261 2762 329 2805 non
354 2747 463 2816 amnt,
487 2740 695 2819 commigrant
721 2750 747 2800 ⁶.
780 2761 796 2798 υ
830 2742 936 2815 Vides,

165 2838 240 2916 quid
253 2837 294 2897 sit
320 2834 403 2895 mitti
425 2832 571 2911 Angelos,
587 2850 626 2893 ex
646 2833 859 2911 Chrysostomi
872 2852 940 2895 sen·

166 2929 271 3005 lentia3
285 2927 339 2990 cui
348 2927 510 3006 Repertus
523 2924 688 2986 assentitur
697 2924 937 3004 paulojenteaci-

164 3020 367 3098 tatnsintque
376 3018 514 3079 coelestes
527 3034 635 3077 omncs
648 3016 774 3097 spiritns
788 3017 827 3078 ed
835 3018 937 3078 homi·

166 3127 243 3171 num
254 3106 486 3190 procurandam
500 3105 753 3184 salutemubiquc
762 3106 936 3168 mittentur.

204 3199 360 3278 Didymus
379 3200 531 3276 preterea
559 3195 723 3274 inprime
751 3192 786 3255 de
815 3194 938 3276 Spiritu

164 3295 263 3351 wicta
298 3285 448 3367 preclare
487 3284 647 3363 idipsum,
686 3283 938 3364 apertissimeque

165 3381 317 3454 declarat;
337 3383 370 3438 et
382 3376 476 3438 simili
484 3380 667 3453 argumento
682 3374 832 3455 Spiritum
847 3378 940 3438 Sanc·

149 3478 234 3535 ,tum
248 3474 351 3533 Deum
364 3487 440 3546 csse,
453 3488 519 3529 non
532 3467 836 3546 creaturemprobat.
846 3469 937 3538 Nam,

166 3564 352 3625 sicreatnra
376 3562 426 3637 sit,
450 3578 574 3622 necesse
598 3565 645 3621 est
661 3577 842 3638 corpoream
861 3578 938 3637 esse,

167 3662 222 3717 aut
245 3654 387 3735 corporis
417 3658 586 3733 expertem.
607 3652 760 3730 Corporca
782 3668 848 3712 esse
875 3670 941 3713 non

167 3755 282 3828 potest,
295 3746 371 3826 quia
384 3745 418 3805 in
432 3743 775 3821 sensum,animamquc
785 3749 938 3822 penetrat.

170 3840 232 3903 Sed
258 3858 363 3918 neque
384 3836 522 3917 corporis
546 3853 673 3916 expers,
700 3852 773 3895 cum
800 3835 841 3895 ob
866 3835 942 3896 alias

168 3950 289 4003 causas,
318 3936 389 3991 tum
412 3933 539 4009 propter
565 3945 613 4003 ea,
646 3944 716 4007 que
751 3926 789 3986 de
817 3926 943 4004 Angelis

170 4025 286 4085 Paulus
303 4023 339 4082 in
352 4020 481 4101 epistole
492 4017 533 4080 ad
550 4017 832 4093 Hedroeocasserit3
847 4035 942 4096 quem

169 4117 302 4196 quidem
318 4114 462 4174 universe
480 4112 519 4172 dc
542 4110 667 4188 Angelis
692 4109 838 4170 omnibus
858 4110 944 4189 loqui

169 4208 219 4268 bis
242 4206 348 4266 uerbis
365 4205 514 4284 explicat:
543 4223 558 4259 ιι
585 4203 651 4262 Ηοσ
671 4201 768 4273 enim,
790 4201 875 4279 quod
888 4201 942 4276 ait,

171 4300 232 4359 Cui
245 4297 448 4373 Angelorum,
458 4311 546 4372 aque
559 4293 721 4371 accipitur,
729 4309 765 4351 ac
779 4293 805 4351 si
816 4291 942 4365 diceret,

172 4390 266 4461 nulli,
288 4405 345 4469 per
365 4387 541 4468 angelicum
553 4402 670 4446 nomen
683 4381 860 4463 significans
880 4400 945 4444 om·

981 528 1072 588 nium
1086 528 1290 589 substantiam
1306 526 1508 587 invisibilium
1526 532 1749 588 creaturarum.

981 622 1089 700 Neque
1103 621 1188 682 enim
1200 620 1256 680 ulli
1273 619 1401 699 quidem
1423 619 1625 698 Angelorum,
1638 625 1669 679 et
1680 619 1751 679 aliae

981 713 1105 773 cuidam
1119 712 1299 773 rationabili
1312 716 1461 772 creature
1471 711 1550 772 dixit
1563 713 1643 772 Deus
1656 731 1663 771 :
1678 709 1753 771 Sede

981 802 1138 865 adectris
1161 807 1241 865 maia
1270 804 1307 863 ln
1333 820 1499 864 commune
1524 803 1627 882 itaque
1650 820 1752 863 sermo

981 896 1175 976 pronuntiet,
1199 914 1263 956 non
1287 912 1352 955 esse
1371 894 1487 956 dictum
1510 896 1654 975 cuiquam
1667 913 1751 956 crea-

982 993 1073 1062 turae,
1088 986 1151 1048 sede
1165 1007 1184 1047 a
1196 986 1320 1048 destris
1332 987 1414 1047 meis.
1422 989 1461 1047 Et
1473 987 1578 1048 hocin
1587 1005 1752 1048 commune

984 1080 1022 1140 dc
1037 1085 1187 1141 creatura.
1203 1079 1241 1139 Et
1254 1079 1508 1158 pronuntiensgde
1521 1079 1667 1139 omnibus
1676 1079 1753 1139 invi·

985 1172 1126 1233 sibilibus
1139 1171 1305 1247 creaturis,
1320 1171 1363 1231 ait
1378 1189 1430 1231 eas
1444 1189 1509 1231 esse
1528 1172 1754 1232 administrato

985 1282 1034 1325 res
1060 1265 1200 1344 spiritus
1216 1266 1343 1343 Propter
1364 1264 1448 1341 quod
1468 1263 1599 1341 subjecit
1625 1262 1754 1324 :Nouae

985 1375 1082 1418 omncs
1095 1362 1165 1416 sant
1182 1355 1438 1415 administratores
1455 1355 1579 1436 spiritus
1598 1355 1631 1414 in
1651 1355 1753 1415 minii-

987 1449 1097 1509 teriam
1111 1449 1194 1508 ma'ssi
1203 1448 1218 1508 ‘l
1238 1448 1324 1509 Licet
1344 1446 1428 1508 enim
1446 1464 1511 1508 non
1524 1464 1633 1507 omnes
1646 1447 1752 1527 singil-

985 1528 1252 1602 latim‘invisibiles
1266 1545 1415 1601 creaturas
1426 1540 1529 1600 misse
1539 1544 1622 1613 sunt,
1634 1545 1752 1616 tamem

986 1634 1060 1712 quia
1073 1634 1211 1713 ejusdcm
1225 1632 1358 1712 generis,
1374 1638 1405 1692 ct
1420 1632 1549 1692 honoris
1562 1632 1630 1692 alie
1653 1633 1754 1693 misse

987 1731 1068 1794 sunt,
1092 1725 1322 1804 quodammodo
1336 1728 1367 1785 ct
1387 1724 1668 1804 ipsaepossibilitate
1682 1729 1755 1785 sunt

987 1819 1100 1886 missae,
1116 1817 1282 1878 missarum
1300 1826 1468 1890 consortes,
1482 1817 1671 1896 aequalisque
1685 1817 1755 1878 sub

988 1909 1120 1972 siantiae.
1135 1930 1151 1967 υ

1028 2002 1086 2062 XI.
1125 1999 1276 2061 Eusebius
1310 2000 1506 2061 Caesariensis
1536 2000 1591 2060 lib.
1627 2001 1685 2060 VII
1722 1999 1757 2061 de

989 2092 1757 2174 Evangelicaproeparatianc,Angelorumomnium

989 2184 1090 2245 officia
1112 2186 1155 2245 ita
1175 2184 1390 2263 complectitur
1412 2202 1429 2245 e
1450 2185 1543 2245 sacris
1565 2185 1756 2264 scripturis:

994 2297 1010 2334 a
1033 2276 1168 2352 Divinas,
1189 2275 1303 2355 inquit,
1329 2276 1460 2337 virtutes
1481 2281 1562 2338 nutu
1582 2277 1680 2337 Patris
1701 2276 1758 2337 teti

990 2369 1109 2429 mundo
1131 2368 1341 2447 presidentes,
1367 2372 1398 2427 ct
1415 2368 1612 2429 administros
1635 2369 1760 2448 spiritus

991 2461 1031 2521 ad
1045 2461 1253 2521 ministerium
1267 2461 1387 2527 missos,
1395 2466 1521 2540 propter
1530 2461 1654 2539 eosqui
1663 2461 1760 2522 heare

992 2553 1118 2613 ditatam
1130 2553 1258 2631 cupiunt
1271 2552 1371 2631 regui,
1387 2571 1423 2613 ec
1432 2571 1533 2613 sacros
1544 2552 1679 2631 Angelos
1692 2552 1760 2627 Dei,

992 2649 1022 2705 et
1054 2644 1275 2720 ArchangeloS,
1311 2649 1341 2704 et
1376 2643 1601 2724 intelligentem
1635 2661 1760 2703 omnem

992 2741 1149 2809 neumam,
1173 2735 1329 2796 bonorum
1349 2735 1537 2809 ministram,
1561 2735 1708 2808 lucidam,
1732 2741 1763 2795 ct

992 2828 1134 2888 omnium
1147 2827 1314 2901 bonorum,
1334 2846 1405 2907 quae
1418 2846 1437 2888 a
1449 2829 1514 2889 lieo
1529 2828 1760 2888 communicau-

991 2925 1043 2979 tur
1054 2919 1246 2994 hominibus,
1271 2919 1497 2992 administram,
1513 2935 1618 2994 regem
1640 2918 1764 2979 univer·

991 3029 1098 3072 somam
1111 3012 1246 3091 quodam
1256 3011 1398 3072 satellitio
1412 3013 1525 3091 stipare
1538 3010 1559 3086 l,
1574 3018 1632 3072 cte.

1030 3103 1198 3180 Gregorius
1224 3120 1348 3181 quoque
1382 3104 1544 3181 Nyssenus
1571 3105 1762 3167 Eunomium

991 3194 1145 3255 insectans
1156 3193 1178 3270 ¹,
1194 3194 1248 3273 qui
1262 3194 1419 3254 Christum
1432 3195 1466 3255 in
1480 3197 1670 3274 Angelorum
1680 3198 1762 3258 ordi-

991 3304 1065 3348 nem
1078 3286 1274 3358 amandabat,
1290 3286 1405 3347 horum
1423 3287 1634 3349 conditionem
1656 3308 1695 3349 cx
1709 3289 1762 3350 illo

991 3378 1129 3458 Apostoli
1141 3377 1209 3439 loco
1222 3376 1263 3439 ad
1276 3377 1414 3439 chroeos
1426 3379 1585 3441 secernite
1600 3382 1657 3442 Dei
1672 3381 1760 3457 Filio,

992 3470 1076 3549 quod
1090 3487 1199 3531 omnes
1212 3470 1323 3548 Angcli
1342 3470 1556 3531 ministrorum
1574 3472 1712 3547 nominc,
1726 3492 1762 3534 ac

992 3562 1150 3623 functione
1163 3567 1341 3623 censentur.

1032 3653 1129 3714 Aliter
1146 3654 1222 3714 item
1234 3655 1400 3732 Gregorius
1413 3656 1625 3717 Nazianzenus
1633 3657 1667 3717 in
1680 3657 1763 3719 calce

993 3744 1240 3806 orationisxxxiv
1272 3764 1346 3807 cum
1364 3747 1556 3825 Angelorum
1581 3766 1718 3809 summos
1732 3754 1764 3810 et

993 3837 1116 3897 infimos
1130 3836 1352 3916 percensuisset
1370 3838 1504 3910 ordines,
1521 3857 1596 3899 mox
1619 3841 1763 3901 universe

993 3929 1046 4003 ait,
1063 3949 1079 3984 a
1092 3928 1161 3988 illos
1173 3928 1285 3988 divine
1299 3928 1467 3990 voluntatis
1482 3931 1679 3991 administros
1695 3932 1763 3992 loce

993 4020 1099 4080 omnia
1134 4038 1310 4099 peragrare,
1340 4022 1486 4082 omnibus
1511 4023 1627 4100 ubique
1657 4022 1763 4083 edesse

994 4117 1154 4191 promptos
1185 4119 1254 4172 tum
1283 4113 1447 4173 ministerii
1478 4114 1654 4189 alacritate,
1694 4121 1763 4175 tum

994 4209 1115 4263 natura
1138 4203 1286 4281 agilitate,
1302 4205 1377 4265 alies
1391 4205 1485 4266 aliem
1513 4206 1622 4267 mundi
1645 4213 1764 4286 partem

995 4294 1180 4359 obtinentes,
1196 4295 1261 4356 sive
1279 4295 1366 4356 alteri
1391 4296 1525 4376 cuipiam
1545 4299 1764 4378 partiuniver·

995 4386 1094 4445 sitatis
1107 4386 1272 4448 attributos
1286 4396 1309 4446 ⁰.
1324 4408 1340 4446 υ

172 4568 320 4640 punctim
348 4561 455 4619 Ἠσαίου
479 4564 594 4635 λέγοντος
615 4562 671 4633 περὶ
693 4567 743 4615 τῶν
769 4558 883 4632 &vetlem
897 4565 946 4614 τῶν
1033 4562 1234 4626 Illiberali<
1260 4563 1303 4636 μὲν
1328 4559 1370 4619 οὖν
1390 4566 1455 4629 θείας
1468 4568 1580 4640 δυνάμεις
1600 4567 1700 4640 νεύματι
1723 4563 1767 4623 roi

177 4651 305 4724 ’,λγγὲλων
319 4649 456 4721 δυνάμεων,
473 4648 511 4700 ὅτι
532 4639 596 4699 εἶδον
617 4645 648 4698 τά
671 4644 791 4716 Χερουύὶμ
814 4642 910 4697 ἑστῶτα
922 4642 948 4697 ἔκ
996 4645 1088 4716 πατρὸς
1099 4651 1135 4718 τῷ
1150 4646 1270 4720 σύμπαντι
1281 4646 1520 4723 ἔφεστώσαςκύσμῳ,
1533 4651 1564 4705 τά
1578 4670 1604 4704 τε
1614 4651 1768 4724 λειτουργικὰ

172 4734 261 4796 δεξιῶν
276 4726 320 4786 τοῦ
347 4731 412 4796 θεοῦ,
427 4731 467 4783 καὶ
485 4727 517 4783 τὰ
534 4727 901 4801 Σεραφὶμ,κα1κατεκάλυπτον
916 4726 948 4779 τὰ
997 4726 1122 4799 πνεύματα
1137 4729 1170 4792 εἰς
1191 4731 1314 4785 διακονίαν
1329 4732 1528 4805 ἀποστελλόμενα
1541 4733 1582 4787 διὰ
1595 4734 1651 4796 τοὺς
1668 4735 1769 4807 μελλόν-

174 4820 299 4890 πρόσωπα
313 4815 416 4878 ἑαυτῶν,
428 4820 482 4869 ele.
997 4828 1040 4873 τας
1052 4812 1214 4885 κληρονομεῖν
1237 4815 1369 4884 βασιλείαν,
1385 4817 1441 4879 τούς
1455 4835 1481 4869 τε
1501 4811 1580 4888 ἱερούς
1594 4816 1712 4890 ἀγγέλους
1725 4813 1768 4873 τοῦ

212 4917 235 4956 a
255 4901 355 4955 Cnnrs.
372 4898 402 4953 in
416 4912 459 4968 ep.
482 4896 523 4951 ad
538 4895 625 4951 Hebr.
647 4893 776 4966 Ἐπέμφθη
792 4892 834 4965 μὲν
849 4887 890 4946 οὖν
908 4893 949 4945 κα1
998 4894 1063 4959 θεοῦ,
1078 4894 1118 4947 καὶ
1133 4895 1311 4969 ἀρχαγγέλους,
1326 4900 1405 4951 πᾶσάν
1421 4919 1446 4952 τε
1463 4899 1505 4952 τὸν
1520 4901 1632 4953 διάκονον
1647 4906 1697 4953 τῶν
1712 4899 1770 4974 ἀγα·

175 4983 265 5049 θυίδς,
281 4982 339 5035 ἀλλ’
353 4982 402 5054 obp
423 4980 458 5041 ὡς
470 4979 591 5043 διάκονος,
605 4977 662 5031 atti
684 4977 718 5041 ὡς
731 4975 879 5048 λειτουργὸς,
892 4974 949 5028 ἀλλ’
998 4978 1047 5030 θῶν
1059 4977 1145 5050 νοεράν
1160 4978 1254 5042 οὐσίαν,
1277 4982 1395 5051 φωτεινὴν
1409 4976 1500 5047 οὖσαν,
1514 4983 1555 5036 καὶ
1571 4984 1670 5038 πάντων
1684 4982 1770 5055 luppi-

177 5068 213 5128 ὼς
225 5066 277 5128 σύος
299 5065 340 5117 καὶ
356 5060 501 5135 μονογενὴς,
517 5059 603 5114 καὶτὰ
619 5059 681 5114 eit&
696 5064 732 5130 τῷ
746 5059 820 5129 πατρὶ
835 5058 950 5128 βουλόμε-
998 5079 1042 5129 την
1056 5067 1106 5115 τῶν
1121 5062 1153 5123 εἰς
1168 5063 1308 5135 ἀνθρώπους
1322 5064 1348 5117 ἐκ
1361 5066 1416 5119 θεοῦ
1428 5067 1590 5139 δωρουμένων
1604 5067 1712 5139 ἀγαθῶν,
1724 5068 1767 5122 τὸν

178 5169 229 5210 νος.
248 5149 344 5220 μᾶλλον
358 5147 385 5201 dl
399 5145 457 5199 citt
466 5143 584 5215 ἐπέμφθη.
600 5142 629 5197 οὗ
643 5143 689 5215 γὰρ
703 5140 729 5194 ἔκ
742 5143 819 5195 τύπον
831 5139 864 5202 εἷς
873 5142 949 5193 τύπον
999 5145 1154 5215 παμύασιλέα
1163 5148 1261 5200 πάντων
1275 5151 1424 5220 δωροφορεῖν
1437 5150 1501 5203 θεόν.

179 5232 279 5305 peribu,
294 5230 454 5300 ἀλλάσύριια
467 5220 948 5294 ἇνῦιαόεν·οὗτοῑῧέτύπουςόμ3(6ουσῑ,
1036 5229 1195 5284 otilzuuz.
1217 5234 1375 5305 Λειτουργοθς
1397 5234 1462 5286 telos
1489 5234 1639 5304 θελήματος,
1665 5232 1769 5295 δυνατὰς

178 5316 218 5369 ²²1
228 5315 282 5378 τώς
294 5314 429 5387 wlff<
443 5311 543 5382 &pirre
555 5308 580 5364 θ’
594 5304 633 5373 Οἷς
647 5309 719 5375 ‘ldie
729 5308 807 5370 Οὕτως
815 5306 847 5370 ‘lt
856 5305 950 5378 ἕῐὲρῠυς
1001 5308 1069 5382 ἰσχύϊ
1081 5317 1168 5385 φυσικῇ
1182 5332 1226 5376 τε,
1244 5314 1286 5366 καὶ
1308 5313 1445 5388 ἐπικτήτου,
1460 5318 1540 5369 πάντα
1555 5315 1768 5387 ἐπιπορευομένας,

180 5398 303 5472 ἔρχονται,
315 5397 341 5452 ἐν
352 5392 392 5461 οἷς
406 5394 452 5450 οὒκ
464 5392 537 5463 ἦσαν.
1000 5395 1061 5447 πᾶσι
1073 5400 1203 5468 πανταχοῦ
1212 5397 1335 5469 παρούσας
1354 5397 1463 5470 ἑτοίμας,
1481 5398 1604 5468 προθυμίᾳ
1625 5415 1652 5451 τε
1665 5397 1771 5471 λιιτουρ·

206 5530 456 5577 thummim.
