3984 6176
280 318 342 379 tot
791 319 1117 385 recommonens
1139 318 1358 384 occultunt

280 481 382 543 dicere
417 485 596 549 veremur?
631 487 688 548 Vel
717 486 807 548 nobis
831 486 913 547 dicct
938 486 1050 567 aliquis
1098 486 1220 565 litteris,
1241 491 1368 568 propter
1390 483 1500 563 malos,
1523 482 1640 564 quivix
1654 483 1741 542 metu
1749 478 1864 560 sempi-

281 593 499 651 consumens
519 579 661 640 homines
671 597 808 653 carnem,
823 584 854 640 et
867 579 1051 658 sanguinem
1099 582 1181 642 terni
1194 580 1336 660 supplicii
1352 579 1392 640 ab
1410 533 1535 657 flagitiis
1548 573 1710 637 absterreri
1724 577 1862 681 possunt.

281 667 382 729 induti
403 670 570 751 confugere
590 673 709 752 possint
730 669 861 777 (mptati)
879 669 930 777 iad
951 672 1050 732 Deum
1139 674 1191 734 Xl
1213 673 1268 734 llis
1282 670 1457 732 omnibus
1448 689 1482 731 m
1504 668 1581 731 locis
1594 668 1707 729 erroris
1720 668 1797 745 ejus
1812 664 1865 744 qui
1890 650 1977 725 Mul

281 778 338 839 per
361 761 529 838 Christum,
548 782 600 825 eos
622 783 708 839 vero,
732 765 786 845 qui
805 763 926 845 puriori
940 769 1052 825 natura
1099 766 1225 845 Origeni
1248 765 1438 825 tribuitura
1465 761 1619 837 Patribus,
1639 760 1865 822 hsudobscura
1900 724 1977 821 mes

282 857 420 926 utantur,
432 856 517 917 idem
528 876 592 918 non
600 876 700 938 posse,
712 858 764 918 sed
774 875 882 917 omnes
892 875 1052 941 incapaces
1098 859 1203 920 relicta
1216 862 1289 919 sunt
1301 857 1438 936 vestigia
1450 854 1542 916 Plura
1551 853 1688 915 fortassis
1698 857 1864 929 exstarent,
1903 873 1977 919 ιιοιι

282 962 346 1007 esse
373 948 557 1010 credendi
548 969 582 1011 m
613 950 715 1012 Salvat
702 956 823 1023 t‚orem
859 949 1050 1029 minimeque
1099 957 1130 1014 et
1143 952 1285 1027 clariora,
1300 950 1564 1028 siintegraopers
1575 947 1658 1008 illius
1668 946 1864 1023 haberemus,

282 1037 509 1119 obstupescere,
524 1048 651 1123 propter
683 1042 875 1123 prodigiosas
903 1042 1049 1114 virtutes,
1099 1062 1200 1125 neque
1227 1044 1267 1105 ab
1295 1042 1460 1105 temeraria
1487 1058 1584 1101 monn
1613 1046 1766 1118 corrupta.
1798 1038 1867 1099 Non
1976 1052 1977 1069 t

282 1131 433 1210 quasipse
446 1131 561 1195 fecerit.
577 1134 617 1195 At
630 1152 688 1212 ego
702 1152 783 1208 reor,
800 1135 893 1194 etiem
907 1133 987 1194 circa
1000 1152 1051 1195 eas
1099 1137 1184 1197 euim
1211 1135 1321 1197 adduci
1348 1151 1490 1215 possum,
1513 1136 1550 1193 ut
1579 1136 1625 1192 tot
1649 1130 1864 1199 sanctissimos,
1976 1192 1977 1195 ,

281 1222 433 1301 potentias
462 1222 661 1306 [principatus
682 1244 760 1305 quos
785 1223 906 1306 vocant]
934 1226 1050 1305 aliquid
1099 1230 1384 1307 eruditissimusque
1400 1227 1494 1303 viros,
1518 1230 1609 1304 atquc
1623 1224 1699 1285 adeo
1713 1223 1867 1302 synodum

281 1311 398 1374 factum
411 1314 516 1392 fuisse,
532 1318 711 1379 immutatos
725 1318 879 1379 inmelius
892 1319 925 1379 in
939 1318 1050 1379 Christi
1100 1320 1352 1396 OEcumenimm3
1375 1319 1425 1381 vel
1438 1336 1553 1396 errore,
1568 1317 1618 1378 vel
1629 1315 1822 1396 impotentia,
1838 1321 1868 1376 et
1976 1356 1977 1359 ι

282 1405 460 1467 adventu.»
1099 1414 1170 1475 odio
1190 1413 1235 1475 sic
1252 1419 1416 1474 occaecntos
1433 1411 1526 1472 fuisse
1546 1410 1681 1483 credam,
1702 1413 1738 1468 nt
1751 1408 1791 1468 de
1805 1407 1868 1469 Ori·

321 1499 365 1560 X.
394 1501 461 1575 Quo
497 1506 528 1563 et
559 1502 636 1564 illud
655 1502 763 1564 referri
787 1507 898 1583 potest,
919 1504 1003 1583 quod
1018 1503 1050 1564 in
1099 1507 1188 1586 genis
1197 1506 1344 1585 opinione
1357 1504 1435 1566 falso
1449 1503 1508 1563 ista
1516 1500 1725 1583 prodiderint3
1741 1505 1796 1560 ant
1804 1501 1868 1561 sine

281 1588 411 1653 homilia
442 1610 514 1655 xxm
543 1593 574 1654 ιἰι
592 1594 703 1656 Lucam
729 1596 859 1675 scripsit,
877 1600 940 1655 tem
958 1596 1052 1656 loon·
1100 1596 1357 1660 manifestissimis
1370 1595 1571 1674 argumentis,
1590 1610 1703 1655 acuon
1716 1593 1790 1653 satis
1801 1611 1869 1672 pro

282 1697 355 1739 nem
370 1682 548 1760 Baptistam,
569 1683 802 1764 oquamipsnm
817 1683 1007 1745 Salvatorem
1022 1689 1053 1745 et
1100 1690 1183 1765 batn,
1206 1689 1426 1770 explorataque
1449 1706 1494 1764 re,
1521 1686 1643 1747 decreto
1664 1703 1731 1758 suo,
1751 1690 1868 1745 ossen.
1976 1680 1977 1687 ’

282 1770 471 1849 hominibus,
494 1780 524 1835 et
547 1775 682 1854 Angelis,
703 1782 734 1837 ct
755 1776 1053 1837 virtutihuscaetcris
1100 1785 1197 1844 tentia
1221 1782 1416 1856 notaverint,
1442 1781 1505 1841 imo
1524 1777 1825 1855 vero'nominiejus,
1840 1784 1871 1838 et

283 1864 450 1927 salutarem
463 1867 644 1947 predicasse
657 1869 883 1948 poenitentiam,
898 1877 934 1930 ut
948 1870 981 1930 in
995 1888 1052 1931 no·
1101 1875 1261 1936 memoriae
1286 1873 1506 1952 sempiternam
1530 1872 1665 1952 plagam,
1689 1874 1720 1932 et
1740 1869 1870 1948 ignomi-
1976 1872 1977 1933 Ῐ

283 1956 368 2017 mine
391 1958 465 2020 lesu
487 1978 580 2021 omne
603 1979 687 2039 genu
705 1961 857 2037 flectatur,
871 1961 1052 2039 coelestium,
1102 1967 1187 2028 niam
1210 1965 1426 2046 imposuerint.
1451 1965 1539 2026 Certe
1558 1963 1593 2024 iu
1614 1963 1663 2037 iis,
1679 1978 1755 2041 quas
1769 1959 1867 2038 emili,

283 2052 488 2129 terrestrium,
514 2058 544 2113 et
557 2053 751 2115 infernorum
763 2074 771 2131 ;
786 2076 802 2113 ιι
819 2054 874 2115 nbi
886 2056 1051 2132 incertum,
1102 2058 1263 2121 sententiis
1277 2057 1427 2137 Om’genis,
1442 2056 1589 2137 principis
1603 2055 1796 2128 demonum,
1810 2052 1872 2112 sive

285 2142 453 2222 demones,
476 2163 517 2205 un
542 2145 674 2221 Angelos
684 2155 806 2208 sanctos
818 2147 893 2207 velit
905 2148 944 2209 ad
958 2148 1056 2228 pmni·
1102 2151 1218 2213 dioboli
1244 2151 1349 2212 futura
1375 2149 1457 2210 salus
1483 2149 1588 2210 minus
1610 2163 1751 2226 expresse
1772 2142 1870 2206 decla·

284 2236 417 2298 tentiam
433 2255 498 2299 esse
510 2243 691 2315 commotos,
707 2244 858 2319 tanquam
871 2247 902 2301 et
914 2241 973 2321 ipsi
986 2259 1057 2320 pec·
1103 2251 1204 2312 ratur,
1233 2245 1426 2323 „doemonum
1459 2259 1532 2303 vero
1563 2240 1656 2321 paulo
1681 2238 1869 2315 distinctim,

286 2329 434 2404 caverint,
457 2331 541 2411 quod
570 2337 601 2392 et
623 2332 684 2392 alio
707 2332 740 2393 in
764 2332 831 2393 loco
856 2333 1053 2412 significavit.
1103 2337 1269 2398 hominum
1291 2335 1425 2416 denique
1441 2333 1661 2395 damnatorum
1682 2331 1757 2392 citra
1778 2330 1871 2391 ullam
1976 2344 1977 2347 ’

287 2420 416 2482 'lumin
430 2422 544 2483 tomoI
559 2423 757 2500 indemnem,
779 2424 982 2487 «Absurdum
997 2432 1053 2505 est,
1104 2428 1331 2490 dubitationem
1353 2427 1509 2488 asseritur.
1534 2425 1623 2499 Quod
1641 2423 1753 2485 erroris
1771 2423 1873 2483 discri-

285 2513 399 2593 inquit,
425 2533 483 2595 pro
506 2515 636 2596 peccatis
658 2516 785 2597 quidem
798 2516 945 2578 humanis
956 2518 1056 2581 dicere
1105 2538 1178 2582 men
1192 2520 1357 2600 diligenter
1370 2518 1527 2581 observari
1538 2518 1697 2586 volumus,
1712 2533 1766 2592 ne,
1776 2514 1872 2577 sicubi

286 2624 361 2668 eum
376 2612 510 2669 mortem
522 2614 671 2687 gustasse,
688 2627 752 2670 non
771 2610 815 2669 ita
828 2628 901 2670 vcro
915 2630 972 2690 pro
986 2613 1055 2690 qui·
1106 2618 1259 2675 oeternum
1273 2612 1445 2674 inferorum
1458 2607 1872 2690 ignemabeonomineriex
1976 2628 1977 2631 ¹

287 2698 480 2778 boscumque
500 2702 594 2762 etiam
609 2700 687 2776 eliis,
704 2700 758 2780 qui
771 2706 883 2781 praeter
895 2702 1057 2765 hominem
1106 2705 1272 2783 Evangelio
1280 2704 1425 2784 legimns,
1445 2710 1500 2764 eut
1517 2703 1646 2763 asnlute
1660 2700 1873 2781 consequenda

286 2790 476 2872 inpeccatis
500 2798 611 2867 essent,
638 2793 726 2854 verbi
746 2794 846 2872 gratie
870 2813 927 2874 pro
954 2797 1055 2873 ostris,
1105 2797 1274 2866 diabolum,
1302 2799 1356 2857 aut
1383 2797 1477 2857 etiam
1501 2795 1659 2856 daemones
1684 2791 1818 2869 excludi,
1836 2791 1872 2853 de

286 2883 439 2945 nimirum
463 2903 566 2966 neilus
590 2885 680 2947 ostris
705 2885 834 2947 omnino
862 2905 967 2947 coram
994 2890 1057 2950 Deo
1104 2890 1286 2951 hominibus
1305 2888 1433 2969 perinde
1457 2886 1596 2967 reprobis
1621 2902 1739 2960 sanam,
1764 2885 1872 2945 acsin·

287 2976 374 3057 puris
387 2977 599 3039 existentibus.
621 2999 636 3037 ν
664 2978 793 3040 Videtur
808 2997 881 3058 ergo
895 2979 934 3041 de
947 2981 1058 3042 sanctis
1106 2999 1211 3043 ceram
1229 2981 1312 3041 illius
1330 2984 1469 3041 mentem
1491 2983 1636 3058 putemus
1654 2976 1757 3038 fuisse.
1776 2977 1874 3050 Quan-

287 3066 413 3146 dngelis
431 3068 691 3150 interpretandus,
712 3088 790 3150 quos
805 3077 836 3132 ct
849 3090 988 3151 peccasse
1002 3073 1058 3134 ali-
1107 3090 1213 3153 quem,
1229 3072 1285 3134 etsi
1298 3071 1485 3151 quibusdem
1497 3070 1566 3131 aliis
1579 3070 1612 3130 in
1622 3069 1696 3130 locis
1709 3068 1749 3129 de
1760 3074 1873 3130 esterno

288 3160 414 3240 quondo
443 3164 572 3223 censuit.
605 3162 781 3235 Quinetiam
811 3168 897 3224 tomo
926 3165 999 3226 xix
1025 3170 1059 3226 νἰι
1106 3164 1326 3226 damnatorum
1340 3163 1558 3224 omniumtam
1573 3162 1766 3237 daemonum,
1782 3177 1873 3241 quam

287 3251 428 3316 loannem
436 3254 586 3332 quosdam
595 3272 659 3316 csse
668 3254 773 3331 tradit,
788 3275 803 3312 ιι
813 3256 867 3334 qui
880 3275 945 3317 non
956 3257 1057 3319 solum
1106 3256 1272 3317 hominum
1286 3254 1436 3335 supplicio
1449 3258 1532 3315 recte
1545 3253 1686 3331 senserit,
1710 3252 1796 3332 quod
1813 3269 1874 3313 non

287 3345 322 3406 in
335 3346 395 3407 hoc
409 3346 532 3422 saeculo,
546 3345 750 3407 verumetiam
764 3347 797 3406 in
813 3346 931 3425 ltrtrrro,
947 3368 966 3410 s
984 3368 1057 3430 pro·
1107 3367 1268 3429 negamus,
1285 3347 1388 3409 statim
1401 3364 1592 3425 consequens
1602 3364 1668 3406 non
1686 3350 1743 3418 est,
1757 3363 1831 3406 eum
1842 3344 1874 3404 in

288 3438 358 3518 prio
385 3443 509 3518 peccato
547 3438 764 3513 detineantur3
793 3439 890 3500 veluti
913 3441 998 3515 istos,
1020 3442 1059 3504 de
1107 3442 1174 3502 aliis
1200 3441 1330 3502 minime
1357 3438 1523 3500 aberrasse.
1550 3438 1638 3512 Quod
1665 3443 1793 3517 propter
1816 3435 1875 3497 Pici

289 3530 403 3609 quibus
417 3530 513 3591 Filius
526 3530 628 3611 inquit
643 3531 717 3592 Dei:
741 3529 803 3606 (lei
816 3530 1060 3614 blasphemaverit
1108 3533 1331 3607 Mirandulani,
1350 3532 1369 3592 J
1372 3531 1460 3597 scobi
1479 3529 1617 3608 Merlini,
1637 3548 1673 3591 sc
1687 3527 1875 3591 Genebrardi

289 3623 322 3683 in
333 3621 484 3704 Spiritum
501 3622 659 3700 comtum,
679 3642 737 3683 ιιοιι
747 3621 829 3685 tacet
847 3625 1056 3701 rescissionem,
1108 3626 1262 3687 rationem
1276 3625 1376 3686 dicere
1390 3628 1437 3684 est
1450 3640 1595 3698 necessc;
1616 3621 1670 3701 qni
1688 3621 1721 3683 in
1736 3620 1874 3701 origenis

288 3733 380 3796 neque
392 3714 573 3797 inpraesenti
584 3714 699 3792 soeculo,
711 3734 802 3798 mque
821 3716 852 3776 io
866 3715 989 3796 sutorem
1002 3738 1059 3780 nec
1109 3716 1338 3779 defensionibus
1347 3715 1407 3776 hoc
1420 3733 1484 3775 uno
1493 3731 1607 3794 genere
1616 3713 1793 3792 argumenti
1806 3730 1875 3793 pur·

289 3812 397 3869 tamen
418 3807 580 3888 sequitur:
604 3809 780 3870 nonhabet
799 3810 1013 3872 remissionem
1024 3811 1059 3872 in
1107 3811 1175 3891 gari
1191 3810 1292 3885 illum,
1316 3809 1388 3870 satis
1407 3824 1561 3887 superque
1577 3806 1748 3879 confidunt,
1763 3805 1790 3866 si
1804 3821 1874 3867 eum

288 3898 395 3962 futuro
421 3900 545 3972 seculo,
580 3919 654 3980 ergo
683 3919 741 3963 ncc
767 3903 800 3963 in
828 3904 1059 3982 superventuris
1108 3903 1238 3964 doceant
1246 3901 1318 3962 ahbi
1333 3900 1371 3961 de
1385 3900 1449 3961 istis
1462 3915 1552 3978 vere,
1567 3897 1777 3979 catholiceque
1786 3896 1875 3977 scrip

287 3993 418 4057 saecnlis.
439 4016 452 4051 ν
470 3995 551 4074 Fago
566 4011 619 4055 eos
637 3999 737 4073 putat,
752 3995 806 4075 qui
819 3995 853 4055 in
866 4001 990 4074 peccato
1004 3995 1058 4057 illo
1108 3995 1191 4056 sisse.

290 4091 398 4147 contra
416 4086 568 4166 Spiritum
591 4091 732 4147 sanctum
752 4087 948 4156 decesserint,
965 4088 999 4147 in
1013 4086 1058 4148 fn-
1071 4140 1084 4166 ,
1148 4087 1214 4148 Xll.
1241 4086 1341 4165 Atque
1363 4083 1444 4145 nihil
1470 4084 1531 4144 hoc
1556 4099 1670 4163 genere
1692 4080 1874 4143 defensionis

289 4183 361 4240 turo
385 4179 496 4240 seculo
525 4178 649 4239 veniam
678 4179 808 4240 minime
839 4180 976 4258 assequi,
1005 4180 1059 4241 sed
1107 4178 1206 4239 levius
1219 4182 1275 4239 est.
1291 4178 1332 4238 Ut
1344 4175 1430 4238 enim
1444 4174 1498 4255 qui
1519 4174 1625 4253 semel,
1649 4173 1823 4252 iterumque
1841 4171 1873 4232 in

288 4274 396 4333 tamen
418 4270 451 4331 in
476 4269 707 4350 superventuris
720 4271 839 4332 saeculis
851 4271 889 4331 ad
908 4288 976 4332 esm
991 4289 1059 4350 per·
1107 4271 1269 4332 scribendo
1304 4269 1409 4348 lapsus
1446 4275 1503 4343 est,
1533 4286 1599 4328 non
1626 4283 1700 4328 eum
1725 4264 1871 4345 sequitur,

289 4363 408 4439 venire,
429 4362 490 4422 hoc
516 4368 562 4423 cst
587 4367 656 4441 post
682 4362 862 4441 longissima
881 4369 1058 4443 temporum
1108 4363 1223 4443 ubique
1235 4379 1300 4423 csse
1312 4361 1454 4440 lapsum,
1470 4360 1513 4419 sic
1530 4359 1584 4438 qui
1602 4358 1769 4438 aliquando
1782 4362 1871 4432 recte,

290 4454 464 4516 intervella.
472 4455 515 4515 lte
525 4473 587 4534 quo
598 4454 669 4516 vide
678 4454 837 4517 Athanasii
846 4455 1056 4529 locumillum,
1108 4462 1140 4518 et
1161 4454 1308 4518 catholice
1336 4450 1466 4532 scripsit,
1491 4469 1556 4511 non
1573 4451 1600 4511 is
1613 4455 1777 4530 propterea
1790 4448 1872 4510 nullo

291 4565 386 4627 quem
410 4564 503 4627 supra
529 4546 693 4607 citavimus
710 4547 744 4607 in
765 4548 844 4610 libro
866 4548 1062 4610 decommum
1108 4549 1141 4610 in
1156 4548 1224 4610 loco
1243 4545 1399 4607 titubavit.
1423 4543 1484 4605 Sed
1502 4548 1548 4603 est
1567 4543 1621 4603 ills
1633 4547 1782 4623 preterca
1789 4559 1873 4621 supe·

291 4640 422 4702 essentiis.
451 4638 540 4700 idem
567 4638 660 4700 etiem
674 4638 843 4718 Οιιςοιιοειι
859 4641 893 4701 in
918 4641 999 4702 libro
1019 4642 1060 4702 Vl
1108 4643 1174 4703 ιιοι
1200 4636 1473 4700 animadvertenda
1497 4635 1649 4717 dogmatis
1672 4634 1706 4695 in
1730 4636 1872 4714 scriptore

289 4740 392 4794 contro
407 4730 525 4795 Celsum
538 4731 577 4792 de
586 4731 771 4811 purgatione
780 4731 834 4792 illa
846 4738 914 4812 post
927 4738 1060 4793 mortem
1109 4734 1168 4794 isto
1179 4731 1323 4803 varietas,
1331 4734 1362 4789 ct
1375 4728 1593 4788 inconstantia.
1608 4727 1688 4787 Nam
1700 4724 1872 4788 omniafere

291 4823 476 4904 impiorum,
504 4823 647 4904 quaedam
675 4821 775 4884 obiter
801 4816 930 4899 intexit3
958 4842 1060 4904 neque
1107 4826 1186 4901 loca,
1207 4840 1276 4904 quae
1296 4840 1313 4882 o
1333 4820 1475 4897 Merlino,
1495 4825 1526 4880 ct
1547 4820 1745 4881 Genebrardo
1759 4837 1797 4881 ex
1811 4815 1873 4878 Ori-

291 4921 396 4978 tutum
420 4934 484 4978 csse
507 4916 592 4993 dicit,
617 4915 752 4998 apertius
774 4916 1060 4979 istacommendsre
1109 4935 1188 5000 gene
1201 4915 1385 4998 deprompta
1396 4916 1481 4986 sunt,
1496 4917 1551 4972 aut
1566 4911 1645 4974 nihil
1658 4911 1795 4974 efficiunt
1807 4925 1871 4970 om·

329 5136 350 5176 a
373 5120 453 5176 Οιιιο.
483 5116 552 5172 Ἀλλ’
576 5117 628 5172 οὐδ’
656 5117 782 5172 ἀκίνδυνον
806 5117 850 5187 τὴν
869 5123 918 5174 τῶν
943 5119 1061 5174 τοιούτων
1110 5121 1232 5195 χρήσιμον
1248 5117 1394 5179 ἀνιᾶαινειν,
1415 5112 1456 5168 διὰ
1476 5112 1532 5175 τοις
1550 5113 1621 5185 μόγις
1634 5114 1703 5187 pomp
1721 5120 1764 5183 τῆς
1778 5114 1872 5168 αἰωνίου

293 5205 424 5276 σαφήνειαν
438 5205 565 5257 πιστεῦσαι
577 5205 667 5276 γραφῇ
678 5203 721 5258 ἅτε
735 5208 784 5256 τῶν
798 5202 899 5256 πολλῶν
914 5203 942 5256 οὗ
956 5204 1061 5277 χρῃζόν-
1108 5203 1233 5266 κολάσεως
1246 5203 1290 5255 κᾶν
1313 5198 1491 5258 ονοτιλλόντας
1510 5194 1549 5249 ἐπὶ
1569 5197 1646 5251 ποσὸν
1669 5201 1712 5265 τῆς
1728 5198 1820 5264 senlac,
1834 5199 1871 5252 ml

291 5307 342 5344 των
357 5288 471 5349 πλείονος
484 5284 640 5347 &demolior
651 5285 717 5358 παρὰ
730 5284 774 5354 τὴν
796 5305 826 5340 πε
828 5287 853 5359 pl
872 5291 916 5354 τῆς
928 5285 991 5341 κατὰ
1008 5291 1058 5340 τῶν
1108 5293 1158 5342 τῶν
1172 5285 1216 5342 ἀπ’
1229 5284 1302 5354 αὐτῆς
1315 5280 1521 5358 ἁμαρτανομένων
1536 5277 1616 5353 χύσιν.

293 5371 453 5445 ἁμαρτόντων
464 5370 598 5432 κολάσεως,
612 5367 644 5432 εἰς
661 5368 708 5443 γὰρ
733 5369 763 5423 τὰ
775 5369 835 5447 ινιτὲρ
846 5352 970 5424 ἓνιεῖνιι’
944 5374 1018 5439 αοτῆς
1030 5367 1058 5422 οὗ

319 5475 420 5521 tratti.
431 5485 467 5521 ru
