3948 6172
196 2618 288 2672 hesper

176 2671 310 2768 atvassrrtts

183 2780 300 2821 advocatus

170 2839 246 2875 conus
263 2831 316 2876 titos

190 2887 290 2930 uertitur.

242 4603 254 4619 ⁸
337 4610 383 4664 est

337 394 396 456 lte
844 378 1171 447 unhowsldouuu
1191 376 1410 443 DOGMATUM

337 575 410 618 uere
425 560 541 623 autem,
559 551 634 636 quid
658 550 765 634 clipei,
786 549 895 632 quidve
915 554 1035 626 remei,
1051 547 1106 627 qul
1153 545 1296 627 quidem,
1318 562 1382 626 qua
1402 538 1567 605 arbitrium
1593 538 1729 602 liberum
1753 544 1804 613 est,
1826 541 1887 603 circs

337 648 464 710 tandem
488 646 664 727 poteritis,
691 644 742 706 eui
767 648 890 704 tantum
915 641 1009 701 unius
1034 657 1104 700 am·
1154 636 1422 719 oppositaversari
1435 635 1538 711 debet,
1554 638 1590 694 ut
1609 650 1650 693 ex
1671 632 1709 692 iis
1726 629 1885 711 liquet,qua
1933 632 1938 641 ’

337 739 492 821 plectendi
505 739 569 799 sive
583 737 668 816 boni,
680 736 839 813 sivemali,
852 738 997 816 potestas,
1013 732 1107 793 relin-
1154 730 1187 791 in
1200 730 1301 792 tertio
1325 729 1405 790 libro
1429 728 1582 802 diximus3
1609 730 1642 785 et
1662 723 1697 784 in
1720 724 1809 784 beatis
1826 724 1886 786 eirca

338 830 473 913 quitur?
1153 822 1248 884 finem
1278 822 1424 884 ultimum
1449 838 1515 882 non
1541 818 1650 895 libere,
1671 817 1724 877 sed
1748 817 1885 877 nussum

378 923 467 998 Quod
473 926 578 983 autem
588 919 665 982 illud
673 920 788 1000 ipsum,
802 916 1036 999 cujusquemodi
1047 920 1104 993 est,
1154 921 1305 991 uersatur,
1320 914 1404 994 quod
1414 913 1541 988 ibidem,
1555 917 1585 973 st
1600 911 1636 972 in
1649 909 1785 991 proxime
1795 915 1887 971 antes

339 1013 474 1077 libcr'um
495 1014 661 1076 arbitrium
676 1011 776 1073 theob
790 1011 906 1074 bomine
923 1006 1106 1092 protoplasto
1154 1008 1246 1069 dente
1255 1007 1337 1069 libro
1346 1005 1749 1082 memoravimusEaporro
1756 1001 1887 1062 neoesdhs

338 1107 431 1170 tuisae
442 1106 557 1181 scribit,
571 1112 602 1168 et
614 1104 757 1167 videlicet
769 1105 802 1165 in
814 1103 944 1184 posteris
954 1120 1018 1163 non
1029 1118 1105 1176 esse,
1154 1100 1291 1177 emundi,
1318 1118 1355 1162 ae
1372 1100 1440 1161 sine
1459 1096 1634 1159 amissionis
1647 1099 1732 1156 metu
1743 1094 1886 1174 pernae

338 1216 433 1280 snpra
452 1198 639 1279 explicatum
656 1203 707 1259 'est
726 1215 745 1258 a
763 1196 853 1258 nobis
877 1214 916 1258 ex
941 1193 1107 1274 Augustini
1154 1194 1270 1254 summi
1285 1192 1378 1266 honi,
1396 1208 1514 1253 merces
1527 1195 1573 1252 est
1585 1187 1725 1268 ejusdem
1737 1186 1822 1248 libere
1836 1187 1887 1247 ada·

338 1292 504 1369 sententia,
520 1291 569 1351 eui
591 1290 643 1351 ille
660 1294 768 1350 auotor
788 1294 834 1349 est
846 1287 1001 1362 addictus;
1016 1285 1107 1347 nimi·
1154 1286 1242 1362 mati,
1255 1291 1287 1347 et
1300 1286 1377 1346 dum
1390 1285 1485 1345 homo
1508 1283 1542 1343 in
1566 1281 1627 1343 hae
1652 1281 1715 1343 vita
1738 1279 1887 1359 degente

337 1401 411 1446 rum
432 1385 494 1445 tsle
520 1383 655 1444 liberum
668 1381 833 1443 arbitrium
846 1379 1007 1456 intellexit,
1022 1377 1107 1458 quod
1154 1396 1219 1457 prae
1234 1377 1391 1444 omnibus.
1407 1393 1478 1456 quas
1492 1374 1638 1454 amplecti
1655 1377 1781 1454 poterat,
1804 1376 1886 1452 sponte

338 1475 674 1554 sanum,ctintegn1m
692 1478 768 1548 erat,
784 1477 821 1534 ut
843 1488 955 1552 perse,
983 1471 1106 1551 suisque
1154 1470 1285 1547 delecti3
1300 1469 1564 1552 quemadmodum
1575 1466 1715 1528 sineulla
1722 1464 1886 1542 ambiguitate

338 1568 458 1630 viribus
485 1568 605 1629 bonum
629 1566 742 1646 eligere
764 1570 868 1645 posset
895 1563 1041 1644 perinde,
1070 1580 1107 1624 ac
1155 1562 1500 1643 scriptursdenuntiat:
1518 1554 1883 1642 ooipretatasaehqrit,

338 1662 458 1722 malum
464 1680 473 1737 ;
485 1678 586 1740 neque
596 1657 782 1731 medicinali,
793 1655 984 1718 eiectionem
995 1655 1105 1736 ipsam,
1157 1653 1189 1715 in
1204 1655 1267 1732 iilo,
1287 1663 1315 1717 et
1325 1654 1476 1737 perfectas
1488 1660 1528 1715 est
1539 1700 1546 1731 ,
1558 1649 1884 1732 eritilliplorioetuaa:

338 1752 399 1815 hoc
420 1759 467 1814 est
486 1752 561 1814 selle
583 1751 616 1811 in
638 1749 729 1811 nohis
754 1748 905 1811 efficiente
919 1748 1015 1827 gretia
1030 1764 1108 1827 epus
1156 1747 1210 1828 qui
1230 1751 1330 1830 potuit
1344 1745 1518 1829 troasqredi‚
1540 1752 1568 1806 et
1582 1762 1641 1806 oen
1663 1750 1704 1804 est
1717 1750 1883 1821 trosuqrssan,

337 1843 484 1921 heberet,
503 1842 695 1924 quodetiam
715 1841 857 1903 nonnihil
871 1840 970 1919 attigi.
991 1839 1108 1899 Athos
1156 1837 1542 1919 soememelaaeiuonsecit.
1555 1833 1884 1900 Idcostubilitesuntbou

339 1937 456 2017 ipsum,
472 1935 556 2016 quod
569 1935 703 1996 liberum
718 1932 793 1993 illud
805 1933 982 2009 arbitrium,
997 1932 1036 1992 de
1045 1948 1108 2012 quo
1157 1930 1239 1992 iilius
1248 1930 1280 1991 in
1292 1930 1424 1992 domiuo.

339 2028 536 2109 loquebatur,
549 2028 583 2090 in
592 2027 658 2087 solo
669 2026 762 2086 luisse
776 2024 876 2104 primo
885 2029 1013 2104 parente
1021 2023 1107 2100 dicit,
1198 2024 1255 2084 IX.
1278 2022 1462 2102 Fuigentius
1474 2021 1509 2083 in
1520 2020 1603 2083 libro
1616 2022 1655 2083 de
1669 2020 1885 2097 [armeus
1913 2049 1921 2082 ;
1934 2062 1942 2076 .η

340 2121 588 2182 adversariorum
603 2119 638 2179 in
652 2122 777 2179 auctore
792 2117 848 2178 isto
862 2117 985 2178 citando
1008 2116 1108 2196 negli-
1156 2117 1259 2197 pretio
1271 2115 1395 2189 Christi,
1409 2133 1477 2195 cap.
1492 2112 1882 2176 x11verbishoc1stis1ndrcat
1903 2101 1904 2110 ¹

339 2212 480 2293 gentiam
502 2209 622 2291 arguit;
647 2209 701 2289 qui
716 2210 862 2270 adversus
880 2207 1110 2269 indifferentem
1162 2208 1383 2289 «decepisset,
1397 2207 1510 2288 inquit,
1535 2207 1644 2269 divino
1657 2207 1884 2286 muneresiprn

340 2304 509 2365 voluntatis
523 2308 649 2378 statum,
677 2304 708 2362 et
727 2300 875 2362 utriusvis
887 2304 1056 2381 potentem,
1073 2316 1111 2360 ea
1159 2308 1247 2382 cepta
1266 2306 1426 2374 servasset,
1446 2318 1511 2362 non
1525 2299 1629 2362 solum
1642 2300 1806 2380 perlectum,
1818 2303 1884 2378 atque

339 2397 435 2459 verba
452 2396 662 2477 protulerunt,
677 2412 748 2474 quae
762 2393 800 2455 de
815 2392 903 2454 nullo
923 2393 983 2454 alio
998 2391 1110 2454 dixisse
1159 2393 1395 2456 inamissibilem
1417 2392 1554 2473 corporis
1568 2393 1833 2465 immortalitatem
1847 2407 1885 2449 re·

340 2507 374 2552 se
393 2490 523 2570 scriptor
535 2489 600 2569 ipse
609 2491 750 2548 testatur.
1159 2487 1339 2548 tumetium
1357 2486 1510 2546 inanima
1534 2485 1633 2546 talem
1657 2484 1781 2565 gratiam
1800 2486 1883 2557 uncte,

379 2579 1107 2658 Vlll.Verum,utudProsperumrevertamur,
1154 2578 1299 2658 justeque
1311 2578 1448 2655 vivendi,
1463 2583 1499 2638 ut
1511 2595 1640 2658 peccare
1653 2573 1884 2656 deincepsonnino
1948 2628 1949 2655 ,

339 2672 366 2732 is
380 2672 552 2759 expositum
573 2672 722 2732 haetenus
745 2688 765 2731 a
791 2671 882 2731 nohis
905 2671 943 2732 de
968 2670 1109 2732 libertate
1160 2688 1225 2734 non
1247 2676 1359 2752 posset,
1381 2671 1407 2731 si
1429 2689 1494 2731 non
1508 2675 1663 2750 peccaret,
1691 2670 1884 2747 donecpeecure

339 2763 477 2826 hominis
515 2764 629 2844 dogma
665 2762 811 2843 praeclare
845 2760 1044 2842 comprobat,
1079 2768 1111 2824 et
1159 2764 1459 2844 potuissetssreatus
1468 2779 1541 2838 ergo
1555 2763 1678 2843 primus
1688 2762 1775 2823 homo
1786 2761 1884 2821 deoru

339 2858 514 2937 Arrgustino
526 2855 657 2917 succinit
665 2856 699 2915 in
713 2854 822 2916 eodem
836 2855 916 2916 libro
928 2862 1029 2916 contre
1043 2854 1110 2917 Coi·
1160 2871 1311 2932 terrenus,
1328 2855 1443 2934 accepit
1455 2854 1580 2934 quidem
1594 2855 1736 2934 gratiam,
1750 2870 1803 2932 qur
1813 2850 1885 2930 posci

341 2947 482 3011 latorem¹
493 2967 507 3026 ,·
517 2970 532 3007 a
542 2948 598 3010 ubi
607 2947 740 3009 liberum
751 2946 915 3008 arbitrium
928 2946 1111 3008 naturaliter
1159 2966 1225 3010 non
1235 2966 1369 3029 peecare,
1380 2948 1407 3009 si
1420 2947 1666 3028 pecserenollet3
1677 2946 1804 3007 nondum
1809 2949 1884 3003 tenen

339 3040 462 3101 homiui
474 3041 609 3101 inditum
622 3058 750 3101 munere
777 3040 820 3099 ait
846 3039 881 3099 in
904 3045 1027 3116 natura,
1057 3040 1111 3101 sed
1159 3045 1278 3102 tantam
1292 3046 1451 3121 acceperat
1468 3040 1614 3119 gratiam,
1641 3056 1699 3119 qua
1726 3056 1778 3099 nec
1792 3050 1884 3116 peccare
1948 3058 1949 3085 ι

341 3132 500 3211 qualitate,
517 3139 548 3193 et
562 3131 738 3193 conditione
751 3137 883 3194 mutata.
897 3153 913 3189 s
929 3133 1059 3213 Quippe,
1075 3140 1112 3194 ut
1159 3134 1252 3195 vellet
1264 3133 1405 3209 omnino,
1416 3150 1474 3194 nec
1485 3136 1609 3212 posset3
1625 3137 1662 3192 ut
1677 3131 1806 3193 sciliceta
1816 3127 1882 3199 hona,
1948 3176 1949 3179 ,

340 3224 414 3285 alibi
428 3224 568 3302 scribit',
587 3242 681 3285 cnon
696 3225 865 3297 voluntate,
879 3224 932 3286 scd
945 3225 1112 3286 uoluntatis
1156 3225 1304 3306 justoque
1326 3224 1458 3286 Domino
1488 3228 1558 3304 post
1582 3230 1666 3286 esset
1692 3223 1765 3285 illud
1787 3234 1883 3281 nunes

338 3316 470 3379 sanitate
493 3317 632 3397 privatus
659 3323 715 3378 est.
742 3338 758 3375 u
782 3318 862 3397 Ersso
886 3315 1009 3394 unee⁸,
1038 3317 1110 3398 quia
1158 3317 1363 3393 largiendum,
1387 3316 1413 3377 si
1426 3314 1602 3377 voluntarie
1617 3315 1882 3377 luissethooaseuo

338 3409 450 3488 spiritu
477 3409 534 3470 Dei
553 3409 677 3488 agitur,
705 3408 775 3470 ideo
803 3427 836 3471 se
863 3415 951 3489 putet
975 3409 1110 3471 liberum
1159 3410 1245 3495 prius
1255 3410 1289 3470 in
1301 3426 1394 3490 opere
1407 3408 1608 3470 custoditum.
1624 3400 1883 3484 uQuibusinrerbis

340 3499 504 3561 arbitrium
526 3519 590 3561 non
602 3500 728 3577 habere,
745 3502 827 3581 quod
842 3520 882 3562 ne
896 3509 968 3565 tunc
984 3503 1111 3582 quidem
1157 3501 1273 3563 frustra
1285 3500 1345 3563 sibi
1359 3501 1510 3563 latebram
1522 3505 1626 3581 captat
1639 3519 1719 3563 nova
1730 3499 1765 3562 de
1779 3496 1882 3559 lmus

339 3591 485 3671 perdidit,
500 3591 624 3671 quando
652 3591 775 3653 diabolo
797 3594 955 3655 voluntate
968 3614 1000 3656 se
1014 3595 1107 3663 dedit,
1159 3593 1275 3655 tabula.
1301 3594 1369 3654 Non
1384 3593 1468 3655 enim
1492 3611 1565 3655 cum
1592 3594 1652 3655 ista
1678 3589 1883 3663 necessitatene

341 3700 436 3762 aquo
452 3683 608 3762 judicium
633 3684 801 3746 voluntatis
827 3687 1030 3766 depravatum
1053 3692 1108 3749 est.
1160 3685 1315 3761 circeilla,
1329 3685 1486 3765 inquibus
1496 3684 1717 3759 herversatur,
1731 3681 1807 3745 liberi
1817 3693 1883 3740 amn

340 3774 431 3841 Quod
457 3794 532 3856 ergo
554 3794 619 3837 non
645 3775 841 3839 interfectum
855 3784 901 3840 est
921 3796 978 3858 per
999 3779 1108 3841 vulne-
1159 3779 1279 3841 arbitrii
1292 3778 1433 3840 fururrum
1446 3778 1489 3839 ait
1503 3778 1619 3855 fuisse3
1649 3772 1883 3859 quincontruiun

337 3875 471 3946 rentem,
487 3886 552 3929 non
566 3868 685 3930 tollitur
699 3886 755 3949 per
776 3870 972 3948 medentem
994 3871 1109 3934 vulnus
1159 3872 1261 3951 potius
1272 3872 1417 3944 ostendit,
1433 3871 1510 3933 dum
1523 3870 1552 3933 ei
1564 3870 1761 3932 uoluntarium
1778 3863 1880 3947 opponit

337 3966 478 4037 sonatur,
488 3980 553 4023 non
564 3967 675 4022 nature
689 3967 901 4024 removetur.»
917 3964 1023 4026 Manet
1035 3983 1109 4045 ergo
1160 3965 1205 4039 Si,
1220 3963 1332 4043 inquit,
1347 3963 1520 4024 voluntarie
1530 3969 1691 4043 peceatum
1703 3962 1818 4033 vitane,
1831 3968 1882 4015 cun

337 4053 486 4115 naturalis
497 4055 608 4116 eadem
618 4053 746 4116 lucidus
755 4056 788 4114 in
800 4055 910 4116 Adsmi
919 4057 1108 4137 posteritate,
1157 4074 1282 4135 poscere
1291 4048 1881 4136 poterat,posuapraemillocoacepiset

337 4162 408 4223 quae
421 4147 455 4206 in
468 4146 522 4207 illo
543 4145 601 4207 fuit
615 4153 687 4207 ante
699 4154 860 4226 peceatum
873 4168 881 4225 ;
903 4149 957 4211 sed
970 4149 1105 4223 infirma,
1157 4154 1193 4210 ιιι
1207 4149 1350 4229 deinceps
1362 4149 1493 4209 omnino
1507 4166 1635 4228 peecare
1646 4166 1708 4209 non
1717 4149 1812 4226 postet·
1824 4140 1882 4216 [318⁰

340 4241 371 4296 et
385 4236 469 4299 iners
482 4238 523 4300 ad
536 4238 667 4314 honum,
697 4239 806 4301 saltem
832 4241 996 4320 ejusmodi,
1025 4242 1109 4322 quod
1158 4239 1325 4302 voluntarie
1337 4258 1527 4321 conpescere
1539 4240 1624 4303 idem
1648 4245 1703 4315 est,
1723 4247 1881 4311 aenonpec

336 4327 376 4388 ad
397 4331 617 4409 sempiternum
640 4331 773 4393 sulutem
799 4332 943 4406 refertur,
968 4340 1006 4395 ut
1018 4352 1110 4415 prop-
1158 4350 1237 4410 care,
1265 4348 1338 4394 eum
1365 4348 1492 4412 peecare
1514 4350 1641 4414 posses3
1665 4330 1881 4411 eiqueastoppr

335 4424 419 4481 terea
434 4422 658 4502 christigratia
676 4424 818 4502 juranda
840 4426 889 4502 sit,
910 4443 974 4487 non
1001 4431 1108 4488 tamen
1157 4424 1252 4486 sitnm
1265 4424 1309 4485 ita
1320 4424 1403 4485 nolle
1427 4442 1564 4503 peceare,
1582 4431 1618 4486 ut
1643 4442 1700 4486 nee
1722 4420 1806 4503 possis
1823 4411 1881 4475 velit

335 4511 535 4591 destruenda,
552 4514 636 4593 quod
658 4534 675 4576 a
697 4516 787 4576 nobis
809 4523 902 4579 antes
918 4517 1107 4580 declaratum
1156 4534 1293 4597 peccare.
1309 4517 1388 4591 Quid
1402 4517 1549 4578 adversus
1562 4534 1713 4598 nuperum
1725 4506 1880 4575 istsnlibsr·

387 4646 394 4662 .
1155 4609 1228 4670 tatis
1239 4609 1427 4670 columniam
1437 4615 1492 4670 arrt
1502 4610 1685 4690 expressius,
1699 4613 1749 4669 aut
1760 4596 1881 4666 muudus

376 4696 552 4758 Meminerit
587 4701 692 4759 sutem
725 4700 863 4779 prudens
895 4700 1010 4780 lector,
1035 4720 1107 4765 cum
1157 4700 1580 4781 dicipoterat,quamistaest
1594 4700 1738 4782 Fulgentii
1751 4684 1881 4777 munit?

335 4787 472 4849 liberum
503 4789 590 4850 audit
623 4790 810 4868 arbitrium,
843 4811 908 4853 non
934 4795 1107 4876 simplicem
1156 4792 1285 4854 Prorsus
1297 4794 1341 4854 its
1355 4800 1411 4871 est,
1426 4800 1462 4855 ιιι
1482 4790 1761 4875 supramemoravi.
1783 4782 1880 4849 Nudum

335 4880 504 4942 voluntatis
517 4880 701 4961 appetitum,
713 4884 855 4963 quamvis
865 4885 1058 4963 rationalem,
1073 4887 1107 4949 in
1156 4886 1296 4964 omnino,
1311 4887 1361 4947 vel
1373 4886 1523 4967 exiguum
1534 4887 1686 4967 judicium
1708 4902 1742 4946 oc
1762 4876 1880 4941 decenn

336 4971 443 5034 unimo
456 4992 513 5034 suo
526 4972 710 5051 describere,
726 4976 778 5038 sed
791 4976 916 5055 qualern
934 4979 1042 5041 Patres
1061 4980 1107 5042 illi
1155 4978 1195 5038 ad
1208 4977 1273 5055 illu,
1290 4979 1404 5059 quibas
1414 4997 1489 5041 usus
1510 4987 1568 5057 cst,
1581 4982 1705 5041 Petrum
1718 4962 1880 5049 describendi

336 5064 428 5126 nohis
439 5065 598 5135 exhibent,
613 5074 644 5127 et
654 5066 688 5128 in
699 5068 818 5129 Adamo
827 5068 992 5131 innocente
1005 5071 1108 5133 adhue
1155 5071 1332 5133 testimonia
1347 5071 1521 5133 Celsiniani
1542 5071 1740 5151 interpolator
1762 5053 1881 5141 dogmatis

337 5156 621 5233 exshdssevolunt3
637 5159 697 5221 nisi
706 5161 790 5241 qued
797 5161 912 5222 Christi
926 5168 995 5238 eget
1007 5164 1107 5243 gretia
1154 5162 1268 5223 attulit.
1283 5164 1363 5225 Nam
1384 5182 1422 5227 ea
1436 5164 1551 5246 passim
1564 5164 1677 5245 objicit,
1697 5177 1761 5241 qua
1772 5156 1879 5218 nomam

336 5254 406 5327 post
419 5248 552 5331 lapsum,
565 5252 645 5313 atad
654 5252 774 5315 bonum
783 5251 938 5333 applicare
952 5272 984 5315 se
998 5259 1104 5335 possit.
1154 5254 1243 5333 nihil,
1264 5274 1353 5318 suam
1367 5262 1473 5319 autern
1494 5256 1631 5320 funditus
1644 5240 1878 5336 ophionemtate

336 5337 378 5399 Fs
388 5356 462 5400 uero
482 5357 583 5420 neque
596 5346 743 5403 naturam
766 5340 850 5403 illius
864 5342 1018 5413 immutat,
1034 5362 1107 5425 quae
1156 5343 1271 5411 larunt
1285 5367 1294 5425 ;
1309 5350 1394 5429 quod
1405 5346 1483 5413 mihi
1494 5368 1559 5412 non
1569 5355 1633 5413 tum
1644 5326 1877 5421 mirumuuumti

366 5536 376 5581 t
391 5539 444 5595 (ιαμ.
456 5541 600 5586 muru-‘2
615 5540 654 5587 Lib
673 5541 683 5587 l
697 5543 724 5588 ds
737 5544 805 5590 vocat
817 5553 866 5600 acu.
880 5553 929 5601 cop.
941 5547 1034 5592 urus
1047 5545 1103 5592 lbld.
1114 5558 1134 5592 e.
1147 5549 1242 5595 sus-l
1255 5550 1314 5596 Stet.
1327 5558 1385 5604 ms,
1399 5549 1430 5596 tu.
