<?xml version="1.0" encoding="UTF-8"?>
<!DOCTYPE html PUBLIC "-//W3C//DTD XHTML 1.0 Transitional//EN"
    "http://www.w3.org/TR/xhtml1/DTD/xhtml1-transitional.dtd">
<html xmlns="http://www.w3.org/1999/xhtml" xml:lang="en" lang="en">
 <head>
  <title>
</title>
<meta http-equiv="Content-Type" content="text/html;charset=utf-8" />
  <meta name='ocr-system' content='tesseract 3.04.00' />
  <meta name='ocr-capabilities' content='ocr_page ocr_carea ocr_par ocr_line ocrx_word'/>
</head>
<body>
  <div class='ocr_page' id='page_1' title='image "./dogmatatheologi00goog/dogmatatheologi00goog_0694.png"; bbox 0 0 4096 6166; ppageno 0'>
   <div class='ocr_carea' id='block_1_1' title="bbox 717 350 1731 435">
    <p class='ocr_par' dir='ltr' id='par_1_1' title="bbox 717 350 1731 435">
     <span class='ocr_line' id='line_1_1' title="bbox 717 350 1731 435; baseline -0.01 -14"><span class='ocrx_word' id='word_1_1' title='bbox 717 357 835 421; x_wconf 80' lang='lat' dir='ltr'><strong>uena</strong></span> <span class='ocrx_word' id='word_1_2' title='bbox 856 356 973 435; x_wconf 84' lang='lat' dir='ltr'><strong>uuus,</strong></span> <span class='ocrx_word' id='word_1_3' title='bbox 995 356 1080 419; x_wconf 76' lang='lat' dir='ltr'><strong>ose.</strong></span> <span class='ocrx_word' id='word_1_4' title='bbox 1103 357 1157 421; x_wconf 86' lang='lat' dir='ltr'><strong>nr.</strong></span> <span class='ocrx_word' id='word_1_5' title='bbox 1671 350 1731 413; x_wconf 84' lang='lat' dir='ltr'><strong>au</strong></span> 
     </span>
    </p>
   </div>
   <div class='ocr_carea' id='block_1_2' title="bbox 104 518 1891 2087">
    <p class='ocr_par' dir='ltr' id='par_1_2' title="bbox 104 518 1891 2087">
     <span class='ocr_line' id='line_1_2' title="bbox 133 518 1734 605; baseline 0 -26"><span class='ocrx_word' id='word_1_6' title='bbox 133 519 292 600; x_wconf 85' lang='lat' dir='ltr'><strong>loquitur,</strong></span> <span class='ocrx_word' id='word_1_7' title='bbox 307 530 406 585; x_wconf 90' lang='lat' dir='ltr'><strong>castos</strong></span> <span class='ocrx_word' id='word_1_8' title='bbox 417 571 426 603; x_wconf 85' lang='lat'>‚</span> <span class='ocrx_word' id='word_1_9' title='bbox 438 525 600 605; x_wconf 87' lang='lat' dir='ltr'><strong>patientes,</strong></span> <span class='ocrx_word' id='word_1_10' title='bbox 616 541 651 591; x_wconf 85' lang='lat' dir='ltr'><strong>ao</strong></span> <span class='ocrx_word' id='word_1_11' title='bbox 662 523 790 603; x_wconf 90' lang='lat' dir='ltr'><strong>reliquis</strong></span> <span class='ocrx_word' id='word_1_12' title='bbox 803 524 915 603; x_wconf 80' lang='lat' dir='ltr'><strong>praedi-</strong></span> <span class='ocrx_word' id='word_1_13' title='bbox 965 525 1008 585; x_wconf 91' lang='lat' dir='ltr'><strong>ris</strong></span> <span class='ocrx_word' id='word_1_14' title='bbox 1020 523 1145 597; x_wconf 87' lang='lat' dir='ltr'><strong>divinis,</strong></span> <span class='ocrx_word' id='word_1_15' title='bbox 1157 542 1213 604; x_wconf 89' lang='lat' dir='ltr'><strong>per</strong></span> <span class='ocrx_word' id='word_1_16' title='bbox 1235 540 1313 603; x_wconf 89' lang='lat' dir='ltr'><strong>quas</strong></span> <span class='ocrx_word' id='word_1_17' title='bbox 1333 522 1413 583; x_wconf 86' lang='lat' dir='ltr'><strong>solas</strong></span> <span class='ocrx_word' id='word_1_18' title='bbox 1432 526 1519 602; x_wconf 86' lang='lat' dir='ltr'><strong>potes</strong></span> <span class='ocrx_word' id='word_1_19' title='bbox 1540 519 1666 600; x_wconf 85' lang='lat' dir='ltr'><strong>plenem</strong></span> <span class='ocrx_word' id='word_1_20' title='bbox 1678 518 1734 579; x_wconf 87' lang='lat' dir='ltr'><strong>Dei</strong></span> 
     </span>
     <span class='ocr_line' id='line_1_3' title="bbox 135 612 1728 696; baseline 0.001 -22"><span class='ocrx_word' id='word_1_21' title='bbox 135 619 191 674; x_wconf 85' lang='lat' dir='ltr'><strong>tos</strong></span> <span class='ocrx_word' id='word_1_22' title='bbox 205 614 370 675; x_wconf 86' lang='lat' dir='ltr'><strong>virtutibus</strong></span> <span class='ocrx_word' id='word_1_23' title='bbox 385 616 490 679; x_wconf 76' lang='lat' dir='ltr'><strong>titisse.</strong></span> <span class='ocrx_word' id='word_1_24' title='bbox 510 637 525 673; x_wconf 81' lang='lat' dir='ltr'><strong>a</strong></span> <span class='ocrx_word' id='word_1_25' title='bbox 540 615 628 689; x_wconf 84' lang='lat' dir='ltr'><strong>Quod</strong></span> <span class='ocrx_word' id='word_1_26' title='bbox 642 614 677 692; x_wconf 88' lang='lat' dir='ltr'><strong>si,</strong></span> <span class='ocrx_word' id='word_1_27' title='bbox 694 615 808 694; x_wconf 79' lang='lat' dir='ltr'><strong>inquit,</strong></span> <span class='ocrx_word' id='word_1_28' title='bbox 823 615 916 676; x_wconf 89' lang='lat' dir='ltr'><strong>etiam</strong></span> <span class='ocrx_word' id='word_1_29' title='bbox 964 615 1137 695; x_wconf 87' lang='lat' dir='ltr'><strong>intelligere</strong></span> <span class='ocrx_word' id='word_1_30' title='bbox 1149 616 1353 695; x_wconf 85' lang='lat' dir='ltr'><strong>voluntatem,</strong></span> <span class='ocrx_word' id='word_1_31' title='bbox 1368 612 1525 696; x_wconf 81' lang='lat' dir='ltr'>prohiberi</span> <span class='ocrx_word' id='word_1_32' title='bbox 1543 612 1698 696; x_wconf 75' lang='lat' dir='ltr'><strong>quaedam,</strong></span> <span class='ocrx_word' id='word_1_33' title='bbox 1713 634 1728 665; x_wconf 67' lang='lat' dir='ltr'><strong>a</strong></span> 
     </span>
     <span class='ocr_line' id='line_1_4' title="bbox 136 704 1024 786; baseline 0.007 -20"><span class='ocrx_word' id='word_1_34' title='bbox 136 704 213 766; x_wconf 86' lang='lat' dir='ltr'><strong>sine</strong></span> <span class='ocrx_word' id='word_1_35' title='bbox 235 707 300 767; x_wconf 88' lang='lat' dir='ltr'><strong>Deo</strong></span> <span class='ocrx_word' id='word_1_36' title='bbox 322 709 465 770; x_wconf 90' lang='lat' dir='ltr'><strong>homines</strong></span> <span class='ocrx_word' id='word_1_37' title='bbox 487 708 664 776; x_wconf 89' lang='lat' dir='ltr'><strong>ostendunt,</strong></span> <span class='ocrx_word' id='word_1_38' title='bbox 680 708 787 786; x_wconf 91' lang='lat' dir='ltr'><strong>quales</strong></span> <span class='ocrx_word' id='word_1_39' title='bbox 809 726 828 767; x_wconf 92' lang='lat' dir='ltr'><strong>a</strong></span> <span class='ocrx_word' id='word_1_40' title='bbox 850 708 916 769; x_wconf 88' lang='lat' dir='ltr'><strong>Deo</strong></span> <span class='ocrx_word' id='word_1_41' title='bbox 965 716 1024 772; x_wconf 84' lang='lat' dir='ltr'><strong>etc.</strong></span> 
     </span>
     <span class='ocr_line' id='line_1_5' title="bbox 136 792 1734 881; baseline -0.003 -23"><span class='ocrx_word' id='word_1_42' title='bbox 136 797 217 859; x_wconf 82' lang='lat' dir='ltr'><strong>iacti</strong></span> <span class='ocrx_word' id='word_1_43' title='bbox 230 792 485 881; x_wconf 85' lang='lat' dir='ltr'><strong>sunt,vida,quid</strong></span> <span class='ocrx_word' id='word_1_44' title='bbox 492 794 658 862; x_wconf 85' lang='lat' dir='ltr'><strong>Christiani</strong></span> <span class='ocrx_word' id='word_1_45' title='bbox 667 800 767 861; x_wconf 83' lang='lat' dir='ltr'><strong>iacere</strong></span> <span class='ocrx_word' id='word_1_46' title='bbox 774 805 914 880; x_wconf 88' lang='lat' dir='ltr'><strong>possunt,</strong></span> <span class='ocrx_word' id='word_1_47' title='bbox 1006 800 1213 876; x_wconf 80' lang='lat' dir='ltr'><strong>Quamobrem</strong></span> <span class='ocrx_word' id='word_1_48' title='bbox 1234 801 1465 881; x_wconf 69' lang='lat' dir='ltr'><strong>seripturarum</strong></span> <span class='ocrx_word' id='word_1_49' title='bbox 1485 813 1654 871; x_wconf 87' lang='lat' dir='ltr'><strong>sacrarum,</strong></span> <span class='ocrx_word' id='word_1_50' title='bbox 1674 793 1734 855; x_wconf 91' lang='lat' dir='ltr'><strong>hoo</strong></span> 
     </span>
     <span class='ocr_line' id='line_1_6' title="bbox 138 889 1734 973; baseline -0.003 -21"><span class='ocrx_word' id='word_1_51' title='bbox 138 909 282 970; x_wconf 87' lang='lat' dir='ltr'><strong>quorum</strong></span> <span class='ocrx_word' id='word_1_52' title='bbox 303 893 337 953; x_wconf 93' lang='lat' dir='ltr'><strong>in</strong></span> <span class='ocrx_word' id='word_1_53' title='bbox 360 894 471 954; x_wconf 91' lang='lat' dir='ltr'><strong>melius</strong></span> <span class='ocrx_word' id='word_1_54' title='bbox 494 911 549 973; x_wconf 89' lang='lat' dir='ltr'><strong>per</strong></span> <span class='ocrx_word' id='word_1_55' title='bbox 572 893 730 954; x_wconf 79' lang='lat' dir='ltr'><strong>Christum</strong></span> <span class='ocrx_word' id='word_1_56' title='bbox 748 897 870 969; x_wconf 88' lang='lat' dir='ltr'><strong>natura,</strong></span> <span class='ocrx_word' id='word_1_57' title='bbox 886 899 917 952; x_wconf 90' lang='lat' dir='ltr'><strong>at</strong></span> <span class='ocrx_word' id='word_1_58' title='bbox 965 899 1011 955; x_wconf 90' lang='lat' dir='ltr'><strong>ast</strong></span> <span class='ocrx_word' id='word_1_59' title='bbox 1023 894 1100 973; x_wconf 89' lang='lat' dir='ltr'><strong>legis</strong></span> <span class='ocrx_word' id='word_1_60' title='bbox 1113 894 1267 970; x_wconf 78' lang='lat' dir='ltr'><strong>notitiam,</strong></span> <span class='ocrx_word' id='word_1_61' title='bbox 1283 911 1319 954; x_wconf 89' lang='lat' dir='ltr'><strong>ac</strong></span> <span class='ocrx_word' id='word_1_62' title='bbox 1337 892 1510 954; x_wconf 79' lang='lat' dir='ltr'><strong>doctrinam</strong></span> <span class='ocrx_word' id='word_1_63' title='bbox 1532 890 1571 950; x_wconf 90' lang='lat' dir='ltr'><strong>ad</strong></span> <span class='ocrx_word' id='word_1_64' title='bbox 1590 889 1650 949; x_wconf 90' lang='lat' dir='ltr'><strong>hoc</strong></span> <span class='ocrx_word' id='word_1_65' title='bbox 1669 904 1734 949; x_wconf 87' lang='lat' dir='ltr'><strong>esse</strong></span> 
     </span>
     <span class='ocr_line' id='line_1_7' title="bbox 137 980 1734 1064; baseline -0.001 -23"><span class='ocrx_word' id='word_1_66' title='bbox 137 983 210 1044; x_wconf 90' lang='lat' dir='ltr'><strong>vita</strong></span> <span class='ocrx_word' id='word_1_67' title='bbox 222 984 369 1047; x_wconf 87' lang='lat' dir='ltr'><strong>instructa</strong></span> <span class='ocrx_word' id='word_1_68' title='bbox 383 991 477 1060; x_wconf 91' lang='lat' dir='ltr'><strong>est,et</strong></span> <span class='ocrx_word' id='word_1_69' title='bbox 488 985 543 1064; x_wconf 89' lang='lat' dir='ltr'><strong>qui</strong></span> <span class='ocrx_word' id='word_1_70' title='bbox 555 985 666 1046; x_wconf 84' lang='lat' dir='ltr'><strong>divinae</strong></span> <span class='ocrx_word' id='word_1_71' title='bbox 676 1002 799 1063; x_wconf 75' lang='lat' dir='ltr'><strong>qaoque</strong></span> <span class='ocrx_word' id='word_1_72' title='bbox 809 984 916 1063; x_wconf 77' lang='lat' dir='ltr'><strong>gratia</strong></span> <span class='ocrx_word' id='word_1_73' title='bbox 965 987 1166 1048; x_wconf 87' lang='lat' dir='ltr'><strong>neeessariam</strong></span> <span class='ocrx_word' id='word_1_74' title='bbox 1177 985 1306 1047; x_wconf 88' lang='lat' dir='ltr'><strong>credidit</strong></span> <span class='ocrx_word' id='word_1_75' title='bbox 1319 985 1469 1064; x_wconf 75' lang='lat' dir='ltr'><strong>Pelagius,</strong></span> <span class='ocrx_word' id='word_1_76' title='bbox 1484 980 1583 1043; x_wconf 78' lang='lat' dir='ltr'><strong>utltei</strong></span> <span class='ocrx_word' id='word_1_77' title='bbox 1593 980 1734 1041; x_wconf 85' lang='lat' dir='ltr'><strong>volunta·</strong></span> 
     </span>
     <span class='ocr_line' id='line_1_8' title="bbox 133 1072 1733 1159; baseline -0.003 -21"><span class='ocrx_word' id='word_1_78' title='bbox 133 1075 293 1154; x_wconf 85' lang='lat' dir='ltr'><strong>juvantur</strong></span> <span class='ocrx_word' id='word_1_79' title='bbox 305 1079 457 1139; x_wconf 76' lang='lat' dir='ltr'><strong>sardio.»</strong></span> <span class='ocrx_word' id='word_1_80' title='bbox 475 1078 606 1139; x_wconf 87' lang='lat' dir='ltr'><strong>Proinde</strong></span> <span class='ocrx_word' id='word_1_81' title='bbox 626 1077 813 1139; x_wconf 76' lang='lat' dir='ltr'><strong>Christianos</strong></span> <span class='ocrx_word' id='word_1_82' title='bbox 825 1082 915 1158; x_wconf 85' lang='lat' dir='ltr'><strong>puta-</strong></span> <span class='ocrx_word' id='word_1_83' title='bbox 965 1085 1029 1141; x_wconf 90' lang='lat' dir='ltr'><strong>tem</strong></span> <span class='ocrx_word' id='word_1_84' title='bbox 1041 1080 1323 1159; x_wconf 85' lang='lat' dir='ltr'><strong>facerepossemus.</strong></span> <span class='ocrx_word' id='word_1_85' title='bbox 1335 1075 1559 1139; x_wconf 85' lang='lat' dir='ltr'><strong>Ideodistincta</strong></span> <span class='ocrx_word' id='word_1_86' title='bbox 1568 1073 1625 1134; x_wconf 90' lang='lat' dir='ltr'><strong>ista</strong></span> <span class='ocrx_word' id='word_1_87' title='bbox 1635 1072 1733 1150; x_wconf 86' lang='lat' dir='ltr'><strong>gratia</strong></span> 
     </span>
     <span class='ocr_line' id='line_1_9' title="bbox 137 1164 1734 1251; baseline -0.003 -22"><span class='ocrx_word' id='word_1_88' title='bbox 137 1170 190 1230; x_wconf 89' lang='lat' dir='ltr'><strong>vit</strong></span> <span class='ocrx_word' id='word_1_89' title='bbox 204 1170 325 1233; x_wconf 88' lang='lat' dir='ltr'><strong>arbitrii</strong></span> <span class='ocrx_word' id='word_1_90' title='bbox 338 1172 387 1233; x_wconf 91' lang='lat' dir='ltr'><strong>sui</strong></span> <span class='ocrx_word' id='word_1_91' title='bbox 399 1171 517 1232; x_wconf 87' lang='lat' dir='ltr'><strong>viribus</strong></span> <span class='ocrx_word' id='word_1_92' title='bbox 529 1172 621 1249; x_wconf 85' lang='lat' dir='ltr'><strong>longe</strong></span> <span class='ocrx_word' id='word_1_93' title='bbox 635 1169 789 1246; x_wconf 86' lang='lat' dir='ltr'><strong>meliores,</strong></span> <span class='ocrx_word' id='word_1_94' title='bbox 799 1188 835 1231; x_wconf 87' lang='lat' dir='ltr'><strong>ac</strong></span> <span class='ocrx_word' id='word_1_95' title='bbox 845 1187 914 1249; x_wconf 92' lang='lat' dir='ltr'><strong>per·</strong></span> <span class='ocrx_word' id='word_1_96' title='bbox 965 1176 1011 1233; x_wconf 91' lang='lat' dir='ltr'><strong>est</strong></span> <span class='ocrx_word' id='word_1_97' title='bbox 1023 1173 1063 1233; x_wconf 89' lang='lat' dir='ltr'><strong>ab</strong></span> <span class='ocrx_word' id='word_1_98' title='bbox 1078 1172 1140 1249; x_wconf 90' lang='lat' dir='ltr'><strong>illa,</strong></span> <span class='ocrx_word' id='word_1_99' title='bbox 1154 1189 1247 1251; x_wconf 89' lang='lat' dir='ltr'><strong>qnam</strong></span> <span class='ocrx_word' id='word_1_100' title='bbox 1268 1170 1417 1232; x_wconf 72' lang='lat' dir='ltr'><strong>mermdh</strong></span> <span class='ocrx_word' id='word_1_101' title='bbox 1430 1166 1498 1230; x_wconf 90' lang='lat' dir='ltr'><strong>loco</strong></span> <span class='ocrx_word' id='word_1_102' title='bbox 1516 1164 1734 1247; x_wconf 73' lang='lat' dir='ltr'><strong>‹mumquimr</strong></span> 
     </span>
     <span class='ocr_line' id='line_1_10' title="bbox 104 1259 1733 1344; baseline -0.003 -22"><span class='ocrx_word' id='word_1_103' title='bbox 104 1333 107 1339; x_wconf 22' lang='grc' dir='ltr'>Ι</span> <span class='ocrx_word' id='word_1_104' title='bbox 137 1260 285 1325; x_wconf 78' lang='lat' dir='ltr'><strong>lectiores</strong></span> <span class='ocrx_word' id='word_1_105' title='bbox 311 1263 441 1325; x_wconf 89' lang='lat' dir='ltr'><strong>evadere</strong></span> <span class='ocrx_word' id='word_1_106' title='bbox 468 1281 568 1342; x_wconf 88' lang='lat' dir='ltr'><strong>posse.</strong></span> <span class='ocrx_word' id='word_1_107' title='bbox 594 1288 608 1317; x_wconf 79' lang='grc' dir='ltr'><strong><em>ι</em></strong></span> <span class='ocrx_word' id='word_1_108' title='bbox 631 1265 683 1324; x_wconf 78' lang='lat' dir='ltr'><strong>aa</strong></span> <span class='ocrx_word' id='word_1_109' title='bbox 701 1262 797 1339; x_wconf 90' lang='lat' dir='ltr'><strong>enim,</strong></span> <span class='ocrx_word' id='word_1_110' title='bbox 822 1262 915 1341; x_wconf 89' lang='lat' dir='ltr'><strong>paulo</strong></span> <span class='ocrx_word' id='word_1_111' title='bbox 965 1282 1002 1326; x_wconf 84' lang='lat' dir='ltr'><strong>er</strong></span> <span class='ocrx_word' id='word_1_112' title='bbox 1026 1264 1183 1344; x_wconf 88' lang='lat' dir='ltr'><strong>eo,·quod</strong></span> <span class='ocrx_word' id='word_1_113' title='bbox 1202 1264 1261 1325; x_wconf 89' lang='lat' dir='ltr'><strong>Dei</strong></span> <span class='ocrx_word' id='word_1_114' title='bbox 1284 1262 1477 1323; x_wconf 87' lang='lat' dir='ltr'><strong>voluntatem</strong></span> <span class='ocrx_word' id='word_1_115' title='bbox 1496 1259 1645 1331; x_wconf 87' lang='lat' dir='ltr'><strong>iacimus;</strong></span> <span class='ocrx_word' id='word_1_116' title='bbox 1663 1272 1733 1337; x_wconf 78' lang='lat' dir='ltr'><strong>quaa</strong></span> 
     </span>
     <span class='ocr_line' id='line_1_11' title="bbox 137 1348 1733 1436; baseline -0.002 -21"><span class='ocrx_word' id='word_1_117' title='bbox 137 1360 215 1433; x_wconf 87' lang='lat' dir='ltr'><strong>post</strong></span> <span class='ocrx_word' id='word_1_118' title='bbox 227 1356 281 1430; x_wconf 86' lang='lat' dir='ltr'><strong>ait,</strong></span> <span class='ocrx_word' id='word_1_119' title='bbox 297 1355 332 1416; x_wconf 93' lang='lat' dir='ltr'><strong>in</strong></span> <span class='ocrx_word' id='word_1_120' title='bbox 343 1356 578 1416; x_wconf 84' lang='lat' dir='ltr'><strong>animisnostris</strong></span> <span class='ocrx_word' id='word_1_121' title='bbox 596 1355 747 1415; x_wconf 87' lang='lat' dir='ltr'><strong>naturalis</strong></span> <span class='ocrx_word' id='word_1_122' title='bbox 760 1354 913 1434; x_wconf 78' lang='lat' dir='ltr'><strong>quodam,</strong></span> <span class='ocrx_word' id='word_1_123' title='bbox 965 1357 1092 1436; x_wconf 90' lang='lat' dir='ltr'><strong>quidem</strong></span> <span class='ocrx_word' id='word_1_124' title='bbox 1106 1356 1192 1417; x_wconf 87' lang='lat' dir='ltr'><strong>nulla</strong></span> <span class='ocrx_word' id='word_1_125' title='bbox 1204 1355 1281 1434; x_wconf 86' lang='lat' dir='ltr'><strong>fingi</strong></span> <span class='ocrx_word' id='word_1_126' title='bbox 1295 1353 1556 1434; x_wconf 64' lang='lat' dir='ltr'><strong>potestatisque</strong></span> <span class='ocrx_word' id='word_1_127' title='bbox 1569 1348 1733 1412; x_wconf 70' lang='lat' dir='ltr'><strong>anchises</strong></span> 
     </span>
     <span class='ocr_line' id='line_1_12' title="bbox 136 1442 1731 1527; baseline -0.003 -21"><span class='ocrx_word' id='word_1_128' title='bbox 136 1452 177 1507; x_wconf 91' lang='lat' dir='ltr'><strong>ut</strong></span> <span class='ocrx_word' id='word_1_129' title='bbox 199 1448 242 1508; x_wconf 88' lang='lat' dir='ltr'><strong>ita</strong></span> <span class='ocrx_word' id='word_1_130' title='bbox 268 1448 409 1523; x_wconf 79' lang='lat' dir='ltr'><strong>dixerim,</strong></span> <span class='ocrx_word' id='word_1_131' title='bbox 426 1448 580 1523; x_wconf 78' lang='lat' dir='ltr'><strong>mentitas,</strong></span> <span class='ocrx_word' id='word_1_132' title='bbox 596 1465 666 1527; x_wconf 75' lang='lat' dir='ltr'><strong>quae</strong></span> <span class='ocrx_word' id='word_1_133' title='bbox 689 1446 827 1507; x_wconf 90' lang='lat' dir='ltr'><strong>velutin</strong></span> <span class='ocrx_word' id='word_1_134' title='bbox 845 1464 915 1507; x_wconf 90' lang='lat' dir='ltr'><strong>arce</strong></span> <span class='ocrx_word' id='word_1_135' title='bbox 965 1450 1075 1511; x_wconf 87' lang='lat' dir='ltr'><strong>codem</strong></span> <span class='ocrx_word' id='word_1_136' title='bbox 1084 1448 1208 1527; x_wconf 87' lang='lat' dir='ltr'><strong>Pelagio</strong></span> <span class='ocrx_word' id='word_1_137' title='bbox 1218 1447 1299 1526; x_wconf 86' lang='lat' dir='ltr'><strong>apud</strong></span> <span class='ocrx_word' id='word_1_138' title='bbox 1308 1446 1518 1525; x_wconf 83' lang='lat' dir='ltr'><strong>Augustiuum</strong></span> <span class='ocrx_word' id='word_1_139' title='bbox 1528 1442 1665 1523; x_wconf 78' lang='lat' dir='ltr'><strong>exposita</strong></span> <span class='ocrx_word' id='word_1_140' title='bbox 1674 1444 1731 1515; x_wconf 87' lang='lat' dir='ltr'><strong>est,</strong></span> 
     </span>
     <span class='ocr_line' id='line_1_13' title="bbox 136 1536 1730 1621; baseline -0.004 -20"><span class='ocrx_word' id='word_1_141' title='bbox 136 1541 242 1601; x_wconf 89' lang='lat' dir='ltr'><strong>animi</strong></span> <span class='ocrx_word' id='word_1_142' title='bbox 255 1540 422 1621; x_wconf 85' lang='lat' dir='ltr'><strong>praesidens</strong></span> <span class='ocrx_word' id='word_1_143' title='bbox 436 1546 556 1602; x_wconf 81' lang='lat' dir='ltr'><strong>exercet</strong></span> <span class='ocrx_word' id='word_1_144' title='bbox 573 1539 646 1600; x_wconf 89' lang='lat' dir='ltr'><strong>boni</strong></span> <span class='ocrx_word' id='word_1_145' title='bbox 660 1585 669 1615; x_wconf 90' lang='lat'><strong>,</strong></span> <span class='ocrx_word' id='word_1_146' title='bbox 685 1539 820 1618; x_wconf 89' lang='lat' dir='ltr'><strong>malique</strong></span> <span class='ocrx_word' id='word_1_147' title='bbox 830 1538 914 1617; x_wconf 87' lang='lat' dir='ltr'><strong>judi·</strong></span> <span class='ocrx_word' id='word_1_148' title='bbox 964 1542 1107 1604; x_wconf 88' lang='lat' dir='ltr'><strong>videlieet</strong></span> <span class='ocrx_word' id='word_1_149' title='bbox 1118 1542 1249 1602; x_wconf 89' lang='lat' dir='ltr'><strong>interior</strong></span> <span class='ocrx_word' id='word_1_150' title='bbox 1261 1539 1407 1602; x_wconf 82' lang='lat' dir='ltr'><strong>revelatio</strong></span> <span class='ocrx_word' id='word_1_151' title='bbox 1422 1544 1453 1599; x_wconf 90' lang='lat' dir='ltr'><strong>et</strong></span> <span class='ocrx_word' id='word_1_152' title='bbox 1470 1536 1730 1615; x_wconf 66' lang='lat' dir='ltr'><strong>illustrataque,</strong></span> 
     </span>
     <span class='ocr_line' id='line_1_14' title="bbox 137 1628 1731 1715; baseline -0.003 -23"><span class='ocrx_word' id='word_1_153' title='bbox 137 1633 333 1707; x_wconf 67' lang='lat' dir='ltr'><strong>denuctat</strong></span> <span class='ocrx_word' id='word_1_154' title='bbox 352 1633 501 1709; x_wconf 80' lang='lat' dir='ltr'><strong>horreatis,</strong></span> <span class='ocrx_word' id='word_1_155' title='bbox 520 1633 671 1711; x_wconf 86' lang='lat' dir='ltr'><strong>rectisque</strong></span> <span class='ocrx_word' id='word_1_156' title='bbox 688 1631 807 1693; x_wconf 87' lang='lat' dir='ltr'><strong>actibus</strong></span> <span class='ocrx_word' id='word_1_157' title='bbox 821 1631 912 1705; x_wconf 87' lang='lat' dir='ltr'><strong>iavet,</strong></span> <span class='ocrx_word' id='word_1_158' title='bbox 965 1635 1039 1715; x_wconf 87' lang='lat' dir='ltr'><strong>qnid</strong></span> <span class='ocrx_word' id='word_1_159' title='bbox 1052 1636 1091 1696; x_wconf 90' lang='lat' dir='ltr'><strong>sit</strong></span> <span class='ocrx_word' id='word_1_160' title='bbox 1103 1633 1290 1710; x_wconf 84' lang='lat' dir='ltr'><strong>iaciendum,</strong></span> <span class='ocrx_word' id='word_1_161' title='bbox 1306 1631 1530 1712; x_wconf 73' lang='lat' dir='ltr'><strong>cognoscimus,</strong></span> <span class='ocrx_word' id='word_1_162' title='bbox 1549 1646 1648 1708; x_wconf 89' lang='lat' dir='ltr'><strong>eoque</strong></span> <span class='ocrx_word' id='word_1_163' title='bbox 1665 1628 1731 1707; x_wconf 89' lang='lat' dir='ltr'><strong>ipso</strong></span> 
     </span>
     <span class='ocr_line' id='line_1_15' title="bbox 138 1723 1732 1806; baseline -0.002 -21"><span class='ocrx_word' id='word_1_164' title='bbox 138 1725 186 1786; x_wconf 81' lang='lat' dir='ltr'><strong>itu</strong></span> <span class='ocrx_word' id='word_1_165' title='bbox 200 1726 323 1787; x_wconf 86' lang='lat' dir='ltr'><strong>sinistra</strong></span> <span class='ocrx_word' id='word_1_166' title='bbox 346 1740 440 1805; x_wconf 85' lang='lat' dir='ltr'><strong>opera</strong></span> <span class='ocrx_word' id='word_1_167' title='bbox 462 1724 658 1800; x_wconf 89' lang='lat' dir='ltr'><strong>condemnat,</strong></span> <span class='ocrx_word' id='word_1_168' title='bbox 673 1729 765 1803; x_wconf 90' lang='lat' dir='ltr'><strong>atquc</strong></span> <span class='ocrx_word' id='word_1_169' title='bbox 779 1723 819 1784; x_wconf 93' lang='lat' dir='ltr'><strong>ad</strong></span> <span class='ocrx_word' id='word_1_170' title='bbox 840 1742 913 1784; x_wconf 88' lang='lat' dir='ltr'><strong>con·</strong></span> <span class='ocrx_word' id='word_1_171' title='bbox 962 1728 1082 1790; x_wconf 78' lang='lat' dir='ltr'><strong>lucillam</strong></span> <span class='ocrx_word' id='word_1_172' title='bbox 1094 1744 1271 1806; x_wconf 81' lang='lat' dir='ltr'><strong>operamur.</strong></span> <span class='ocrx_word' id='word_1_173' title='bbox 1288 1725 1499 1804; x_wconf 86' lang='lat' dir='ltr'><strong>Hancigitnr,</strong></span> <span class='ocrx_word' id='word_1_174' title='bbox 1515 1726 1732 1802; x_wconf 86' lang='lat' dir='ltr'><strong>contraquam</strong></span> 
     </span>
     <span class='ocr_line' id='line_1_16' title="bbox 137 1815 1542 1900; baseline -0.004 -21"><span class='ocrx_word' id='word_1_175' title='bbox 137 1818 279 1881; x_wconf 78' lang='lat' dir='ltr'><strong>seientia</strong></span> <span class='ocrx_word' id='word_1_176' title='bbox 294 1817 507 1879; x_wconf 85' lang='lat' dir='ltr'><strong>testimonium</strong></span> <span class='ocrx_word' id='word_1_177' title='bbox 527 1818 662 1878; x_wconf 88' lang='lat' dir='ltr'><strong>diversas</strong></span> <span class='ocrx_word' id='word_1_178' title='bbox 676 1822 777 1896; x_wconf 88' lang='lat' dir='ltr'><strong>partos</strong></span> <span class='ocrx_word' id='word_1_179' title='bbox 790 1816 913 1878; x_wconf 87' lang='lat' dir='ltr'><strong>domes·</strong></span> <span class='ocrx_word' id='word_1_180' title='bbox 963 1821 1017 1883; x_wconf 82' lang='lat' dir='ltr'><strong>olii</strong></span> <span class='ocrx_word' id='word_1_181' title='bbox 1032 1821 1236 1900; x_wconf 78' lang='lat' dir='ltr'><strong>suspicantur,</strong></span> <span class='ocrx_word' id='word_1_182' title='bbox 1252 1818 1377 1879; x_wconf 84' lang='lat' dir='ltr'><strong>admisit</strong></span> <span class='ocrx_word' id='word_1_183' title='bbox 1390 1815 1542 1895; x_wconf 87' lang='lat' dir='ltr'><strong>Pelagius.</strong></span> 
     </span>
     <span class='ocr_line' id='line_1_17' title="bbox 136 1907 1891 1990; baseline 0.003 -18"><span class='ocrx_word' id='word_1_184' title='bbox 136 1911 202 1973; x_wconf 84' lang='lat' dir='ltr'><strong>tica</strong></span> <span class='ocrx_word' id='word_1_185' title='bbox 215 1911 349 1990; x_wconf 90' lang='lat' dir='ltr'><strong>quadam</strong></span> <span class='ocrx_word' id='word_1_186' title='bbox 368 1911 437 1989; x_wconf 88' lang='lat' dir='ltr'><strong>lege</strong></span> <span class='ocrx_word' id='word_1_187' title='bbox 460 1909 616 1988; x_wconf 85' lang='lat' dir='ltr'><strong>dijudicat.</strong></span> <span class='ocrx_word' id='word_1_188' title='bbox 632 1934 646 1962; x_wconf 63' lang='lat' dir='ltr'><strong>a</strong></span> <span class='ocrx_word' id='word_1_189' title='bbox 667 1909 736 1974; x_wconf 81' lang='lat' dir='ltr'><strong>Qua</strong></span> <span class='ocrx_word' id='word_1_190' title='bbox 749 1908 915 1969; x_wconf 82' lang='lat' dir='ltr'><strong>domestica</strong></span> <span class='ocrx_word' id='word_1_191' title='bbox 1004 1914 1058 1974; x_wconf 82' lang='lat' dir='ltr'><strong>XI.</strong></span> <span class='ocrx_word' id='word_1_192' title='bbox 1081 1912 1138 1973; x_wconf 90' lang='lat' dir='ltr'><strong>Hic</strong></span> <span class='ocrx_word' id='word_1_193' title='bbox 1159 1911 1311 1973; x_wconf 89' lang='lat' dir='ltr'><strong>nonnulla</strong></span> <span class='ocrx_word' id='word_1_194' title='bbox 1331 1929 1370 1971; x_wconf 78' lang='lat' dir='ltr'><strong>er</strong></span> <span class='ocrx_word' id='word_1_195' title='bbox 1393 1908 1564 1987; x_wconf 76' lang='lat' dir='ltr'><strong>Augustino</strong></span> <span class='ocrx_word' id='word_1_196' title='bbox 1581 1908 1650 1970; x_wconf 88' lang='lat' dir='ltr'><strong>loca</strong></span> <span class='ocrx_word' id='word_1_197' title='bbox 1661 1907 1732 1970; x_wconf 87' lang='lat' dir='ltr'><strong>Bel·</strong></span> <span class='ocrx_word' id='word_1_198' title='bbox 1768 1936 1891 1985; x_wconf 71' lang='lat' dir='ltr'><strong>attami-</strong></span> 
     </span>
     <span class='ocr_line' id='line_1_18' title="bbox 138 2000 1865 2087; baseline -0.003 -19"><span class='ocrx_word' id='word_1_199' title='bbox 138 2004 222 2083; x_wconf 80' lang='lat' dir='ltr'><strong>lege,</strong></span> <span class='ocrx_word' id='word_1_200' title='bbox 249 2008 281 2064; x_wconf 86' lang='lat' dir='ltr'><strong>et</strong></span> <span class='ocrx_word' id='word_1_201' title='bbox 305 2003 432 2064; x_wconf 85' lang='lat' dir='ltr'><strong>arbitrio</strong></span> <span class='ocrx_word' id='word_1_202' title='bbox 458 2002 524 2063; x_wconf 79' lang='lat' dir='ltr'><strong>solo</strong></span> <span class='ocrx_word' id='word_1_203' title='bbox 545 2000 638 2063; x_wconf 75' lang='lat' dir='ltr'><strong>fretos</strong></span> <span class='ocrx_word' id='word_1_204' title='bbox 663 2006 752 2079; x_wconf 78' lang='lat' dir='ltr'><strong>putat</strong></span> <span class='ocrx_word' id='word_1_205' title='bbox 772 2000 912 2075; x_wconf 74' lang='lat' dir='ltr'><strong>Ahalam,</strong></span> <span class='ocrx_word' id='word_1_206' title='bbox 962 2007 1114 2067; x_wconf 89' lang='lat' dir='ltr'><strong>larminus</strong></span> <span class='ocrx_word' id='word_1_207' title='bbox 1128 2002 1347 2083; x_wconf 84' lang='lat' dir='ltr'><strong>affert,quibns</strong></span> <span class='ocrx_word' id='word_1_208' title='bbox 1360 2003 1559 2076; x_wconf 88' lang='lat' dir='ltr'><strong>demonstret,</strong></span> <span class='ocrx_word' id='word_1_209' title='bbox 1570 2000 1731 2079; x_wconf 86' lang='lat' dir='ltr'><strong>Pelagium</strong></span> <span class='ocrx_word' id='word_1_210' title='bbox 1763 2002 1865 2087; x_wconf 54' lang='grc' dir='ltr'><strong>ΔΜ</strong></span> 
     </span>
    </p>
   </div>
   <div class='ocr_carea' id='block_1_3' title="bbox 1786 2047 1891 2142">
    <p class='ocr_par' dir='ltr' id='par_1_3' title="bbox 1786 2047 1891 2142">
     <span class='ocr_line' id='line_1_19' title="bbox 1786 2047 1891 2110; baseline 0.048 -23"><span class='ocrx_word' id='word_1_211' title='bbox 1786 2055 1800 2087; x_wconf 88' lang='lat' dir='ltr'><strong>u</strong></span> <span class='ocrx_word' id='word_1_212' title='bbox 1822 2047 1891 2110; x_wconf 40' lang='lat' dir='ltr'><strong>&#39;stine</strong></span> 
     </span>
     <span class='ocr_line' id='line_1_20' title="bbox 1821 2112 1828 2142; baseline 0 0"><span class='ocrx_word' id='word_1_213' title='bbox 1821 2112 1828 2142; x_wconf 85' lang='grc' dir='ltr'><strong>ι</strong></span> 
     </span>
    </p>
   </div>
   <div class='ocr_carea' id='block_1_4' title="bbox 138 2058 1884 2199">
    <p class='ocr_par' dir='ltr' id='par_1_4' title="bbox 138 2058 1884 2199">
     <span class='ocr_line' id='line_1_21' title="bbox 138 2058 1884 2199; baseline -0.007 -41"><span class='ocrx_word' id='word_1_214' title='bbox 138 2093 915 2172; x_wconf 64' lang='lat' dir='ltr'><strong>Enochum,Melchisedeoum,Abrahumumdsaa-</strong></span> <span class='ocrx_word' id='word_1_215' title='bbox 963 2116 1090 2161; x_wconf 82' lang='lat' dir='ltr'><strong>omnem</strong></span> <span class='ocrx_word' id='word_1_216' title='bbox 1104 2096 1266 2158; x_wconf 74' lang='lat' dir='ltr'><strong>exclusisse</strong></span> <span class='ocrx_word' id='word_1_217' title='bbox 1288 2096 1418 2174; x_wconf 77' lang='lat' dir='ltr'><strong>gratiam</strong></span> <span class='ocrx_word' id='word_1_218' title='bbox 1439 2095 1606 2155; x_wconf 78' lang='lat' dir='ltr'><strong>intumum.</strong></span> <span class='ocrx_word' id='word_1_219' title='bbox 1620 2090 1681 2154; x_wconf 82' lang='lat' dir='ltr'><strong>Sed</strong></span> <span class='ocrx_word' id='word_1_220' title='bbox 1694 2111 1732 2154; x_wconf 82' lang='lat' dir='ltr'><strong>eu</strong></span> <span class='ocrx_word' id='word_1_221' title='bbox 1775 2058 1884 2199; x_wconf 44' lang='lat' dir='ltr'><strong>affluas</strong></span> 
     </span>
    </p>
   </div>
   <div class='ocr_carea' id='block_1_5' title="bbox 136 2186 1890 5587">
    <p class='ocr_par' dir='ltr' id='par_1_5' title="bbox 136 2186 1890 3376">
     <span class='ocr_line' id='line_1_22' title="bbox 138 2186 1888 2273; baseline 0 -21"><span class='ocrx_word' id='word_1_222' title='bbox 138 2207 227 2265; x_wconf 86' lang='lat' dir='ltr'><strong>oum,</strong></span> <span class='ocrx_word' id='word_1_223' title='bbox 242 2190 402 2265; x_wconf 71' lang='lat' dir='ltr'><strong>iacobum,</strong></span> <span class='ocrx_word' id='word_1_224' title='bbox 418 2191 449 2248; x_wconf 81' lang='lat' dir='ltr'><strong>et</strong></span> <span class='ocrx_word' id='word_1_225' title='bbox 459 2186 594 2265; x_wconf 74' lang='lat' dir='ltr'><strong>reliquos</strong></span> <span class='ocrx_word' id='word_1_226' title='bbox 606 2190 678 2245; x_wconf 77' lang='lat' dir='ltr'><strong>ante</strong></span> <span class='ocrx_word' id='word_1_227' title='bbox 691 2186 791 2264; x_wconf 78' lang='lat' dir='ltr'><strong>legem</strong></span> <span class='ocrx_word' id='word_1_228' title='bbox 800 2186 910 2263; x_wconf 81' lang='lat' dir='ltr'><strong>iustos,</strong></span> <span class='ocrx_word' id='word_1_229' title='bbox 963 2192 1098 2273; x_wconf 86' lang='lat' dir='ltr'><strong>proiecto</strong></span> <span class='ocrx_word' id='word_1_230' title='bbox 1108 2190 1186 2251; x_wconf 91' lang='lat' dir='ltr'><strong>nihil</strong></span> <span class='ocrx_word' id='word_1_231' title='bbox 1199 2206 1324 2268; x_wconf 86' lang='lat' dir='ltr'><strong>prorsus</strong></span> <span class='ocrx_word' id='word_1_232' title='bbox 1336 2187 1484 2260; x_wconf 87' lang='lat' dir='ltr'><strong>efficiunt,</strong></span> <span class='ocrx_word' id='word_1_233' title='bbox 1500 2187 1565 2249; x_wconf 90' lang='lat' dir='ltr'><strong>imo</strong></span> <span class='ocrx_word' id='word_1_234' title='bbox 1578 2203 1652 2246; x_wconf 87' lang='lat' dir='ltr'><strong>vero</strong></span> <span class='ocrx_word' id='word_1_235' title='bbox 1661 2203 1733 2247; x_wconf 90' lang='lat' dir='ltr'><strong>eon-</strong></span> <span class='ocrx_word' id='word_1_236' title='bbox 1776 2206 1888 2252; x_wconf 71' lang='lat' dir='ltr'><strong>ineman</strong></span> 
     </span>
     <span class='ocr_line' id='line_1_23' title="bbox 138 2262 1889 2370; baseline -0.002 -28"><span class='ocrx_word' id='word_1_237' title='bbox 138 2300 176 2343; x_wconf 88' lang='lat' dir='ltr'><strong>ac</strong></span> <span class='ocrx_word' id='word_1_238' title='bbox 211 2285 332 2342; x_wconf 83' lang='lat' dir='ltr'><strong>sanctos</strong></span> <span class='ocrx_word' id='word_1_239' title='bbox 366 2279 526 2341; x_wconf 80' lang='lat' dir='ltr'><strong>exstitisse.</strong></span> <span class='ocrx_word' id='word_1_240' title='bbox 562 2278 740 2357; x_wconf 81' lang='lat' dir='ltr'><strong>alienique</strong></span> <span class='ocrx_word' id='word_1_241' title='bbox 774 2280 913 2358; x_wconf 87' lang='lat' dir='ltr'><strong>quandiu</strong></span> <span class='ocrx_word' id='word_1_242' title='bbox 962 2284 1094 2345; x_wconf 74' lang='lat' dir='ltr'><strong>nanum</strong></span> <span class='ocrx_word' id='word_1_243' title='bbox 1105 2283 1203 2361; x_wconf 88' lang='lat' dir='ltr'><strong>magis</strong></span> <span class='ocrx_word' id='word_1_244' title='bbox 1216 2282 1392 2342; x_wconf 88' lang='lat' dir='ltr'><strong>ostendunt.</strong></span> <span class='ocrx_word' id='word_1_245' title='bbox 1405 2279 1495 2341; x_wconf 79' lang='lat' dir='ltr'><strong>Exiis</strong></span> <span class='ocrx_word' id='word_1_246' title='bbox 1507 2278 1731 2339; x_wconf 89' lang='lat' dir='ltr'><strong>validissimum</strong></span> <span class='ocrx_word' id='word_1_247' title='bbox 1768 2262 1889 2370; x_wconf 53' lang='lat'><strong>“5³:30¹</strong></span> 
     </span>
     <span class='ocr_line' id='line_1_24' title="bbox 138 2367 1890 2466; baseline -0.002 -31"><span class='ocrx_word' id='word_1_248' title='bbox 138 2373 334 2449; x_wconf 81' lang='lat' dir='ltr'><strong>recentioris,</strong></span> <span class='ocrx_word' id='word_1_249' title='bbox 349 2371 461 2451; x_wconf 88' lang='lat' dir='ltr'><strong>inquit,</strong></span> <span class='ocrx_word' id='word_1_250' title='bbox 476 2371 706 2432; x_wconf 81' lang='lat' dir='ltr'><strong>adhucuaturoe</strong></span> <span class='ocrx_word' id='word_1_251' title='bbox 718 2372 911 2450; x_wconf 85' lang='lat' dir='ltr'><strong>ususviguit,</strong></span> <span class='ocrx_word' id='word_1_252' title='bbox 962 2383 1085 2457; x_wconf 88' lang='lat' dir='ltr'><strong>putant,</strong></span> <span class='ocrx_word' id='word_1_253' title='bbox 1101 2375 1185 2455; x_wconf 92' lang='lat' dir='ltr'><strong>quod</strong></span> <span class='ocrx_word' id='word_1_254' title='bbox 1199 2373 1285 2435; x_wconf 90' lang='lat' dir='ltr'><strong>estin</strong></span> <span class='ocrx_word' id='word_1_255' title='bbox 1298 2373 1375 2433; x_wconf 92' lang='lat' dir='ltr'><strong>lih.l</strong></span> <span class='ocrx_word' id='word_1_256' title='bbox 1389 2376 1494 2433; x_wconf 83' lang='lat' dir='ltr'><strong>contro</strong></span> <span class='ocrx_word' id='word_1_257' title='bbox 1507 2369 1581 2432; x_wconf 85' lang='lat' dir='ltr'><strong>duas</strong></span> <span class='ocrx_word' id='word_1_258' title='bbox 1591 2369 1732 2450; x_wconf 78' lang='lat' dir='ltr'><strong>epistolar</strong></span> <span class='ocrx_word' id='word_1_259' title='bbox 1770 2367 1890 2466; x_wconf 52' lang='lat' dir='ltr'><strong>‘gimi-</strong></span> 
     </span>
     <span class='ocr_line' id='line_1_25' title="bbox 139 2454 1889 2548; baseline -0.002 -19"><span class='ocrx_word' id='word_1_260' title='bbox 139 2484 201 2527; x_wconf 87' lang='lat' dir='ltr'><strong>nae</strong></span> <span class='ocrx_word' id='word_1_261' title='bbox 220 2466 367 2527; x_wconf 81' lang='lat' dir='ltr'><strong>bumana</strong></span> <span class='ocrx_word' id='word_1_262' title='bbox 389 2464 501 2525; x_wconf 84' lang='lat' dir='ltr'><strong>rationi</strong></span> <span class='ocrx_word' id='word_1_263' title='bbox 519 2463 604 2523; x_wconf 84' lang='lat' dir='ltr'><strong>velut</strong></span> <span class='ocrx_word' id='word_1_264' title='bbox 626 2462 794 2542; x_wconf 86' lang='lat' dir='ltr'><strong>qnamdam</strong></span> <span class='ocrx_word' id='word_1_265' title='bbox 812 2462 914 2541; x_wconf 82' lang='lat' dir='ltr'><strong>ealigi-</strong></span> <span class='ocrx_word' id='word_1_266' title='bbox 963 2467 1190 2548; x_wconf 67' lang='lat' dir='ltr'><strong>Pelagiaomam</strong></span> <span class='ocrx_word' id='word_1_267' title='bbox 1204 2483 1270 2545; x_wconf 87' lang='lat' dir='ltr'><strong>cap.</strong></span> <span class='ocrx_word' id='word_1_268' title='bbox 1288 2481 1344 2527; x_wconf 84' lang='lat' dir='ltr'><strong>nx.</strong></span> <span class='ocrx_word' id='word_1_269' title='bbox 1365 2464 1457 2524; x_wconf 79' lang='lat' dir='ltr'><strong>«Vos</strong></span> <span class='ocrx_word' id='word_1_270' title='bbox 1482 2468 1600 2539; x_wconf 77' lang='lat' dir='ltr'><strong>summ,</strong></span> <span class='ocrx_word' id='word_1_271' title='bbox 1617 2462 1729 2542; x_wconf 88' lang='lat' dir='ltr'><strong>inquit,</strong></span> <span class='ocrx_word' id='word_1_272' title='bbox 1770 2454 1889 2524; x_wconf 63' lang='lat' dir='ltr'><strong>eretriaci.</strong></span> 
     </span>
     <span class='ocr_line' id='line_1_26' title="bbox 140 2554 1733 2638; baseline -0.004 -19"><span class='ocrx_word' id='word_1_273' title='bbox 140 2576 218 2619; x_wconf 89' lang='lat' dir='ltr'><strong>nem</strong></span> <span class='ocrx_word' id='word_1_274' title='bbox 229 2558 340 2634; x_wconf 85' lang='lat' dir='ltr'><strong>longus</strong></span> <span class='ocrx_word' id='word_1_275' title='bbox 354 2573 428 2617; x_wconf 92' lang='lat' dir='ltr'><strong>usus</strong></span> <span class='ocrx_word' id='word_1_276' title='bbox 441 2555 588 2636; x_wconf 83' lang='lat' dir='ltr'><strong>peccandi</strong></span> <span class='ocrx_word' id='word_1_277' title='bbox 602 2554 752 2631; x_wconf 85' lang='lat' dir='ltr'><strong>obduxit,</strong></span> <span class='ocrx_word' id='word_1_278' title='bbox 766 2554 832 2615; x_wconf 90' lang='lat' dir='ltr'><strong>sine</strong></span> <span class='ocrx_word' id='word_1_279' title='bbox 845 2554 914 2634; x_wconf 89' lang='lat' dir='ltr'><strong>lege</strong></span> <span class='ocrx_word' id='word_1_280' title='bbox 962 2560 1093 2621; x_wconf 88' lang='lat' dir='ltr'><strong>inbono</strong></span> <span class='ocrx_word' id='word_1_281' title='bbox 1107 2575 1201 2638; x_wconf 86' lang='lat' dir='ltr'><strong>opera</strong></span> <span class='ocrx_word' id='word_1_282' title='bbox 1214 2558 1256 2619; x_wconf 90' lang='lat' dir='ltr'><strong>sie</strong></span> <span class='ocrx_word' id='word_1_283' title='bbox 1272 2557 1388 2635; x_wconf 89' lang='lat' dir='ltr'><strong>putatis</strong></span> <span class='ocrx_word' id='word_1_284' title='bbox 1412 2554 1555 2632; x_wconf 71' lang='lat' dir='ltr'><strong>adimam</strong></span> <span class='ocrx_word' id='word_1_285' title='bbox 1571 2554 1733 2617; x_wconf 89' lang='lat' dir='ltr'><strong>hominem</strong></span> 
     </span>
     <span class='ocr_line' id='line_1_27' title="bbox 141 2646 1733 2732; baseline -0.002 -21"><span class='ocrx_word' id='word_1_286' title='bbox 141 2650 270 2712; x_wconf 87' lang='lat' dir='ltr'><strong>dimissa</strong></span> <span class='ocrx_word' id='word_1_287' title='bbox 284 2655 465 2721; x_wconf 82' lang='lat' dir='ltr'><strong>estuanrra,</strong></span> <span class='ocrx_word' id='word_1_288' title='bbox 481 2649 521 2708; x_wconf 87' lang='lat' dir='ltr'><strong>ad</strong></span> <span class='ocrx_word' id='word_1_289' title='bbox 539 2664 634 2726; x_wconf 91' lang='lat' dir='ltr'><strong>qnam</strong></span> <span class='ocrx_word' id='word_1_290' title='bbox 648 2647 798 2708; x_wconf 90' lang='lat' dir='ltr'><strong>Dominus</strong></span> <span class='ocrx_word' id='word_1_291' title='bbox 811 2647 915 2708; x_wconf 89' lang='lat' dir='ltr'><strong>nimiis</strong></span> <span class='ocrx_word' id='word_1_292' title='bbox 963 2652 1063 2732; x_wconf 85' lang='lat' dir='ltr'><strong>gratia</strong></span> <span class='ocrx_word' id='word_1_293' title='bbox 1083 2652 1152 2726; x_wconf 90' lang='lat' dir='ltr'><strong>Dei,</strong></span> <span class='ocrx_word' id='word_1_294' title='bbox 1174 2655 1209 2710; x_wconf 93' lang='lat' dir='ltr'><strong>ut</strong></span> <span class='ocrx_word' id='word_1_295' title='bbox 1234 2649 1267 2710; x_wconf 94' lang='lat' dir='ltr'><strong>in</strong></span> <span class='ocrx_word' id='word_1_296' title='bbox 1290 2648 1452 2711; x_wconf 83' lang='lat' dir='ltr'><strong>excitanda</strong></span> <span class='ocrx_word' id='word_1_297' title='bbox 1478 2647 1547 2727; x_wconf 69' lang='lat' dir='ltr'><strong>qus</strong></span> <span class='ocrx_word' id='word_1_298' title='bbox 1569 2646 1733 2726; x_wconf 90' lang='lat' dir='ltr'><strong>adipsum</strong></span> 
     </span>
     <span class='ocr_line' id='line_1_28' title="bbox 136 2736 1734 2822; baseline -0.003 -18"><span class='ocrx_word' id='word_1_299' title='bbox 136 2743 208 2821; x_wconf 88' lang='lat' dir='ltr'><strong>jam</strong></span> <span class='ocrx_word' id='word_1_300' title='bbox 228 2742 312 2804; x_wconf 88' lang='lat' dir='ltr'><strong>vitiis</strong></span> <span class='ocrx_word' id='word_1_301' title='bbox 335 2743 490 2812; x_wconf 89' lang='lat' dir='ltr'><strong>obrutam,</strong></span> <span class='ocrx_word' id='word_1_302' title='bbox 515 2745 546 2801; x_wconf 89' lang='lat' dir='ltr'><strong>at</strong></span> <span class='ocrx_word' id='word_1_303' title='bbox 569 2739 703 2818; x_wconf 91' lang='lat' dir='ltr'><strong>quadam</strong></span> <span class='ocrx_word' id='word_1_304' title='bbox 731 2738 915 2817; x_wconf 79' lang='lat' dir='ltr'><strong>ignorantie</strong></span> <span class='ocrx_word' id='word_1_305' title='bbox 963 2745 1083 2806; x_wconf 84' lang='lat' dir='ltr'><strong>bonum</strong></span> <span class='ocrx_word' id='word_1_306' title='bbox 1110 2761 1188 2822; x_wconf 88' lang='lat' dir='ltr'><strong>opus</strong></span> <span class='ocrx_word' id='word_1_307' title='bbox 1213 2743 1384 2815; x_wconf 84' lang='lat' dir='ltr'><strong>voluntate,</strong></span> <span class='ocrx_word' id='word_1_308' title='bbox 1404 2739 1484 2802; x_wconf 86' lang='lat' dir='ltr'><strong>nihil</strong></span> <span class='ocrx_word' id='word_1_309' title='bbox 1510 2757 1580 2801; x_wconf 88' lang='lat' dir='ltr'><strong>eam</strong></span> <span class='ocrx_word' id='word_1_310' title='bbox 1604 2736 1734 2801; x_wconf 87' lang='lat' dir='ltr'><strong>credatis</strong></span> 
     </span>
     <span class='ocr_line' id='line_1_29' title="bbox 139 2830 1734 2924; baseline -0.002 -28"><span class='ocrx_word' id='word_1_311' title='bbox 139 2835 289 2914; x_wconf 82' lang='lat' dir='ltr'><strong>rubigine</strong></span> <span class='ocrx_word' id='word_1_312' title='bbox 312 2834 458 2909; x_wconf 77' lang='lat' dir='ltr'><strong>iniectam</strong></span> <span class='ocrx_word' id='word_1_313' title='bbox 474 2832 590 2892; x_wconf 79' lang='lat' dir='ltr'><strong>&#39;limant</strong></span> <span class='ocrx_word' id='word_1_314' title='bbox 613 2831 688 2909; x_wconf 87' lang='lat' dir='ltr'><strong>legis</strong></span> <span class='ocrx_word' id='word_1_315' title='bbox 714 2830 862 2907; x_wconf 87' lang='lat' dir='ltr'><strong>admovit,</strong></span> <span class='ocrx_word' id='word_1_316' title='bbox 881 2837 917 2892; x_wconf 90' lang='lat' dir='ltr'><strong>ut</strong></span> <span class='ocrx_word' id='word_1_317' title='bbox 964 2836 1106 2918; x_wconf 69' lang='lat' dir='ltr'><strong>operari,</strong></span> <span class='ocrx_word' id='word_1_318' title='bbox 1121 2836 1206 2915; x_wconf 90' lang='lat' dir='ltr'><strong>quod</strong></span> <span class='ocrx_word' id='word_1_319' title='bbox 1219 2836 1293 2896; x_wconf 88' lang='lat' dir='ltr'><strong>satis</strong></span> <span class='ocrx_word' id='word_1_320' title='bbox 1305 2840 1359 2895; x_wconf 91' lang='lat' dir='ltr'><strong>tua</strong></span> <span class='ocrx_word' id='word_1_321' title='bbox 1379 2833 1473 2894; x_wconf 88' lang='lat' dir='ltr'><strong>verba</strong></span> <span class='ocrx_word' id='word_1_322' title='bbox 1486 2832 1654 2924; x_wconf 75' lang='lat' dir='ltr'><strong>declarant.</strong></span> <span class='ocrx_word' id='word_1_323' title='bbox 1670 2832 1734 2892; x_wconf 83' lang='lat' dir='ltr'><strong>Gur</strong></span> 
     </span>
     <span class='ocr_line' id='line_1_30' title="bbox 141 2923 1737 3006; baseline -0.003 -18"><span class='ocrx_word' id='word_1_324' title='bbox 141 2928 239 3006; x_wconf 90' lang='lat' dir='ltr'><strong>hujus</strong></span> <span class='ocrx_word' id='word_1_325' title='bbox 258 2926 414 3005; x_wconf 79' lang='lat' dir='ltr'><strong>frequenti</strong></span> <span class='ocrx_word' id='word_1_326' title='bbox 432 2924 644 2985; x_wconf 88' lang='lat' dir='ltr'><strong>admonitione</strong></span> <span class='ocrx_word' id='word_1_327' title='bbox 660 2923 859 3001; x_wconf 81' lang='lat' dir='ltr'><strong>expoliretur,</strong></span> <span class='ocrx_word' id='word_1_328' title='bbox 885 2929 916 2984; x_wconf 92' lang='lat' dir='ltr'><strong>et</strong></span> <span class='ocrx_word' id='word_1_329' title='bbox 964 2930 1049 2991; x_wconf 82' lang='lat' dir='ltr'><strong>enim</strong></span> <span class='ocrx_word' id='word_1_330' title='bbox 1074 2947 1140 2990; x_wconf 89' lang='lat' dir='ltr'><strong>non</strong></span> <span class='ocrx_word' id='word_1_331' title='bbox 1166 2926 1282 3004; x_wconf 81' lang='lat' dir='ltr'><strong>dixisti,</strong></span> <span class='ocrx_word' id='word_1_332' title='bbox 1308 2926 1469 2988; x_wconf 89' lang='lat' dir='ltr'><strong>bominem</strong></span> <span class='ocrx_word' id='word_1_333' title='bbox 1493 2926 1550 2987; x_wconf 87' lang='lat' dir='ltr'><strong>Del</strong></span> <span class='ocrx_word' id='word_1_334' title='bbox 1576 2923 1675 3004; x_wconf 85' lang='lat' dir='ltr'><strong>gratia</strong></span> <span class='ocrx_word' id='word_1_335' title='bbox 1700 2923 1737 2984; x_wconf 88' lang='lat' dir='ltr'><strong>in</strong></span> 
     </span>
     <span class='ocr_line' id='line_1_31' title="bbox 141 3014 1736 3098; baseline -0.003 -17"><span class='ocrx_word' id='word_1_336' title='bbox 141 3021 183 3081; x_wconf 89' lang='lat' dir='ltr'><strong>ad</strong></span> <span class='ocrx_word' id='word_1_337' title='bbox 208 3038 302 3080; x_wconf 89' lang='lat' dir='ltr'><strong>suum</strong></span> <span class='ocrx_word' id='word_1_338' title='bbox 326 3022 431 3098; x_wconf 86' lang='lat' dir='ltr'><strong>posset</strong></span> <span class='ocrx_word' id='word_1_339' title='bbox 457 3017 557 3078; x_wconf 90' lang='lat' dir='ltr'><strong>redire</strong></span> <span class='ocrx_word' id='word_1_340' title='bbox 582 3014 745 3093; x_wconf 76' lang='lat' dir='ltr'><strong>fulgorem.</strong></span> <span class='ocrx_word' id='word_1_341' title='bbox 767 3040 781 3069; x_wconf 73' lang='grc' dir='ltr'><strong><em>ι</em></strong></span> <span class='ocrx_word' id='word_1_342' title='bbox 808 3016 916 3094; x_wconf 87' lang='lat' dir='ltr'><strong>Itaque</strong></span> <span class='ocrx_word' id='word_1_343' title='bbox 964 3022 1085 3083; x_wconf 90' lang='lat' dir='ltr'><strong>bonum</strong></span> <span class='ocrx_word' id='word_1_344' title='bbox 1098 3038 1177 3097; x_wconf 90' lang='lat' dir='ltr'><strong>opus</strong></span> <span class='ocrx_word' id='word_1_345' title='bbox 1190 3019 1326 3094; x_wconf 82' lang='lat' dir='ltr'><strong>excitari,</strong></span> <span class='ocrx_word' id='word_1_346' title='bbox 1343 3018 1421 3079; x_wconf 85' lang='lat' dir='ltr'><strong>sieut</strong></span> <span class='ocrx_word' id='word_1_347' title='bbox 1434 3017 1549 3094; x_wconf 76' lang='lat' dir='ltr'><strong>dixisti,</strong></span> <span class='ocrx_word' id='word_1_348' title='bbox 1564 3017 1599 3079; x_wconf 90' lang='lat' dir='ltr'><strong>in</strong></span> <span class='ocrx_word' id='word_1_349' title='bbox 1617 3016 1736 3077; x_wconf 86' lang='lat' dir='ltr'><strong>melum</strong></span> 
     </span>
     <span class='ocr_line' id='line_1_32' title="bbox 142 3106 1737 3192; baseline 0.001 -26"><span class='ocrx_word' id='word_1_350' title='bbox 142 3116 273 3192; x_wconf 79' lang='lat' dir='ltr'><strong>propter</strong></span> <span class='ocrx_word' id='word_1_351' title='bbox 285 3112 483 3190; x_wconf 70' lang='lat' dir='ltr'><strong>depravatam</strong></span> <span class='ocrx_word' id='word_1_352' title='bbox 494 3106 742 3186; x_wconf 84' lang='lat' dir='ltr'><strong>longaritiorum</strong></span> <span class='ocrx_word' id='word_1_353' title='bbox 757 3113 917 3169; x_wconf 88' lang='lat' dir='ltr'><strong>eonsuetu-</strong></span> <span class='ocrx_word' id='word_1_354' title='bbox 965 3113 1080 3174; x_wconf 87' lang='lat' dir='ltr'><strong>diaboli</strong></span> <span class='ocrx_word' id='word_1_355' title='bbox 1093 3110 1343 3192; x_wconf 78' lang='lat' dir='ltr'><strong>suggestionibus</strong></span> <span class='ocrx_word' id='word_1_356' title='bbox 1355 3110 1476 3171; x_wconf 89' lang='lat' dir='ltr'><strong>incitari</strong></span> <span class='ocrx_word' id='word_1_357' title='bbox 1485 3107 1499 3170; x_wconf 87' lang='lat'><strong><em>?</em></strong></span> <span class='ocrx_word' id='word_1_358' title='bbox 1508 3109 1562 3170; x_wconf 88' lang='lat' dir='ltr'><strong>sed</strong></span> <span class='ocrx_word' id='word_1_359' title='bbox 1575 3108 1687 3184; x_wconf 81' lang='lat' dir='ltr'><strong>dixisti,</strong></span> <span class='ocrx_word' id='word_1_360' title='bbox 1704 3107 1737 3168; x_wconf 92' lang='lat' dir='ltr'><strong>in</strong></span> 
     </span>
     <span class='ocr_line' id='line_1_33' title="bbox 142 3197 1736 3285; baseline -0.004 -20"><span class='ocrx_word' id='word_1_361' title='bbox 142 3205 218 3265; x_wconf 87' lang='lat' dir='ltr'><strong>dine</strong></span> <span class='ocrx_word' id='word_1_362' title='bbox 231 3207 387 3278; x_wconf 88' lang='lat' dir='ltr'><strong>naturam,</strong></span> <span class='ocrx_word' id='word_1_363' title='bbox 407 3199 646 3262; x_wconf 79' lang='lat' dir='ltr'><strong>«nescientibus</strong></span> <span class='ocrx_word' id='word_1_364' title='bbox 658 3197 758 3274; x_wconf 90' lang='lat' dir='ltr'><strong>nobis,</strong></span> <span class='ocrx_word' id='word_1_365' title='bbox 776 3199 864 3278; x_wconf 89' lang='lat' dir='ltr'><strong>quasi</strong></span> <span class='ocrx_word' id='word_1_366' title='bbox 877 3200 916 3261; x_wconf 89' lang='lat' dir='ltr'><strong>eh</strong></span> <span class='ocrx_word' id='word_1_367' title='bbox 965 3205 1049 3266; x_wconf 89' lang='lat' dir='ltr'><strong>bono</strong></span> <span class='ocrx_word' id='word_1_368' title='bbox 1074 3222 1168 3285; x_wconf 90' lang='lat' dir='ltr'><strong>opere</strong></span> <span class='ocrx_word' id='word_1_369' title='bbox 1193 3220 1211 3265; x_wconf 88' lang='lat' dir='ltr'><strong>a</strong></span> <span class='ocrx_word' id='word_1_370' title='bbox 1233 3203 1289 3265; x_wconf 83' lang='lat' dir='ltr'><strong>Dei</strong></span> <span class='ocrx_word' id='word_1_371' title='bbox 1313 3204 1414 3281; x_wconf 87' lang='lat' dir='ltr'><strong>gratia</strong></span> <span class='ocrx_word' id='word_1_372' title='bbox 1440 3218 1562 3281; x_wconf 90' lang='lat' dir='ltr'><strong>semper</strong></span> <span class='ocrx_word' id='word_1_373' title='bbox 1585 3200 1736 3279; x_wconf 77' lang='lat' dir='ltr'><strong>adjuvari,</strong></span> 
     </span>
     <span class='ocr_line' id='line_1_34' title="bbox 142 3292 1736 3376; baseline -0.003 -19"><span class='ocrx_word' id='word_1_374' title='bbox 142 3296 206 3357; x_wconf 87' lang='lat' dir='ltr'><strong>alio</strong></span> <span class='ocrx_word' id='word_1_375' title='bbox 215 3295 409 3357; x_wconf 88' lang='lat' dir='ltr'><strong>sanctitatem</strong></span> <span class='ocrx_word' id='word_1_376' title='bbox 425 3292 599 3354; x_wconf 75' lang='lat' dir='ltr'><strong>conferri.»</strong></span> <span class='ocrx_word' id='word_1_377' title='bbox 965 3302 1116 3376; x_wconf 87' lang='lat' dir='ltr'><strong>tanquam</strong></span> <span class='ocrx_word' id='word_1_378' title='bbox 1142 3314 1199 3357; x_wconf 88' lang='lat' dir='ltr'><strong>sua</strong></span> <span class='ocrx_word' id='word_1_379' title='bbox 1229 3295 1398 3369; x_wconf 86' lang='lat' dir='ltr'><strong>voluntate,</strong></span> <span class='ocrx_word' id='word_1_380' title='bbox 1426 3293 1514 3355; x_wconf 91' lang='lat' dir='ltr'><strong>nulla</strong></span> <span class='ocrx_word' id='word_1_381' title='bbox 1548 3293 1603 3354; x_wconf 89' lang='lat' dir='ltr'><strong>Dei</strong></span> <span class='ocrx_word' id='word_1_382' title='bbox 1636 3292 1736 3370; x_wconf 87' lang='lat' dir='ltr'><strong>gratia</strong></span> 
     </span>
    </p>

    <p class='ocr_par' dir='ltr' id='par_1_6' title="bbox 143 3382 1741 5587">
     <span class='ocr_line' id='line_1_35' title="bbox 186 3382 1737 3470; baseline -0.004 -21"><span class='ocrx_word' id='word_1_383' title='bbox 186 3386 225 3448; x_wconf 83' lang='lat' dir='ltr'><strong>X.</strong></span> <span class='ocrx_word' id='word_1_384' title='bbox 249 3387 327 3449; x_wconf 88' lang='lat' dir='ltr'><strong>Hinc</strong></span> <span class='ocrx_word' id='word_1_385' title='bbox 354 3391 492 3467; x_wconf 87' lang='lat' dir='ltr'><strong>apparet,</strong></span> <span class='ocrx_word' id='word_1_386' title='bbox 526 3383 687 3462; x_wconf 89' lang='lat' dir='ltr'><strong>Pelagium</strong></span> <span class='ocrx_word' id='word_1_387' title='bbox 719 3382 820 3458; x_wconf 80' lang='lat' dir='ltr'><strong>legem</strong></span> <span class='ocrx_word' id='word_1_388' title='bbox 849 3383 916 3461; x_wconf 82' lang='lat' dir='ltr'><strong>Dei,</strong></span> <span class='ocrx_word' id='word_1_389' title='bbox 965 3389 1086 3450; x_wconf 91' lang='lat' dir='ltr'><strong>bonnm</strong></span> <span class='ocrx_word' id='word_1_390' title='bbox 1114 3408 1192 3470; x_wconf 89' lang='lat' dir='ltr'><strong>opus</strong></span> <span class='ocrx_word' id='word_1_391' title='bbox 1219 3402 1390 3468; x_wconf 86' lang='lat' dir='ltr'><strong>aggressus,</strong></span> <span class='ocrx_word' id='word_1_392' title='bbox 1413 3387 1448 3446; x_wconf 90' lang='lat' dir='ltr'><strong>in</strong></span> <span class='ocrx_word' id='word_1_393' title='bbox 1471 3387 1539 3465; x_wconf 91' lang='lat' dir='ltr'><strong>ipso</strong></span> <span class='ocrx_word' id='word_1_394' title='bbox 1554 3385 1619 3464; x_wconf 85' lang='lat' dir='ltr'><strong>jam</strong></span> <span class='ocrx_word' id='word_1_395' title='bbox 1643 3400 1737 3463; x_wconf 88' lang='lat' dir='ltr'><strong>opera</strong></span> 
     </span>
     <span class='ocr_line' id='line_1_36' title="bbox 143 3474 1738 3561; baseline -0.001 -22"><span class='ocrx_word' id='word_1_396' title='bbox 143 3496 242 3560; x_wconf 88' lang='lat' dir='ltr'><strong>quam</strong></span> <span class='ocrx_word' id='word_1_397' title='bbox 267 3485 397 3556; x_wconf 61' lang='lat' dir='ltr'><strong>vrocsnt,</strong></span> <span class='ocrx_word' id='word_1_398' title='bbox 424 3476 603 3558; x_wconf 80' lang='lat' dir='ltr'><strong>positivum,</strong></span> <span class='ocrx_word' id='word_1_399' title='bbox 633 3493 668 3535; x_wconf 90' lang='lat' dir='ltr'><strong>ac</strong></span> <span class='ocrx_word' id='word_1_400' title='bbox 696 3474 917 3536; x_wconf 87' lang='lat' dir='ltr'><strong>revelationem</strong></span> <span class='ocrx_word' id='word_1_401' title='bbox 966 3481 1113 3542; x_wconf 85' lang='lat' dir='ltr'><strong>divinitus</strong></span> <span class='ocrx_word' id='word_1_402' title='bbox 1146 3481 1320 3561; x_wconf 81' lang='lat' dir='ltr'><strong>adjuvetur,</strong></span> <span class='ocrx_word' id='word_1_403' title='bbox 1357 3498 1414 3559; x_wconf 86' lang='lat' dir='ltr'><strong>pro</strong></span> <span class='ocrx_word' id='word_1_404' title='bbox 1446 3478 1565 3540; x_wconf 87' lang='lat' dir='ltr'><strong>meritis</strong></span> <span class='ocrx_word' id='word_1_405' title='bbox 1597 3476 1738 3538; x_wconf 88' lang='lat' dir='ltr'><strong>videlicet</strong></span> 
     </span>
     <span class='ocr_line' id='line_1_37' title="bbox 145 3567 1736 3650; baseline -0.002 -17"><span class='ocrx_word' id='word_1_406' title='bbox 145 3577 324 3647; x_wconf 81' lang='lat' dir='ltr'><strong>externam,</strong></span> <span class='ocrx_word' id='word_1_407' title='bbox 359 3588 455 3650; x_wconf 90' lang='lat' dir='ltr'><strong>quam</strong></span> <span class='ocrx_word' id='word_1_408' title='bbox 486 3587 551 3630; x_wconf 89' lang='lat' dir='ltr'><strong>esse</strong></span> <span class='ocrx_word' id='word_1_409' title='bbox 580 3567 712 3646; x_wconf 89' lang='lat' dir='ltr'><strong>gratiam</strong></span> <span class='ocrx_word' id='word_1_410' title='bbox 746 3567 915 3641; x_wconf 87' lang='lat' dir='ltr'><strong>asserebat,</strong></span> <span class='ocrx_word' id='word_1_411' title='bbox 965 3574 1133 3634; x_wconf 89' lang='lat' dir='ltr'><strong>voluntatis</strong></span> <span class='ocrx_word' id='word_1_412' title='bbox 1158 3574 1260 3646; x_wconf 83' lang='lat' dir='ltr'><strong>honae,</strong></span> <span class='ocrx_word' id='word_1_413' title='bbox 1277 3579 1312 3633; x_wconf 91' lang='lat' dir='ltr'><strong>ut</strong></span> <span class='ocrx_word' id='word_1_414' title='bbox 1333 3572 1480 3633; x_wconf 83' lang='lat' dir='ltr'><strong>reddatur</strong></span> <span class='ocrx_word' id='word_1_415' title='bbox 1503 3569 1608 3631; x_wconf 87' lang='lat' dir='ltr'><strong>debita</strong></span> <span class='ocrx_word' id='word_1_416' title='bbox 1625 3568 1736 3649; x_wconf 73' lang='lat' dir='ltr'><strong>gratia,</strong></span> 
     </span>
     <span class='ocr_line' id='line_1_38' title="bbox 144 3659 1368 3744; baseline -0.007 -17"><span class='ocrx_word' id='word_1_417' title='bbox 144 3680 346 3744; x_wconf 71' lang='lat' dir='ltr'><strong>neququam</strong></span> <span class='ocrx_word' id='word_1_418' title='bbox 360 3662 399 3723; x_wconf 91' lang='lat' dir='ltr'><strong>ad</strong></span> <span class='ocrx_word' id='word_1_419' title='bbox 417 3661 570 3741; x_wconf 85' lang='lat' dir='ltr'><strong>justitiam</strong></span> <span class='ocrx_word' id='word_1_420' title='bbox 593 3659 795 3721; x_wconf 88' lang='lat' dir='ltr'><strong>necessariam</strong></span> <span class='ocrx_word' id='word_1_421' title='bbox 810 3659 916 3719; x_wconf 82' lang='lat' dir='ltr'><strong>existi·</strong></span> <span class='ocrx_word' id='word_1_422' title='bbox 965 3685 1028 3728; x_wconf 91' lang='lat' dir='ltr'><strong>non</strong></span> <span class='ocrx_word' id='word_1_423' title='bbox 1045 3664 1368 3727; x_wconf 61' lang='lat' dir='ltr'><strong>dominumtuum.»</strong></span> 
     </span>
     <span class='ocr_line' id='line_1_39' title="bbox 144 3750 1738 3836; baseline -0.003 -19"><span class='ocrx_word' id='word_1_424' title='bbox 144 3776 257 3827; x_wconf 84' lang='lat' dir='ltr'><strong>masse,</strong></span> <span class='ocrx_word' id='word_1_425' title='bbox 273 3756 327 3817; x_wconf 91' lang='lat' dir='ltr'><strong>sed</strong></span> <span class='ocrx_word' id='word_1_426' title='bbox 340 3755 435 3816; x_wconf 89' lang='lat' dir='ltr'><strong>solam</strong></span> <span class='ocrx_word' id='word_1_427' title='bbox 450 3753 624 3815; x_wconf 89' lang='lat' dir='ltr'><strong>naturalem</strong></span> <span class='ocrx_word' id='word_1_428' title='bbox 637 3750 917 3813; x_wconf 68' lang='lat' dir='ltr'><strong>sauromatarum</strong></span> <span class='ocrx_word' id='word_1_429' title='bbox 1007 3758 1094 3833; x_wconf 84' lang='lat' dir='ltr'><strong>Quod</strong></span> <span class='ocrx_word' id='word_1_430' title='bbox 1115 3757 1271 3836; x_wconf 84' lang='lat' dir='ltr'><strong>Pelagisni</strong></span> <span class='ocrx_word' id='word_1_431' title='bbox 1293 3761 1443 3836; x_wconf 82' lang='lat' dir='ltr'><strong>negarent</strong></span> <span class='ocrx_word' id='word_1_432' title='bbox 1463 3755 1503 3815; x_wconf 88' lang='lat' dir='ltr'><strong>ad</strong></span> <span class='ocrx_word' id='word_1_433' title='bbox 1522 3753 1642 3815; x_wconf 89' lang='lat' dir='ltr'><strong>bonum</strong></span> <span class='ocrx_word' id='word_1_434' title='bbox 1659 3768 1738 3833; x_wconf 83' lang='lat' dir='ltr'><strong>opus</strong></span> 
     </span>
     <span class='ocr_line' id='line_1_40' title="bbox 144 3844 1738 3931; baseline -0.003 -20"><span class='ocrx_word' id='word_1_435' title='bbox 144 3856 218 3931; x_wconf 84' lang='lat' dir='ltr'><strong>post</strong></span> <span class='ocrx_word' id='word_1_436' title='bbox 230 3849 399 3911; x_wconf 83' lang='lat' dir='ltr'><strong>adventum</strong></span> <span class='ocrx_word' id='word_1_437' title='bbox 411 3846 522 3908; x_wconf 80' lang='lat' dir='ltr'><strong>Christi</strong></span> <span class='ocrx_word' id='word_1_438' title='bbox 535 3844 741 3906; x_wconf 87' lang='lat' dir='ltr'><strong>necessarium</strong></span> <span class='ocrx_word' id='word_1_439' title='bbox 756 3861 820 3905; x_wconf 86' lang='lat' dir='ltr'><strong>esse</strong></span> <span class='ocrx_word' id='word_1_440' title='bbox 838 3845 916 3907; x_wconf 86' lang='lat' dir='ltr'><strong>scire</strong></span> <span class='ocrx_word' id='word_1_441' title='bbox 967 3851 1094 3914; x_wconf 81' lang='lat' dir='ltr'><strong>excitari</strong></span> <span class='ocrx_word' id='word_1_442' title='bbox 1117 3850 1318 3924; x_wconf 89' lang='lat' dir='ltr'><strong>voluntatem,</strong></span> <span class='ocrx_word' id='word_1_443' title='bbox 1340 3849 1413 3909; x_wconf 90' lang='lat' dir='ltr'><strong>inde</strong></span> <span class='ocrx_word' id='word_1_444' title='bbox 1433 3847 1593 3925; x_wconf 88' lang='lat' dir='ltr'><strong>eolligunt,</strong></span> <span class='ocrx_word' id='word_1_445' title='bbox 1617 3846 1738 3906; x_wconf 79' lang='lat' dir='ltr'><strong>amiam</strong></span> 
     </span>
     <span class='ocr_line' id='line_1_41' title="bbox 145 3936 1735 4023; baseline -0.002 -20"><span class='ocrx_word' id='word_1_446' title='bbox 145 3941 533 4023; x_wconf 87' lang='lat' dir='ltr'><strong>ipsiusvoluntatem,quae</strong></span> <span class='ocrx_word' id='word_1_447' title='bbox 545 3956 601 4018; x_wconf 90' lang='lat' dir='ltr'><strong>per</strong></span> <span class='ocrx_word' id='word_1_448' title='bbox 615 3936 915 4016; x_wconf 76' lang='lat' dir='ltr'><strong>Beriptrnassaltem,</strong></span> <span class='ocrx_word' id='word_1_449' title='bbox 967 3944 1060 4004; x_wconf 75' lang='lat' dir='ltr'><strong>aliam</strong></span> <span class='ocrx_word' id='word_1_450' title='bbox 1094 3942 1253 4004; x_wconf 82' lang='lat' dir='ltr'><strong>admisisse</strong></span> <span class='ocrx_word' id='word_1_451' title='bbox 1286 3939 1427 4019; x_wconf 75' lang='lat' dir='ltr'><strong>gratim,</strong></span> <span class='ocrx_word' id='word_1_452' title='bbox 1467 3938 1526 3999; x_wconf 90' lang='lat' dir='ltr'><strong>nisi</strong></span> <span class='ocrx_word' id='word_1_453' title='bbox 1563 3943 1735 4000; x_wconf 85' lang='lat' dir='ltr'><strong>externam.</strong></span> 
     </span>
     <span class='ocr_line' id='line_1_42' title="bbox 144 4029 1738 4113; baseline -0.002 -18"><span class='ocrx_word' id='word_1_454' title='bbox 144 4035 310 4113; x_wconf 87' lang='lat' dir='ltr'><strong>legemque</strong></span> <span class='ocrx_word' id='word_1_455' title='bbox 343 4031 512 4092; x_wconf 84' lang='lat' dir='ltr'><strong>lorinsecus</strong></span> <span class='ocrx_word' id='word_1_456' title='bbox 542 4033 741 4101; x_wconf 87' lang='lat' dir='ltr'><strong>monentem,</strong></span> <span class='ocrx_word' id='word_1_457' title='bbox 774 4036 829 4089; x_wconf 88' lang='lat' dir='ltr'><strong>aut</strong></span> <span class='ocrx_word' id='word_1_458' title='bbox 861 4048 917 4108; x_wconf 90' lang='lat' dir='ltr'><strong>per</strong></span> <span class='ocrx_word' id='word_1_459' title='bbox 967 4036 1085 4095; x_wconf 89' lang='lat' dir='ltr'><strong>Verum</strong></span> <span class='ocrx_word' id='word_1_460' title='bbox 1107 4032 1138 4093; x_wconf 94' lang='lat' dir='ltr'><strong>id</strong></span> <span class='ocrx_word' id='word_1_461' title='bbox 1161 4050 1261 4094; x_wconf 92' lang='lat' dir='ltr'><strong>unum</strong></span> <span class='ocrx_word' id='word_1_462' title='bbox 1282 4032 1378 4093; x_wconf 89' lang='lat' dir='ltr'><strong>verba</strong></span> <span class='ocrx_word' id='word_1_463' title='bbox 1398 4031 1451 4092; x_wconf 89' lang='lat' dir='ltr'><strong>illa</strong></span> <span class='ocrx_word' id='word_1_464' title='bbox 1473 4029 1641 4106; x_wconf 87' lang='lat' dir='ltr'><strong>declarant,</strong></span> <span class='ocrx_word' id='word_1_465' title='bbox 1655 4029 1738 4092; x_wconf 89' lang='lat' dir='ltr'><strong>bons</strong></span> 
     </span>
     <span class='ocr_line' id='line_1_43' title="bbox 146 4120 1738 4207; baseline -0.003 -22"><span class='ocrx_word' id='word_1_466' title='bbox 146 4124 527 4186; x_wconf 86' lang='lat' dir='ltr'><strong>internamrcvelationem</strong></span> <span class='ocrx_word' id='word_1_467' title='bbox 536 4120 690 4181; x_wconf 87' lang='lat' dir='ltr'><strong>ediscitur.</strong></span> <span class='ocrx_word' id='word_1_468' title='bbox 698 4121 798 4193; x_wconf 84' lang='lat' dir='ltr'><strong>Quare</strong></span> <span class='ocrx_word' id='word_1_469' title='bbox 808 4120 918 4181; x_wconf 90' lang='lat' dir='ltr'><strong>eodem</strong></span> <span class='ocrx_word' id='word_1_470' title='bbox 968 4126 1141 4207; x_wconf 74' lang='lat' dir='ltr'><strong>operosius</strong></span> <span class='ocrx_word' id='word_1_471' title='bbox 1165 4128 1287 4186; x_wconf 83' lang='lat' dir='ltr'><strong>interna</strong></span> <span class='ocrx_word' id='word_1_472' title='bbox 1307 4124 1421 4186; x_wconf 83' lang='lat' dir='ltr'><strong>mentis</strong></span> <span class='ocrx_word' id='word_1_473' title='bbox 1441 4123 1656 4196; x_wconf 86' lang='lat' dir='ltr'><strong>illustratione,</strong></span> <span class='ocrx_word' id='word_1_474' title='bbox 1672 4140 1738 4185; x_wconf 88' lang='lat' dir='ltr'><strong>non</strong></span> 
     </span>
     <span class='ocr_line' id='line_1_44' title="bbox 145 4212 1739 4296; baseline -0.004 -17"><span class='ocrx_word' id='word_1_475' title='bbox 145 4219 214 4278; x_wconf 90' lang='lat' dir='ltr'><strong>loco</strong></span> <span class='ocrx_word' id='word_1_476' title='bbox 235 4216 464 4279; x_wconf 86' lang='lat' dir='ltr'><strong>Demetriadem</strong></span> <span class='ocrx_word' id='word_1_477' title='bbox 476 4214 644 4274; x_wconf 87' lang='lat' dir='ltr'><strong>hortatur:</strong></span> <span class='ocrx_word' id='word_1_478' title='bbox 667 4232 679 4268; x_wconf 79' lang='grc' dir='ltr'>ι</span> <span class='ocrx_word' id='word_1_479' title='bbox 705 4212 811 4274; x_wconf 90' lang='lat' dir='ltr'><strong>Prima</strong></span> <span class='ocrx_word' id='word_1_480' title='bbox 823 4212 918 4290; x_wconf 89' lang='lat' dir='ltr'><strong>igitur</strong></span> <span class='ocrx_word' id='word_1_481' title='bbox 966 4227 1072 4282; x_wconf 68' lang='lat' dir='ltr'><strong>tamam</strong></span> <span class='ocrx_word' id='word_1_482' title='bbox 1086 4218 1152 4279; x_wconf 79' lang='lat' dir='ltr'><strong>sine</strong></span> <span class='ocrx_word' id='word_1_483' title='bbox 1164 4217 1251 4296; x_wconf 78' lang='lat' dir='ltr'><strong>legis,</strong></span> <span class='ocrx_word' id='word_1_484' title='bbox 1265 4217 1487 4295; x_wconf 67' lang='lat' dir='ltr'><strong>doctrinaque,</strong></span> <span class='ocrx_word' id='word_1_485' title='bbox 1504 4232 1559 4274; x_wconf 88' lang='lat' dir='ltr'><strong>seu</strong></span> <span class='ocrx_word' id='word_1_486' title='bbox 1570 4213 1739 4276; x_wconf 88' lang='lat' dir='ltr'><strong>voluntatis</strong></span> 
     </span>
     <span class='ocr_line' id='line_1_45' title="bbox 144 4304 1738 4389; baseline -0.001 -19"><span class='ocrx_word' id='word_1_487' title='bbox 144 4310 276 4388; x_wconf 87' lang='lat' dir='ltr'><strong>virginis</strong></span> <span class='ocrx_word' id='word_1_488' title='bbox 290 4327 374 4385; x_wconf 82' lang='lat' dir='ltr'><strong>cura,</strong></span> <span class='ocrx_word' id='word_1_489' title='bbox 399 4307 598 4387; x_wconf 88' lang='lat' dir='ltr'><strong>primumque</strong></span> <span class='ocrx_word' id='word_1_490' title='bbox 619 4304 755 4365; x_wconf 79' lang='lat' dir='ltr'><strong>audium</strong></span> <span class='ocrx_word' id='word_1_491' title='bbox 778 4305 818 4365; x_wconf 88' lang='lat' dir='ltr'><strong>sit</strong></span> <span class='ocrx_word' id='word_1_492' title='bbox 841 4306 918 4367; x_wconf 86' lang='lat' dir='ltr'><strong>scire</strong></span> <span class='ocrx_word' id='word_1_493' title='bbox 967 4311 1022 4372; x_wconf 87' lang='lat' dir='ltr'><strong>Dei</strong></span> <span class='ocrx_word' id='word_1_494' title='bbox 1044 4311 1220 4389; x_wconf 86' lang='lat' dir='ltr'><strong>cognitione</strong></span> <span class='ocrx_word' id='word_1_495' title='bbox 1241 4308 1330 4383; x_wconf 83' lang='lat' dir='ltr'><strong>fieri3</strong></span> <span class='ocrx_word' id='word_1_496' title='bbox 1354 4326 1425 4389; x_wconf 83' lang='lat' dir='ltr'><strong>quaa</strong></span> <span class='ocrx_word' id='word_1_497' title='bbox 1445 4325 1518 4368; x_wconf 89' lang='lat' dir='ltr'><strong>eum</strong></span> <span class='ocrx_word' id='word_1_498' title='bbox 1542 4324 1599 4386; x_wconf 90' lang='lat' dir='ltr'><strong>pro</strong></span> <span class='ocrx_word' id='word_1_499' title='bbox 1621 4305 1738 4369; x_wconf 87' lang='lat' dir='ltr'><strong>viribus</strong></span> 
     </span>
     <span class='ocr_line' id='line_1_46' title="bbox 145 4396 1735 4482; baseline 0 -20"><span class='ocrx_word' id='word_1_500' title='bbox 145 4401 337 4463; x_wconf 85' lang='lat' dir='ltr'><strong>voluntatem</strong></span> <span class='ocrx_word' id='word_1_501' title='bbox 361 4398 488 4460; x_wconf 88' lang='lat' dir='ltr'><strong>domini·</strong></span> <span class='ocrx_word' id='word_1_502' title='bbox 501 4397 565 4472; x_wconf 84' lang='lat' dir='ltr'><strong>sui3</strong></span> <span class='ocrx_word' id='word_1_503' title='bbox 590 4402 621 4458; x_wconf 88' lang='lat' dir='ltr'><strong>et</strong></span> <span class='ocrx_word' id='word_1_504' title='bbox 640 4396 715 4476; x_wconf 91' lang='lat' dir='ltr'><strong>quid</strong></span> <span class='ocrx_word' id='word_1_505' title='bbox 737 4396 765 4456; x_wconf 91' lang='lat' dir='ltr'><strong>ei</strong></span> <span class='ocrx_word' id='word_1_506' title='bbox 789 4396 916 4475; x_wconf 77' lang='lat' dir='ltr'><strong>paseat,</strong></span> <span class='ocrx_word' id='word_1_507' title='bbox 966 4404 1029 4464; x_wconf 87' lang='lat' dir='ltr'><strong>suis</strong></span> <span class='ocrx_word' id='word_1_508' title='bbox 1044 4404 1139 4464; x_wconf 89' lang='lat' dir='ltr'><strong>homo</strong></span> <span class='ocrx_word' id='word_1_509' title='bbox 1156 4401 1344 4482; x_wconf 78' lang='lat' dir='ltr'><strong>praetiterit,</strong></span> <span class='ocrx_word' id='word_1_510' title='bbox 1357 4407 1426 4460; x_wconf 90' lang='lat' dir='ltr'><strong>tum</strong></span> <span class='ocrx_word' id='word_1_511' title='bbox 1439 4399 1493 4461; x_wconf 91' lang='lat' dir='ltr'><strong>Dei</strong></span> <span class='ocrx_word' id='word_1_512' title='bbox 1509 4398 1597 4459; x_wconf 87' lang='lat' dir='ltr'><strong>favor</strong></span> <span class='ocrx_word' id='word_1_513' title='bbox 1610 4400 1735 4479; x_wconf 86' lang='lat' dir='ltr'><strong>aspiret.</strong></span> 
     </span>
     <span class='ocr_line' id='line_1_47' title="bbox 145 4489 1740 4575; baseline -0.001 -21"><span class='ocrx_word' id='word_1_514' title='bbox 145 4494 260 4575; x_wconf 87' lang='lat' dir='ltr'><strong>quidve</strong></span> <span class='ocrx_word' id='word_1_515' title='bbox 283 4492 455 4573; x_wconf 86' lang='lat' dir='ltr'><strong>displiceat,</strong></span> <span class='ocrx_word' id='word_1_516' title='bbox 483 4489 648 4568; x_wconf 88' lang='lat' dir='ltr'><strong>diligenter</strong></span> <span class='ocrx_word' id='word_1_517' title='bbox 679 4489 854 4567; x_wconf 88' lang='lat' dir='ltr'><strong>inquirere,</strong></span> <span class='ocrx_word' id='word_1_518' title='bbox 883 4495 919 4551; x_wconf 92' lang='lat' dir='ltr'><strong>nt</strong></span> <span class='ocrx_word' id='word_1_519' title='bbox 966 4490 1607 4574; x_wconf 78' lang='lat' dir='ltr'><strong>eugratiasubministretur,quonimirum</strong></span> <span class='ocrx_word' id='word_1_520' title='bbox 1620 4490 1740 4553; x_wconf 81' lang='lat' dir='ltr'><strong>iaeihm</strong></span> 
     </span>
     <span class='ocr_line' id='line_1_48' title="bbox 145 4580 1739 4668; baseline -0.002 -20"><span class='ocrx_word' id='word_1_521' title='bbox 145 4587 318 4648; x_wconf 88' lang='lat' dir='ltr'><strong>seeundum</strong></span> <span class='ocrx_word' id='word_1_522' title='bbox 331 4582 524 4664; x_wconf 76' lang='lat' dir='ltr'><strong>Apostolum,</strong></span> <span class='ocrx_word' id='word_1_523' title='bbox 539 4580 720 4643; x_wconf 87' lang='lat' dir='ltr'><strong>rationabile</strong></span> <span class='ocrx_word' id='word_1_524' title='bbox 733 4582 796 4642; x_wconf 89' lang='lat' dir='ltr'><strong>Deo</strong></span> <span class='ocrx_word' id='word_1_525' title='bbox 809 4582 919 4643; x_wconf 87' lang='lat' dir='ltr'><strong>reddat</strong></span> <span class='ocrx_word' id='word_1_526' title='bbox 967 4592 1122 4668; x_wconf 88' lang='lat' dir='ltr'><strong>operetur.</strong></span> <span class='ocrx_word' id='word_1_527' title='bbox 1134 4584 1535 4661; x_wconf 74' lang='lat' dir='ltr'><strong>Quanamreroistegrutia</strong></span> <span class='ocrx_word' id='word_1_528' title='bbox 1544 4582 1608 4645; x_wconf 81' lang='lat' dir='ltr'><strong>est?</strong></span> <span class='ocrx_word' id='word_1_529' title='bbox 1621 4582 1739 4663; x_wconf 89' lang='lat' dir='ltr'><strong>Opinor</strong></span> 
     </span>
     <span class='ocr_line' id='line_1_49' title="bbox 146 4674 1739 4759; baseline -0.002 -19"><span class='ocrx_word' id='word_1_530' title='bbox 146 4678 343 4759; x_wconf 84' lang='lat' dir='ltr'><strong>obsequium,</strong></span> <span class='ocrx_word' id='word_1_531' title='bbox 364 4681 526 4754; x_wconf 91' lang='lat' dir='ltr'><strong>totumque</strong></span> <span class='ocrx_word' id='word_1_532' title='bbox 546 4674 617 4734; x_wconf 83' lang='lat' dir='ltr'><strong>vitae</strong></span> <span class='ocrx_word' id='word_1_533' title='bbox 630 4690 722 4734; x_wconf 81' lang='lat' dir='ltr'><strong>sarram</strong></span> <span class='ocrx_word' id='word_1_534' title='bbox 737 4691 860 4734; x_wconf 88' lang='lat' dir='ltr'><strong>cursum</strong></span> <span class='ocrx_word' id='word_1_535' title='bbox 879 4693 918 4736; x_wconf 84' lang='lat' dir='ltr'><strong>ex</strong></span> <span class='ocrx_word' id='word_1_536' title='bbox 967 4680 1078 4759; x_wconf 79' lang='lat' dir='ltr'><strong>alege,</strong></span> <span class='ocrx_word' id='word_1_537' title='bbox 1094 4684 1125 4739; x_wconf 86' lang='lat' dir='ltr'><strong>et</strong></span> <span class='ocrx_word' id='word_1_538' title='bbox 1138 4677 1439 4739; x_wconf 85' lang='lat' dir='ltr'><strong>externavoluntatis</strong></span> <span class='ocrx_word' id='word_1_539' title='bbox 1451 4676 1507 4738; x_wconf 87' lang='lat' dir='ltr'><strong>Dei</strong></span> <span class='ocrx_word' id='word_1_540' title='bbox 1515 4675 1739 4755; x_wconf 77' lang='lat' dir='ltr'><strong>significatione</strong></span> 
     </span>
     <span class='ocr_line' id='line_1_50' title="bbox 146 4765 1741 4849; baseline -0.002 -18"><span class='ocrx_word' id='word_1_541' title='bbox 146 4772 215 4849; x_wconf 67' lang='lat' dir='ltr'><strong>sius</strong></span> <span class='ocrx_word' id='word_1_542' title='bbox 229 4771 325 4849; x_wconf 91' lang='lat' dir='ltr'><strong>possit</strong></span> <span class='ocrx_word' id='word_1_543' title='bbox 337 4768 483 4829; x_wconf 90' lang='lat' dir='ltr'><strong>ordinare</strong></span> <span class='ocrx_word' id='word_1_544' title='bbox 496 4765 656 4826; x_wconf 86' lang='lat' dir='ltr'><strong>sententia.</strong></span> <span class='ocrx_word' id='word_1_545' title='bbox 669 4765 862 4842; x_wconf 81' lang='lat' dir='ltr'><strong>Impossibile</strong></span> <span class='ocrx_word' id='word_1_546' title='bbox 872 4773 919 4828; x_wconf 85' lang='lat' dir='ltr'><strong>est</strong></span> <span class='ocrx_word' id='word_1_547' title='bbox 968 4769 1500 4849; x_wconf 81' lang='lat' dir='ltr'><strong>diversaNamhactenusPetagium</strong></span> <span class='ocrx_word' id='word_1_548' title='bbox 1508 4767 1741 4848; x_wconf 82' lang='lat' dir='ltr'><strong>saepeprofiten-</strong></span> 
     </span>
     <span class='ocr_line' id='line_1_51' title="bbox 147 4856 1737 4941; baseline -0.001 -18"><span class='ocrx_word' id='word_1_549' title='bbox 147 4863 245 4936; x_wconf 87' lang='lat' dir='ltr'><strong>enim,</strong></span> <span class='ocrx_word' id='word_1_550' title='bbox 254 4861 283 4922; x_wconf 88' lang='lat' dir='ltr'><strong>ei</strong></span> <span class='ocrx_word' id='word_1_551' title='bbox 292 4876 482 4941; x_wconf 89' lang='lat' dir='ltr'><strong>quemquam</strong></span> <span class='ocrx_word' id='word_1_552' title='bbox 494 4856 775 4937; x_wconf 87' lang='lat' dir='ltr'><strong>placere,cui,quid</strong></span> <span class='ocrx_word' id='word_1_553' title='bbox 786 4858 915 4938; x_wconf 89' lang='lat' dir='ltr'><strong>placeat,</strong></span> <span class='ocrx_word' id='word_1_554' title='bbox 965 4869 1028 4924; x_wconf 89' lang='lat' dir='ltr'><strong>tem</strong></span> <span class='ocrx_word' id='word_1_555' title='bbox 1044 4863 1229 4936; x_wconf 88' lang='lat' dir='ltr'><strong>audivimus,</strong></span> <span class='ocrx_word' id='word_1_556' title='bbox 1241 4863 1401 4924; x_wconf 84' lang='lat' dir='ltr'><strong>neminem</strong></span> <span class='ocrx_word' id='word_1_557' title='bbox 1414 4862 1534 4922; x_wconf 88' lang='lat' dir='ltr'><strong>honum</strong></span> <span class='ocrx_word' id='word_1_558' title='bbox 1547 4874 1625 4939; x_wconf 90' lang='lat' dir='ltr'><strong>opus</strong></span> <span class='ocrx_word' id='word_1_559' title='bbox 1636 4877 1737 4940; x_wconf 85' lang='lat' dir='ltr'><strong>posse,</strong></span> 
     </span>
     <span class='ocr_line' id='line_1_52' title="bbox 147 4949 1736 5035; baseline 0 -21"><span class='ocrx_word' id='word_1_560' title='bbox 147 4955 291 5035; x_wconf 81' lang='lat' dir='ltr'><strong>ignorat3</strong></span> <span class='ocrx_word' id='word_1_561' title='bbox 306 4952 435 5031; x_wconf 82' lang='lat' dir='ltr'><strong>fierique</strong></span> <span class='ocrx_word' id='word_1_562' title='bbox 448 4954 557 5030; x_wconf 87' lang='lat' dir='ltr'><strong>potest,</strong></span> <span class='ocrx_word' id='word_1_563' title='bbox 574 4954 610 5010; x_wconf 90' lang='lat' dir='ltr'><strong>ut</strong></span> <span class='ocrx_word' id='word_1_564' title='bbox 621 4949 715 5010; x_wconf 89' lang='lat' dir='ltr'><strong>etiam</strong></span> <span class='ocrx_word' id='word_1_565' title='bbox 728 4950 918 5030; x_wconf 91' lang='lat' dir='ltr'><strong>obsequendi</strong></span> <span class='ocrx_word' id='word_1_566' title='bbox 967 4956 1026 5016; x_wconf 88' lang='lat' dir='ltr'><strong>nisi</strong></span> <span class='ocrx_word' id='word_1_567' title='bbox 1040 4956 1162 5035; x_wconf 89' lang='lat' dir='ltr'><strong>cognita</strong></span> <span class='ocrx_word' id='word_1_568' title='bbox 1173 4956 1253 5034; x_wconf 87' lang='lat' dir='ltr'><strong>lege,</strong></span> <span class='ocrx_word' id='word_1_569' title='bbox 1270 4974 1305 5017; x_wconf 90' lang='lat' dir='ltr'><strong>ac</strong></span> <span class='ocrx_word' id='word_1_570' title='bbox 1324 4956 1377 5016; x_wconf 88' lang='lat' dir='ltr'><strong>Dei</strong></span> <span class='ocrx_word' id='word_1_571' title='bbox 1401 4954 1559 5015; x_wconf 79' lang='lat' dir='ltr'><strong>voluntate</strong></span> <span class='ocrx_word' id='word_1_572' title='bbox 1576 4951 1736 5032; x_wconf 86' lang='lat' dir='ltr'><strong>perlicere,</strong></span> 
     </span>
     <span class='ocr_line' id='line_1_53' title="bbox 147 5041 1737 5126; baseline 0.001 -19"><span class='ocrx_word' id='word_1_573' title='bbox 147 5052 221 5107; x_wconf 92' lang='lat' dir='ltr'><strong>voto</strong></span> <span class='ocrx_word' id='word_1_574' title='bbox 235 5045 383 5120; x_wconf 83' lang='lat' dir='ltr'><strong>offendat,</strong></span> <span class='ocrx_word' id='word_1_575' title='bbox 399 5043 450 5105; x_wconf 89' lang='lat' dir='ltr'><strong>eui</strong></span> <span class='ocrx_word' id='word_1_576' title='bbox 472 5042 628 5121; x_wconf 88' lang='lat' dir='ltr'><strong>quomodo</strong></span> <span class='ocrx_word' id='word_1_577' title='bbox 648 5041 775 5120; x_wconf 90' lang='lat' dir='ltr'><strong>obsequi</strong></span> <span class='ocrx_word' id='word_1_578' title='bbox 796 5043 915 5111; x_wconf 83' lang='lat' dir='ltr'><strong>debeat,</strong></span> <span class='ocrx_word' id='word_1_579' title='bbox 967 5065 1091 5126; x_wconf 89' lang='lat' dir='ltr'><strong>quame</strong></span> <span class='ocrx_word' id='word_1_580' title='bbox 1113 5045 1495 5126; x_wconf 87' lang='lat' dir='ltr'><strong>Scripturishauriendam</strong></span> <span class='ocrx_word' id='word_1_581' title='bbox 1517 5061 1582 5105; x_wconf 90' lang='lat' dir='ltr'><strong>esse</strong></span> <span class='ocrx_word' id='word_1_582' title='bbox 1600 5044 1737 5110; x_wconf 92' lang='lat' dir='ltr'><strong>monuit.</strong></span> 
     </span>
     <span class='ocr_line' id='line_1_54' title="bbox 147 5133 1739 5216; baseline -0.002 -16"><span class='ocrx_word' id='word_1_583' title='bbox 147 5145 222 5200; x_wconf 87' lang='lat' dir='ltr'><strong>ante</strong></span> <span class='ocrx_word' id='word_1_584' title='bbox 235 5157 299 5199; x_wconf 91' lang='lat' dir='ltr'><strong>non</strong></span> <span class='ocrx_word' id='word_1_585' title='bbox 313 5136 432 5197; x_wconf 89' lang='lat' dir='ltr'><strong>didicit.</strong></span> <span class='ocrx_word' id='word_1_586' title='bbox 456 5136 494 5196; x_wconf 90' lang='lat' dir='ltr'><strong>Et</strong></span> <span class='ocrx_word' id='word_1_587' title='bbox 508 5141 543 5194; x_wconf 91' lang='lat' dir='ltr'><strong>nt</strong></span> <span class='ocrx_word' id='word_1_588' title='bbox 556 5133 656 5212; x_wconf 85' lang='lat' dir='ltr'><strong>majus</strong></span> <span class='ocrx_word' id='word_1_589' title='bbox 669 5139 715 5193; x_wconf 88' lang='lat' dir='ltr'><strong>est</strong></span> <span class='ocrx_word' id='word_1_590' title='bbox 728 5133 919 5196; x_wconf 74' lang='lat' dir='ltr'><strong>volumtatem</strong></span> <span class='ocrx_word' id='word_1_591' title='bbox 967 5140 1078 5212; x_wconf 83' lang='lat' dir='ltr'><strong>Quare,</strong></span> <span class='ocrx_word' id='word_1_592' title='bbox 1092 5140 1120 5199; x_wconf 91' lang='lat' dir='ltr'><strong>si</strong></span> <span class='ocrx_word' id='word_1_593' title='bbox 1136 5139 1259 5199; x_wconf 90' lang='lat' dir='ltr'><strong>nullum</strong></span> <span class='ocrx_word' id='word_1_594' title='bbox 1273 5139 1358 5199; x_wconf 89' lang='lat' dir='ltr'><strong>aliud</strong></span> <span class='ocrx_word' id='word_1_595' title='bbox 1379 5154 1478 5215; x_wconf 85' lang='lat' dir='ltr'><strong>genus</strong></span> <span class='ocrx_word' id='word_1_596' title='bbox 1491 5135 1607 5215; x_wconf 80' lang='lat' dir='ltr'><strong>gratiae,</strong></span> <span class='ocrx_word' id='word_1_597' title='bbox 1624 5143 1739 5216; x_wconf 89' lang='lat' dir='ltr'><strong>praeter</strong></span> 
     </span>
     <span class='ocr_line' id='line_1_55' title="bbox 148 5226 1737 5307; baseline -0.002 -15"><span class='ocrx_word' id='word_1_598' title='bbox 148 5232 206 5292; x_wconf 88' lang='lat' dir='ltr'><strong>Dei</strong></span> <span class='ocrx_word' id='word_1_599' title='bbox 228 5231 344 5300; x_wconf 84' lang='lat' dir='ltr'><strong>facere,</strong></span> <span class='ocrx_word' id='word_1_600' title='bbox 360 5246 456 5307; x_wconf 82' lang='lat' dir='ltr'><strong>quem</strong></span> <span class='ocrx_word' id='word_1_601' title='bbox 477 5244 579 5303; x_wconf 88' lang='lat' dir='ltr'><strong>nosse,</strong></span> <span class='ocrx_word' id='word_1_602' title='bbox 597 5226 640 5287; x_wconf 88' lang='lat' dir='ltr'><strong>ita</strong></span> <span class='ocrx_word' id='word_1_603' title='bbox 654 5227 740 5305; x_wconf 86' lang='lat' dir='ltr'><strong>prius</strong></span> <span class='ocrx_word' id='word_1_604' title='bbox 758 5232 804 5286; x_wconf 87' lang='lat' dir='ltr'><strong>est</strong></span> <span class='ocrx_word' id='word_1_605' title='bbox 817 5245 916 5302; x_wconf 88' lang='lat' dir='ltr'><strong>nossa,</strong></span> <span class='ocrx_word' id='word_1_606' title='bbox 970 5236 1144 5302; x_wconf 85' lang='lat' dir='ltr'><strong>externum,</strong></span> <span class='ocrx_word' id='word_1_607' title='bbox 1166 5231 1305 5305; x_wconf 83' lang='lat' dir='ltr'><strong>Pelagius</strong></span> <span class='ocrx_word' id='word_1_608' title='bbox 1326 5229 1459 5305; x_wconf 85' lang='lat' dir='ltr'><strong>admisit,</strong></span> <span class='ocrx_word' id='word_1_609' title='bbox 1481 5246 1583 5307; x_wconf 92' lang='lat' dir='ltr'><strong>neque</strong></span> <span class='ocrx_word' id='word_1_610' title='bbox 1604 5229 1737 5306; x_wconf 88' lang='lat' dir='ltr'><strong>gratiam</strong></span> 
     </span>
     <span class='ocr_line' id='line_1_56' title="bbox 148 5318 1738 5403; baseline 0 -20"><span class='ocrx_word' id='word_1_611' title='bbox 148 5341 246 5403; x_wconf 90' lang='lat' dir='ltr'><strong>quam</strong></span> <span class='ocrx_word' id='word_1_612' title='bbox 266 5322 376 5382; x_wconf 87' lang='lat' dir='ltr'><strong>lacere.</strong></span> <span class='ocrx_word' id='word_1_613' title='bbox 405 5342 421 5378; x_wconf 80' lang='lat' dir='ltr'><strong>a</strong></span> <span class='ocrx_word' id='word_1_614' title='bbox 449 5319 537 5379; x_wconf 88' lang='lat' dir='ltr'><strong>Unde</strong></span> <span class='ocrx_word' id='word_1_615' title='bbox 565 5328 670 5380; x_wconf 89' lang='lat' dir='ltr'><strong>autem</strong></span> <span class='ocrx_word' id='word_1_616' title='bbox 693 5318 837 5380; x_wconf 87' lang='lat' dir='ltr'><strong>voluntas</strong></span> <span class='ocrx_word' id='word_1_617' title='bbox 863 5321 918 5380; x_wconf 89' lang='lat' dir='ltr'><strong>Dei</strong></span> <span class='ocrx_word' id='word_1_618' title='bbox 971 5341 1098 5402; x_wconf 90' lang='lat' dir='ltr'><strong>negasse</strong></span> <span class='ocrx_word' id='word_1_619' title='bbox 1120 5322 1267 5384; x_wconf 86' lang='lat' dir='ltr'><strong>dicendus</strong></span> <span class='ocrx_word' id='word_1_620' title='bbox 1293 5327 1339 5383; x_wconf 91' lang='lat' dir='ltr'><strong>est</strong></span> <span class='ocrx_word' id='word_1_621' title='bbox 1364 5322 1404 5382; x_wconf 91' lang='lat' dir='ltr'><strong>ad</strong></span> <span class='ocrx_word' id='word_1_622' title='bbox 1426 5321 1545 5382; x_wconf 90' lang='lat' dir='ltr'><strong>bonum</strong></span> <span class='ocrx_word' id='word_1_623' title='bbox 1570 5337 1648 5399; x_wconf 87' lang='lat' dir='ltr'><strong>opus</strong></span> <span class='ocrx_word' id='word_1_624' title='bbox 1671 5339 1738 5383; x_wconf 90' lang='lat' dir='ltr'><strong>esse</strong></span> 
     </span>
     <span class='ocr_line' id='line_1_57' title="bbox 148 5410 1736 5494; baseline 0 -20"><span class='ocrx_word' id='word_1_625' title='bbox 148 5415 246 5494; x_wconf 89' lang='lat' dir='ltr'><strong>possit</strong></span> <span class='ocrx_word' id='word_1_626' title='bbox 270 5412 412 5490; x_wconf 89' lang='lat' dir='ltr'><strong>intelligi,</strong></span> <span class='ocrx_word' id='word_1_627' title='bbox 440 5410 571 5472; x_wconf 90' lang='lat' dir='ltr'><strong>subinde</strong></span> <span class='ocrx_word' id='word_1_628' title='bbox 598 5410 698 5483; x_wconf 90' lang='lat' dir='ltr'><strong>docet,</strong></span> <span class='ocrx_word' id='word_1_629' title='bbox 725 5411 874 5473; x_wconf 90' lang='lat' dir='ltr'><strong>nimirum</strong></span> <span class='ocrx_word' id='word_1_630' title='bbox 902 5433 919 5473; x_wconf 90' lang='lat' dir='ltr'><strong>e</strong></span> <span class='ocrx_word' id='word_1_631' title='bbox 967 5415 1190 5491; x_wconf 66' lang='lat' dir='ltr'><strong>necessariam</strong></span> <span class='ocrx_word' id='word_1_632' title='bbox 1207 5414 1361 5476; x_wconf 89' lang='lat' dir='ltr'><strong>necillam</strong></span> <span class='ocrx_word' id='word_1_633' title='bbox 1381 5414 1484 5475; x_wconf 87' lang='lat' dir='ltr'><strong>neseio</strong></span> <span class='ocrx_word' id='word_1_634' title='bbox 1498 5413 1736 5492; x_wconf 88' lang='lat' dir='ltr'><strong>quampromit-</strong></span> 
     </span>
     <span class='ocr_line' id='line_1_58' title="bbox 150 5502 1738 5587; baseline 0 -21"><span class='ocrx_word' id='word_1_635' title='bbox 150 5504 461 5586; x_wconf 86' lang='lat' dir='ltr'><strong>Scripturissanctis:</strong></span> <span class='ocrx_word' id='word_1_636' title='bbox 484 5502 594 5562; x_wconf 75' lang='lat' dir='ltr'><strong>«Scito</strong></span> <span class='ocrx_word' id='word_1_637' title='bbox 607 5503 723 5580; x_wconf 88' lang='lat' dir='ltr'><strong>itaque,</strong></span> <span class='ocrx_word' id='word_1_638' title='bbox 738 5503 772 5562; x_wconf 92' lang='lat' dir='ltr'><strong>in</strong></span> <span class='ocrx_word' id='word_1_639' title='bbox 785 5504 918 5584; x_wconf 86' lang='lat' dir='ltr'><strong>seriptu-</strong></span> <span class='ocrx_word' id='word_1_640' title='bbox 969 5515 1033 5567; x_wconf 88' lang='lat' dir='ltr'><strong>tere</strong></span> <span class='ocrx_word' id='word_1_641' title='bbox 1059 5508 1172 5587; x_wconf 90' lang='lat' dir='ltr'><strong>potuit,</strong></span> <span class='ocrx_word' id='word_1_642' title='bbox 1207 5525 1278 5586; x_wconf 79' lang='lat' dir='ltr'><strong>quae</strong></span> <span class='ocrx_word' id='word_1_643' title='bbox 1309 5507 1344 5567; x_wconf 88' lang='lat' dir='ltr'><strong>in</strong></span> <span class='ocrx_word' id='word_1_644' title='bbox 1371 5506 1437 5586; x_wconf 90' lang='lat' dir='ltr'><strong>ipso</strong></span> <span class='ocrx_word' id='word_1_645' title='bbox 1466 5504 1549 5565; x_wconf 88' lang='lat' dir='ltr'><strong>boue</strong></span> <span class='ocrx_word' id='word_1_646' title='bbox 1582 5518 1685 5584; x_wconf 84' lang='lat' dir='ltr'><strong>opere,</strong></span> <span class='ocrx_word' id='word_1_647' title='bbox 1707 5511 1738 5566; x_wconf 87' lang='lat' dir='ltr'><strong>et</strong></span> 
     </span>
    </p>
   </div>
   <div class='ocr_carea' id='block_1_6' title="bbox 0 0 2064 6164">
    <p class='ocr_par' dir='ltr' id='par_1_7' title="bbox 0 0 2064 6164">
     <span class='ocr_line' id='line_1_59' title="bbox 0 0 2064 6164; baseline 0 0"><span class='ocrx_word' id='word_1_648' title='bbox 0 0 2064 6164; x_wconf 95' lang='lat' dir='ltr'><strong> </strong></span> 
     </span>
    </p>
   </div>
  </div>
 </body>
</html>
