3948 6172
317 276 378 338 tto
836 258 1161 335 THEODOGIOERUM
1182 261 1400 327 DOGMATUM

319 442 399 517 tatis,
415 446 635 521 argumentum
654 441 787 502 dueitex
809 438 907 503 beatis
921 435 1090 508 mentibus,
1142 430 1273 505 homini,
1303 430 1384 491 sieut
1409 428 1489 490 taeta
1506 430 1552 489 est
1576 432 1609 488 et
1631 422 1759 503 Angelis
1783 422 1892 527 senens

322 534 434 614 equod
445 535 545 596 multo
559 534 713 609 invictius,
734 534 882 614 inquiunt
896 532 919 600 ¹,
944 531 1091 593 demons—
1141 542 1258 587 merces
1271 522 1414 585 meritiis
1432 522 1513 583 Tum
1528 540 1536 582 ε
1554 518 1684 599 aprima
1697 534 1772 595 ergo
1783 514 1895 619 libertas

317 632 390 701 trat,
412 626 584 706 simplicem
608 626 694 687 illam
716 627 939 696 necessitatem,
970 621 1091 684 sublate
1139 616 1408 688 voluntatiserat,
1436 629 1602 694 possenon
1615 625 1893 691 peecare3nonsu-

317 718 404 778 omni
441 718 571 779 omnino
609 718 817 779 indifferentia
854 723 885 778 et
918 714 1090 776 contrarie·
1140 728 1192 770 ma
1211 709 1269 770 erit
1283 709 1381 770 multo
1394 707 1505 785 maj0r,
1538 724 1601 764 non
1625 720 1721 806 posse.
1743 718 1891 806 peccaras

316 810 411 886 tatis,
439 816 470 872 et
507 811 783 886 contradictionis,
818 829 882 870 non
909 807 1030 868 otiieere
1058 809 1091 867 in
1140 804 1243 867 Item:
1278 803 1377 863 «Nea
1403 800 1473 860 ideo
1500 797 1634 858 liberum
1656 794 1821 855 arbrtrrum
1842 809 1894 852 non

316 901 457 962 doctrina
471 905 569 964 saneti
585 903 726 964 Doctoris
744 902 895 963 libertatis
916 898 1055 961 arbitrio.
1070 890 1088 958 o'
1138 893 1299 955 habebunt
1313 891 1336 969 ⁸,
1358 893 1432 973 quia
1451 894 1575 971 peecata
1597 906 1649 949 eos
1671 886 1823 988 delectare
1842 900 1893 943 non

317 993 353 1053 ln
367 993 480 1072 quibus
494 995 595 1057 verbis
609 1014 698 1056 novae
711 994 875 1074 theologie
885 993 998 1073 dogma
1012 1010 1089 1053 eon·
1139 992 1298 1065 poterunt,
1311 991 1369 1046 etc.
1385 985 1450 1045 Hoa
1465 988 1570 1045 autem
1583 980 1791 1042 novissimum
1803 994 1837 1036 eo
1849 993 1893 1055 pe

316 1074 1089 1168 ceptumvides,quodtantopondereeuetoritatis,
1139 1077 1254 1139 tentius
1271 1077 1340 1155 erit,
1363 1095 1425 1157 quo
1446 1093 1572 1157 peecare
1593 1091 1659 1135 non
1681 1070 1805 1176 poterit.
1821 1090 1836 1126 a
1850 1068 1894 1128 lta

315 1195 351 1237 uc
365 1178 493 1239 rationis
505 1180 655 1241 haetenus
666 1178 860 1253 obtrivimus,
869 1177 1003 1238 maxime
1017 1176 1089 1237 Tri·
1140 1176 1170 1230 et
1197 1170 1347 1231 similibus
1371 1170 1406 1229 in
1431 1168 1504 1229 locis
1529 1166 1615 1245 loqui
1638 1166 1845 1244 Ategusttnum
1863 1161 1894 1219 dt

316 1269 580 1333 dentinieoncilii.
596 1271 752 1333 Nimirum
766 1270 847 1351 quod
868 1287 940 1331 cum
954 1268 1089 1330 necessi·
1138 1281 1223 1337 vera,
1248 1269 1279 1323 et
1297 1262 1421 1343 proprie
1443 1262 1524 1322 dicta
1545 1259 1687 1320 libertate
1706 1255 1893 1330 contendunt,

316 1367 379 1422 tate
399 1363 542 1442 simplici,
572 1371 602 1426 et
625 1350 765 1425 absoluta
785 1363 940 1424 cottaerere
955 1360 1090 1422 liberum
1139 1362 1266 1435 quaeest
1279 1356 1447 1416 voluntatis
1467 1352 1615 1428 facultas3
1630 1369 1695 1411 non
1717 1350 1757 1410 de
1779 1366 1825 1422 00,
1838 1364 1895 1426 (1¹1ae

316 1453 481 1516 arbitrium
509 1457 627 1533 asserit,
657 1463 704 1529 ul,
738 1455 822 1536 quod
848 1453 1019 1515 necessario
1055 1454 1091 1514 fit
1139 1467 1194 1528 per
1208 1448 1422 1527 metaphoram
1443 1447 1574 1521 dicitur,
1596 1450 1627 1505 et
1650 1444 1684 1504 in
1706 1448 1789 1502 statu
1810 1442 1893 1521 posita

317 1546 522 1624 antecedenti,
538 1548 728 1617 etabsoluta,
743 1566 806 1609 non
828 1547 1042 1625 consequenti,
1058 1553 1090 1607 et
1138 1546 1184 1601 est
1193 1539 1332 1601 servituti
1353 1539 1517 1602 contrario.
1539 1538 1618 1598 Hine
1636 1537 1734 1615 igitur
1751 1532 1828 1595 effici
1846 1551 1893 1612 pu·

315 1638 714 1717 hypothetieanecessitete,
730 1640 760 1700 id
776 1639 978 1700 nihilominus
991 1638 1087 1700 libere
1137 1638 1222 1709 tant,
1247 1633 1347 1694 libero
1374 1631 1502 1692 arbitrio
1529 1648 1594 1690 non
1621 1629 1778 1690 adversari
1803 1645 1891 1687 neees-

315 1730 380 1803 fiat,
397 1749 495 1811 eoque
504 1731 655 1793 libertatis
668 1750 793 1811 genere,
810 1730 894 1811 quod
907 1732 950 1791 ita
962 1748 1089 1792 eonsen-
1137 1725 1262 1786 sitatem
1293 1724 1482 1805 simplicem;
1518 1723 1594 1801 quiu
1626 1721 1730 1801 potius
1755 1736 1826 1781 eum
1847 1719 1892 1779 bec

315 1822 412 1883 tiendi
427 1829 612 1903 potestatem
625 1824 728 1901 habet,
745 1830 779 1885 ut
794 1822 1047 1896 etdissentiendl,
1063 1823 1089 1882 si
1138 1816 1205 1896 ipsa
1229 1818 1409 1879 necessitate
1433 1815 1619 1877 obfirmatur
1640 1815 1675 1874 in
1697 1812 1795 1885 bono,
1817 1817 1848 1871 1¹¹
1865 1811 1891 1871 5¹1

316 1914 417 1988 vellet,
442 1916 563 1993 babeat,
594 1917 678 1996 quod
702 1934 766 1977 esse
801 1915 893 1977 docui
915 1915 1089 1976 Tridentini
1137 1909 1255 1971 malum
1270 1908 1413 1971 inclinari
1427 1926 1491 1969 uon
1505 1907 1601 1989 possit
1618 1905 1766 1986 amplius,
1785 1903 1892 1966 liberius

316 2008 444 2067 canonis
455 2009 683 2088 praescriptum.
697 2010 836 2082 Quocum
849 2007 1004 2083 nonnulli,
1017 2026 1088 2067 eum
1137 2001 1214 2063 fieri.

315 2097 423 2175 verbo,
438 2117 474 2160 ee
490 2100 593 2179 pelam
612 2119 677 2160 non
693 2101 839 2176 audeant,
862 2102 964 2180 reipsa
976 2101 1087 2162 confli—
1177 2095 1265 2154 XIV.
1299 2095 1416 2156 Verum
1441 2092 1588 2153 adversus
1620 2092 1688 2153 haec
1713 2101 1819 2173 parata
1838 2091 1891 2169 jan

315 2195 405 2269 gunt,
421 2209 515 2271 seque
537 2192 619 2272 ipsos
637 2200 745 2273 suapte
768 2193 907 2253 oratione
926 2193 1085 2265 collidunt,
1137 2185 1227 2246 nobis
1242 2191 1297 2262 est,
1314 2194 1345 2248 'et
1359 2184 1616 2265 exsuperioribus
1630 2185 1773 2247 coniecta
1786 2204 1891 2265 respon·

316 2300 428 2362 neque,
456 2283 542 2363 quod
568 2283 685 2361 dicunt,
711 2284 901 2361 intelligunt.
928 2284 1088 2364 Siquidem
1137 2278 1193 2338 sio.
1209 2278 1419 2358 Augustinum
1432 2279 1537 2357 itaque
1560 2279 1767 2339 coneedamus
1780 2278 1816 2338 de
1838 2278 1891 2357 ipsa

319 2367 338 2432 a·
349 2375 528 2436 necessitate
541 2375 683 2455 simplici,
696 2376 855 2437 etsublata
865 2376 950 2436 omni
959 2378 1088 2438 omuino
1136 2366 1260 2430 valendi
1285 2377 1447 2451 potestate,
1471 2389 1507 2431 no
1521 2370 1653 2431 naturali
1673 2371 1828 2445 facultate,
1839 2388 1890 2430 non

314 2464 524 2529 indifferentia
535 2471 708 2532 consentire
721 2468 824 2546 alicui,
835 2474 953 2529 nonest
967 2469 1008 2529 ita
1018 2487 1090 2529 eon·
1137 2462 1175 2523 de
1189 2468 1269 2523 stain
1283 2463 1337 2524 illo
1351 2463 1447 2544 loqui,
1463 2463 1517 2543 qni
1526 2464 1664 2524 servituli
1677 2464 1888 2543 esi⁰pp0⁵ii¹1⁵3

315 2558 441 2636 sentire,
465 2564 511 2636 ut,
538 2559 564 2621 si
597 2561 703 2637 velles,
744 2561 905 2622 dissentire
938 2578 1053 2640 posses.
1068 2583 1084 2618 n
1137 2553 1235 2615 nihilo
1250 2556 1348 2634 magis
1362 2556 1395 2616 id
1409 2561 1567 2635 sequetur,
1582 2556 1666 2635 quod
1686 2557 1761 2616 nori
1775 2555 1891 2633 theologi

315 2650 418 2711 Minus
430 2668 505 2727 esse,
520 2671 616 2731 quam
630 2647 750 2713 ratio'ne
764 2652 931 2732 praeditum
944 2653 1086 2713 animan·
1136 2647 1325 2709 concludunt
1340 2667 1347 2709 :
1372 2666 1436 2708 non
1451 2666 1515 2709 esse
1537 2647 1713 2709 libertatem
1734 2648 1847 2709 arbitrii
1864 2647 1890 2707 in

314 2747 380 2803 tem
395 2749 526 2822 oportet,
543 2743 597 2823 qui
615 2745 659 2805 sie
676 2745 784 2823 sapiat,
808 2751 838 2805 et
863 2744 950 2823 loqui
963 2745 1086 2806 audeat.
1136 2739 1325 2801 indifferenti
1339 2740 1379 2801 ad
1393 2740 1548 2800 utrumvis
1568 2740 1779 2819 propensione
1805 2741 1889 2801 sitam

315 2833 395 2894 Nam
409 2834 471 2895 duo
486 2836 591 2904 neetit,
613 2854 683 2916 quae
706 2854 738 2896 se
762 2835 897 2897 invicem
914 2836 1085 2915 perimunt,
1136 2832 1258 2892 Etenim
1285 2832 1421 2906 libertas,
1450 2833 1514 2893 sive
1536 2831 1671 2893 liberum
1690 2832 1889 2893 arbitriumin

314 2924 428 2988 habere
443 2927 477 2987 in
490 2933 640 3007 potestate
651 2927 837 3001 consentire,
853 2933 906 2989 aut
925 2928 1087 2989 dissentire
1135 2923 1232 2985 beatis
1246 2925 1384 3000 cucaea,
1402 2926 1434 2985 in
1450 2924 1563 3004 quibus
1572 2923 1670 2985 libere
1683 2926 1851 3009 versariet
1862 2931 1890 2984 ut

314 3018 340 3078 si
348 3018 437 3093 velit;
454 3024 485 3079 et
502 3025 609 3082 tamen
629 3038 730 3081 unum
749 3020 787 3081 de
805 3020 927 3081 duobus
945 3027 1088 3081 tantum-
1134 3015 1269 3077 liberum
1282 3017 1446 3078 arbitrium
1472 3022 1529 3093 est,
1558 3035 1649 3096 agere
1673 3022 1788 3097 potest,
1807 3017 1889 3077 multo

315 3109 408 3170 modo
422 3111 559 3189 definite,
582 3113 848 3192 determinateque
864 3132 955 3193 posse
976 3113 1029 3190 sio,
1052 3120 1087 3174 ut
1135 3108 1263 3171 liberius
1278 3115 1333 3184 est,
1347 3128 1443 3189 quum
1468 3110 1570 3170 autin
1583 3110 1702 3171 Adamo
1715 3108 1787 3186 tuit,
1807 3108 1889 3170 autin

313 3220 379 3262 non
387 3203 482 3282 possit
490 3204 634 3266 alterum.
646 3207 833 3266 Pervineunt
855 3210 971 3279 tamen,
983 3207 1086 3286 quoad
1136 3201 1202 3279 ejus
1214 3201 1352 3281 posteris,
1365 3202 1441 3263 dum
1455 3204 1489 3263 in
1502 3220 1630 3282 corpore
1640 3203 1887 3282 adhucdegerent.

314 3294 396 3369 lieet,
425 3301 600 3359 attentam
628 3297 693 3358 vim
720 3297 919 3359 absurditatis
946 3316 985 3359 ex
1020 3299 1084 3376 illo,
1123 3293 1214 3355 ·Nam
1229 3300 1260 3354 et
1278 3293 1487 3373 liquidiorem,
1501 3313 1537 3355 ue
1556 3295 1755 3357 sinceriorem
1781 3295 1890 3371 veriet

315 3405 408 3466 mem
419 3388 494 3465 dixi,
511 3389 674 3451 beatorum
687 3395 768 3451 statu
781 3392 931 3452 conticere
949 3391 1085 3452 student.
1137 3384 1210 3445 boni
1223 3386 1367 3446 notitiam
1380 3386 1508 3463 habent,
1524 3405 1627 3467 neque
1638 3387 1672 3447 io
1698 3387 1821 3449 terebris
1834 3408 1888 3449 on·

317 3478 379 3538 Sed
393 3486 504 3540 extota
517 3483 714 3562 superiorum
729 3483 865 3562 capitum
879 3483 1086 3563 disputatione
1136 3473 1253 3553 balant,
1266 3478 1319 3538 sed
1333 3477 1366 3538 in
1382 3481 1526 3560 perenni,
1543 3484 1574 3539 et
1583 3485 1690 3559 aperta
1702 3479 1772 3541 luce
1785 3497 1888 3541 versan-
1963 3480 1964 3533 l

315 3569 502 3632 ludereillos
515 3592 654 3652 operum.
676 3573 852 3654 frustraque
876 3575 945 3651 niti,
960 3593 1087 3655 prorsus
1135 3572 1202 3643 iur3
1219 3573 1250 3629 ei
1272 3569 1311 3629 nb
1335 3588 1383 3643 en,
1414 3571 1497 3650 qnod
1524 3573 1736 3651 cognoverint,
1765 3572 1887 3652 ebgeudo

315 3660 511 3741 intelligitur.
525 3664 604 3724 Hinc
613 3665 698 3725 enim
709 3664 798 3740 dilui,
813 3682 849 3725 ae
863 3665 986 3725 dissolvi
996 3663 1086 3727 facile
1135 3661 1228 3720 nullis
1241 3661 1798 3744 perturbationibus‚aecupiditatibus
1804 3664 1889 3725 abdu-

314 3754 428 3833 poterit
441 3754 591 3835 quidquid
612 3774 651 3816 ex
672 3758 847 3834 Augustino
861 3756 901 3816 ud
914 3757 946 3817 id
959 3776 1086 3837 persua·
1135 3758 1259 3814 cuntur.
1274 3754 1353 3814 Usus
1363 3772 1435 3833 ergo
1444 3754 1564 3834 plenior
1577 3756 1611 3815 in
1623 3755 1684 3816 iilis
1694 3757 1886 3822 estlibertatis,
1963 3752 1964 3787 ³

315 3841 453 3905 dandum
466 3844 772 3923 argumentationum
785 3845 955 3905 instruunt.
1136 3851 1168 3907 et
1179 3846 1371 3926 expedition
1385 3846 1510 3907 volendi
1519 3854 1625 3910 alitem
1638 3850 1786 3911 naturalis
1798 3855 1890 3930 poten·

354 3936 445 3996 XIII.
462 3937 542 3997 Nam
554 3936 637 4016 quod
649 3938 775 3997 tandem
787 3936 940 3997 invictum
949 3937 1026 3997 illud
1041 3944 1087 4000 est
1134 3938 1179 3998 tia
1192 3956 1258 3998 non
1276 3938 1401 4013 ereseit;
1422 3957 1480 4000 nee
1497 3941 1615 4002 οὐσιῶδες
1632 3941 1663 4002 ei
1683 3941 1798 4021 aliquid
1813 3958 1888 4001 aroe-

315 4027 1087 4108 specimendemonstrationis?Augustiuumainnt
1135 4029 1189 4090 dit.
1216 4030 1256 4090 At
1282 4029 1314 4089 iu
1341 4029 1437 4090 finem
1460 4029 1564 4109 ipsum
1586 4031 1743 4109 ultimum,
1758 4035 1840 4112 eujus
1861 4032 1889 4092 iu
1963 4078 1964 4103 ,

315 4120 373 4181 hoe
396 4121 543 4181 adversus
565 4120 750 4201 Pelagianos
773 4121 1017 4185 constantissime
1031 4124 1085 4184 do·
1136 4121 1227 4181 beata
1244 4122 1436 4200 possessione
1465 4123 1774 4202 conquiescuntnon
1792 4125 1888 4199 libere,
1963 4110 1964 4171 i

316 4213 426 4286 euisse,
455 4213 630 4293 «primum
655 4213 782 4292 quidem
808 4214 969 4275 hominem
994 4215 1087 4276 fuisse
1135 4214 1189 4274 sed
1215 4214 1387 4274 necessario
1414 4213 1581 4275 voluntatis
1608 4215 1727 4296 impetn
1748 4216 1888 4278 feruntur.

315 4302 405 4363 liberi
418 4304 549 4380 arbitrii,
561 4305 615 4365 sed
629 4306 683 4382 ita,
700 4311 734 4365 ut
746 4304 826 4366 bene
835 4306 914 4367 velle
928 4314 1040 4386 posset,
1056 4314 1088 4369 et
1136 4306 1205 4366 Non
1219 4306 1304 4366 euim
1318 4306 1520 4386 qualiberum
1530 4311 1577 4367 est
1587 4308 1762 4386 arbitrium,
1776 4310 1826 4371 sed
1837 4324 1890 4387 qua

316 4395 417 4461 male:
434 4396 487 4456 sed
500 4396 650 4457 inlutura
664 4398 727 4458 vita
740 4397 906 4459 arbitrium
918 4397 985 4459 fore
998 4400 1089 4461 liber·
1135 4404 1247 4459 natura
1268 4404 1314 4459 est
1339 4404 1370 4459 et
1391 4398 1546 4474 voluntas,
1573 4400 1637 4475 agit
1662 4411 1731 4462 tum
1757 4399 1890 4463 marens

316 4488 433 4548 rimum
447 4487 571 4548 inbono
586 4507 684 4569 usque
698 4491 787 4566 adeo,
803 4490 1087 4552 utmalevellenon
1135 4490 1260 4550 volendi
1274 4491 1427 4570 potentia:
1448 4492 1597 4571 quioniam
1614 4493 1802 4555 indifferenti
1819 4496 1891 4554 erret

317 4581 423 4659 possit,
447 4579 540 4658 idque
557 4599 623 4641 non
642 4583 746 4661 aliqua
766 4583 975 4662 metaphorica
997 4583 1088 4644 liber·
1136 4582 1176 4643 ad
1203 4583 1385 4644 utrumlibet
1406 4583 1569 4645 facultate:
1593 4603 1696 4664 neque
1717 4586 1837 4647 consilio
1859 4600 1890 4643 ae

315 4676 389 4741 tate,
415 4671 469 4733 sed
495 4671 549 4732 ille
568 4673 708 4749 omnino,
735 4693 796 4753 qua
823 4675 935 4735 dieitur
953 4675 1087 4737 liberum
1136 4674 1356 4736 deliberatione
1370 4676 1485 4737 utitur:
1501 4676 1599 4737 sedin
1614 4696 1678 4739 uno
1697 4679 1834 4740 defimet
1846 4693 1889 4736 oe·

317 4761 490 4825 arbitrium.
507 4784 522 4821 »
550 4764 591 4825 Ut
617 4781 691 4825 eum
715 4786 730 4823 «
745 4766 842 4827 multo
869 4767 996 4828 liberius
1022 4769 1087 4830 iore
1136 4775 1246 4847 eupata
1260 4767 1504 4846 flagrantissimae
1529 4769 1688 4830 charitatis
1702 4770 1889 4852 propensione

318 4855 391 4916 dicit
404 4855 568 4916 arbitrium
581 4855 604 4933 ²,
625 4859 709 4937 quod
730 4858 859 4920 omnino
887 4876 951 4918 non
974 4861 1088 4939 poterit
1137 4859 1284 4919 consistit.
1301 4861 1374 4920 Haee
1384 4866 1429 4921 est
1438 4860 1514 4940 ipsa,
1529 4867 1565 4921 ut
1569 4861 1636 4939 jem
1647 4867 1772 4923 caeteros
1784 4861 1887 4923 adeam.

319 4948 434 5009 servire
461 4954 631 5029 peceato.»
670 4951 707 5009 Et
725 4948 858 5011 alibi⁸z
886 4950 995 5024 «Quid
1016 4952 1085 5021 erit,
1137 4952 1168 5012 S.
1183 4951 1311 5012 Thomas
1326 4950 1890 5033 Aquinatisdoetrinazquamincapite

319 5040 431 5118 inquit,
445 5039 572 5102 liberius
595 5040 694 5102 libero
714 5042 854 5119 arbitrio,
876 5042 1000 5122 quando
1022 5061 1087 5104 uon
1136 5041 1207 5102 libri
1221 5043 1387 5122 superioris
1401 5044 1491 5104 tertio
1503 5042 1891 5124 proposuiztumexprima

318 5132 432 5213 poterit
471 5133 586 5195 servire
611 5131 759 5216 peceato?
785 5152 855 5215 quae
883 5133 988 5196 futura
1022 5141 1088 5198 erat
1136 5133 1890 5216 panerteoopz·eoesummo⁸:t11mcumquaee

317 5425 333 5470 5
344 5366 362 5478 ὅ
375 5364 436 5408 Tam.
446 5362 484 5414 ΙΙΙ,
493 5362 535 5410 lib.
545 5361 582 5416 rt.
601 5374 649 5419 cap.
663 5362 759 5410 rut-i
772 5363 863 5411 Eoebtr.
874 5375 922 5420 esp.
932 5375 987 5409 aa·
1003 5365 1018 5408 a
1031 5363 1078 5408 Lib.
1091 5364 1117 5409 de
1128 5365 1225 5420 doment.
1238 5368 1259 5410 et
1270 5365 1330 5411 Grat.
1346 5376 1393 5421 eap.
1405 5376 1462 5409 rt·
1474 5361 1487 5406 l
1499 5363 1547 5409 tit.
1559 5365 1595 5409 xx
1606 5364 1706 5412 dectett
1720 5365 1757 5413 del
1767 5375 1812 5421 etp.
1823 5362 1887 5407 ult.-

362 5437 385 5470 u.
398 5436 486 5470 uxuru,
1613 5452 1619 5462 ·
