3984 6176
334 352 374 410 92
839 358 1166 422 THEOLOGlGOliUM
1188 360 1406 425 DOGMATUM

336 507 516 598 Fulgentius
529 524 624 585 ctiam
640 525 673 586 in
689 524 768 586 libro
789 523 825 585 de
844 524 871 586 Τ
866 520 991 587 rr'rritote
1004 526 1102 605 capite
1153 526 1263 587 inclusi
1276 546 1397 589 carcere
1411 527 1530 589 nullam
1539 529 1672 609 amplius
1685 529 1767 591 ultro
1781 530 1908 609 citroque
1943 522 1984 939 ἢ

335 627 397 671 viu
411 613 522 676 iisdem
533 618 649 679 aceedit
666 639 700 678 :a
714 619 1103 699 Exquibus,ait,q1uedam
1152 619 1342 680 discurrendi
1356 626 1539 700 potestatem
1550 621 1720 690 habebunt,
1736 627 1907 701 nequeten-
1935 664 1972 704 ,m

335 720 406 782 pure
419 705 619 785 Angelorum,
636 710 745 771 nolens
769 712 816 771 sui
840 712 985 773 creatoris
1005 712 1103 778 lacere
1151 714 1217 772 turc
1243 712 1385 773 homines
1405 719 1564 793 poterunt,
1593 721 1647 774 aut
1670 732 1778 774 eorum
1796 714 1909 775 damnis
1948 768 1953 776 .

334 795 536 873 voluntatem,
552 801 592 862 ab
616 802 682 881 ejus
704 804 965 884 contemplatione
986 805 1102 883 dejecta
1151 822 1247 864 novas
1270 823 1378 865 eornm
1401 806 1552 866 conditori
1576 806 1704 885 injurias
1727 807 1834 883 iacere,
1848 811 1911 866 tum
1944 820 1973 866 ru

335 894 475 950 servatur
489 892 522 951 in
532 893 656 979 judicio¹
673 897 842 975 punienda,
853 899 941 958 Petro
956 897 1102 977 Apostolo
1151 896 1236 974 quod
1249 896 1430 974 ignominia,
1445 904 1513 958 tum
1530 898 1647 976 majore
1665 905 1697 959 et
1719 899 1832 959 insidia
1850 918 1912 959 eru·
1983 942 1984 967 ,

335 979 465 1059 dicente,
481 1005 496 1041 a
515 990 573 1046 etc.
590 989 629 1046 Et
642 1006 739 1050 mox:
765 1012 780 1047 (ι
793 992 828 1052 ln
841 991 935 1069 hujus
946 990 1026 1051 aeris
1039 990 1103 1050 ima
1151 987 1336 1063 clehantem
1354 991 1421 1051 ideo
1443 991 1547 1050 Patres
1567 990 1636 1051 illos
1657 991 1833 1051 existimant
1855 991 1910 1050 de·
1983 980 1984 1027 t

335 1072 451 1135 detrusi
465 1084 628 1139 serrantur
642 1081 675 1141 in
685 1081 838 1159 judicium
851 1083 1037 1163 puniendi.»
1077 1088 1082 1093 '
1150 1095 1281 1139 monum
1316 1083 1349 1140 in
1390 1081 1421 1141 id
1459 1087 1583 1162 tempus
1617 1083 1910 1157 condemnationem,

375 1168 512 1247 Denique
528 1170 705 1234 Bernnrdus
719 1175 752 1234 in
762 1175 947 1236 sermoncde
958 1175 1101 1236 Tramite
1150 1189 1337 1253 poenamque
1371 1175 1533 1236 distulisse.
1570 1175 1631 1235 Sed
1663 1175 1752 1235 aliter
1780 1176 1911 1255 judicare

333 1256 369 1332 S.
399 1259 571 1340 Molocdioe,
604 1286 619 1323 (ι
644 1266 780 1327 Diltinita
807 1269 944 1347 (pridem,
961 1269 1014 1340 ait,
1047 1267 1100 1327 sed
1149 1281 1272 1325 necesse
1286 1266 1422 1342 siteum,
1438 1269 1491 1345 qui
1506 1268 1538 1326 in
1553 1285 1663 1328 eorum
1681 1268 1773 1341 dicta,
1791 1269 1910 1345 scripta·
1983 1268 1984 1319 ἒ

333 1352 474 1414 nondum
493 1357 690 1435 promulgata
710 1362 862 1421 sententia
882 1366 938 1421 est.
962 1362 1100 1439 Denique
1148 1374 1209 1434 quc
1227 1358 1393 1418 intenderit
1416 1358 1568 1420 animum.
1586 1359 1722 1420 Proiecto
1741 1360 1824 1419 enim
1842 1359 1912 1418 tales

329 1442 395 1520 jem
416 1446 538 1508 diabolo
556 1450 637 1527 ignis
658 1458 794 1531 paratus,
812 1453 869 1513 etsi
891 1453 1033 1513 nondum
1047 1452 1100 1512 illa
1149 1448 1194 1507 eis
1207 1468 1314 1527 poenas
1329 1451 1491 1511 imminere
1505 1458 1641 1521 censent,
1658 1470 1729 1531 qum
1743 1457 1817 1511 sunt
1830 1451 1911 1510 dam·
1983 1466 1984 1469 ’

333 1537 543 1616 precipitatus
555 1541 1101 1623 inignem,modicoadlructempore
1150 1542 1285 1601 nationis
1307 1542 1432 1602 illorum
1451 1545 1625 1623 praecipuae,
1645 1562 1710 1603 non
1729 1543 1910 1619 adventitiae,
1983 1564 1984 1615 i

332 1627 446 1689 sinitur
458 1632 634 1711 malignari.
651 1657 667 1693 a
686 1635 776 1709 Quod
793 1638 827 1697 in
846 1637 914 1698 loco
931 1637 974 1698 sic
996 1635 1102 1717 defini·
1151 1637 1192 1705 et,
1209 1638 1244 1692 ut
1256 1634 1350 1712 vulgo
1370 1634 1553 1713 loquuntur,
1575 1636 1799 1711 occidenturiae,
1817 1636 1912 1714 cujus

333 1725 404 1796 tem,
420 1722 452 1782 id
465 1730 511 1784 est
522 1725 617 1786 latum
630 1745 695 1788 csse
709 1733 881 1788 sententiam
895 1729 1011 1805 ait,etsi
1025 1747 1103 1790 non·
1152 1724 1237 1785 modi
1245 1726 1412 1805 estobignc
1419 1730 1568 1806 torqueri,
1578 1729 1779 1808 atbocipsum
1787 1729 1911 1807 perpeti,
1983 1734 1984 1789 i

332 1811 407 1872 dum
418 1817 609 1897 promuipota
624 1820 673 1894 sit,
685 1821 842 1899 quomodo
861 1843 876 1879 o
890 1840 955 1881 non
968 1821 1104 1901 potuisse
1152 1818 1202 1877 cui
1217 1818 1357 1880 Christus
1370 1838 1422 1879 eos
1435 1838 1506 1880 cum
1521 1820 1661 1900 reprobis
1675 1819 1823 1881 omnibus
1835 1821 1915 1899 adju·

328 1903 482 1981 judicium
501 1910 638 1990 effugere
662 1912 768 1973 scribit
793 1914 985 1992 Augustinus
998 1912 1022 1990 ¹,
1049 1932 1105 1993 per
1154 1910 1278 1985 dicabit,
1303 1926 1374 1972 cum
1395 1912 1498 1972 dicet:
1523 1912 1571 1973 Ite
1593 1911 1747 1989 maledieti
1771 1913 1803 1972 in
1826 1912 1914 1992 ipuem

333 1999 415 2075 quod
429 2001 598 2064 miserrimi
611 2010 694 2065 sunt.
711 2026 726 2061 a
743 2007 790 2065 Ex
810 2024 872 2085 quo
887 2007 1017 2066 minime
1032 2024 1105 2067 eon·
1154 2012 1308 2079 aternum,
1331 2005 1385 2085 pai
1395 2012 1525 2084 paratus
1546 2012 1586 2065 est
1603 2003 1728 2081 diabolo,
1748 2012 1776 2064 et
1799 2002 1914 2085 dapalis
1983 2034 1984 2069 ι

332 2090 416 2151 cludi
443 2097 557 2171 potest,
586 2096 654 2174 jam
681 2116 765 2158 nnnc
798 2098 877 2177 igni,
903 2104 1103 2178 extremoque
1153 2096 1225 2176 ejus.
1243 2097 1317 2170 Quae
1337 2102 1479 2157 veterum
1497 2098 1602 2176 opinio
1620 2097 1675 2157 etsi
1700 2096 1758 2157 hor
1780 2101 1915 2175 tempore

334 2183 485 2262 supplicio
497 2187 627 2249 traditos
639 2207 704 2249 esse
714 2191 870 2250 demones
878 2208 915 2251 ex
928 2190 1022 2268 hujus
1036 2209 1103 2250 sen·
1152 2194 1276 2267 recepta
1299 2194 1436 2265 nonest,
1460 2188 1514 2269 qui
1539 2190 1695 2248 damonae
1715 2188 1915 2248 damnationis

331 2276 441 2349 tentia,
458 2282 493 2336 ut
507 2280 633 2357 quidem
651 2282 837 2357 existimant,
852 2300 923 2342 cum
946 2283 986 2343 ad
1008 2282 1051 2354 id,
1067 2287 1102 2343 ut
1151 2297 1215 2340 sure
1240 2299 1347 2360 poenas
1370 2299 1479 2342 omnes
1495 2282 1682 2361 expendere,
1703 2299 1774 2360 quae
1794 2281 1916 2360 quidem

333 2367 526 2431 miserrimus
538 2372 589 2449 sit,
603 2373 746 2442 sufficiat,
760 2374 826 2451 jam
839 2374 874 2434 in
888 2393 961 2435 eum
971 2375 1102 2436 certissi-
1150 2372 1315 2434 essentiales
1333 2379 1492 2448 vorantur,
1517 2373 1653 2451 theologi
1676 2372 1740 2433 iere
1763 2373 1914 2447 sentiunt;

333 2476 421 2520 mum
431 2460 526 2524 futuri
540 2465 683 2545 supplicii
700 2467 903 2527 constitutum
917 2486 982 2529 esse
997 2469 1101 2529 decre·
1150 2485 1215 2526 non
1228 2472 1273 2525 est
1286 2471 1391 2527 tamen
1406 2467 1528 2542 erroris,
1549 2466 1666 2526 nedum
1687 2464 1814 2526 heresis
1832 2483 1914 2526 accu-
1983 2466 1984 2527 ἶ

333 2558 413 2612 tum.
1151 2555 1277 2630 sendus,
1292 2557 1344 2634 qui
1359 2561 1484 2628 asserat,
1502 2553 1671 2628 diabolum,
1688 2559 1719 2613 et
1737 2553 1804 2632 ejus
1817 2554 1914 2633 Ange
1983 2600 1984 2623 2

372 2644 463 2706 xix.
480 2647 553 2709 Hac
566 2648 662 2726 igitur
676 2651 888 2729 antiquiorum
906 2652 969 2713 fare
982 2652 1102 2713 theolo—
1150 2646 1197 2707 los
1225 2647 1366 2707 nondum
1394 2652 1544 2720 extremo.
1571 2664 1607 2706 aa
1624 2662 1746 2706 summo
1770 2646 1915 2725 supplicio

331 2754 444 2814 gotum
459 2741 565 2819 opinio
576 2742 702 2819 exstitit,
711 2744 853 2808 nondum
867 2745 938 2823 igne
953 2745 1005 2806 illo
1020 2763 1101 2806 sem-
1151 2738 1450 2817 cruciarisireignis
1464 2737 1661 2799 efficientiam
1678 2738 1761 2798 illam
1774 2738 1914 2817 experiri,

331 2828 506 2907 pitern03ac
515 2836 946 2916 novissimo,gravissimoque
952 2838 1101 2917 supplicio
1150 2832 1184 2891 in
1199 2830 1260 2911 qua
1270 2832 1477 2891 damnationis
1490 2830 1627 2906 illorum,
1637 2830 1767 2908 quodssd
1781 2847 1913 2903 Sensum,
1983 2830 1984 2911 J

334 2920 414 2983 affici
439 2923 607 3003 damonae,
632 2928 684 2988 sed
710 2928 769 2989 hoc
787 2929 821 2988 in
847 2929 978 2989 extremi
992 2930 1101 3008 judicii
1151 2929 1182 2984 et
1195 2923 1426 3003 perpessionem
1440 2924 1561 2999 attinet,
1575 2939 1698 2983 arnume
1711 2922 1860 2983 consistit.
1983 2920 1984 2929 ’

329 3017 454 3095 tempus
477 3018 638 3079 reservari.
670 3020 757 3081 Unus
785 3039 870 3081 nuno
898 3023 982 3082 Bana
1013 3022 1102 3083 nobis
1191 3016 1273 3076 XXI.
1296 3017 1344 3075 Ita
1359 3016 1521 3095 Cajetunus
1544 3016 1690 3094 opinatur
1707 3015 1742 3074 iu
1764 3032 1916 3076 commen·
1949 3049 1984 3155 ἒ

330 3109 463 3168 occurrit
475 3108 555 3189 ¹,qui
569 3111 637 3171 illos
648 3113 800 3190 gehenne
815 3114 958 3175 incendio
973 3117 1100 3175 cremari
1150 3106 1236 3168 teriia
1248 3109 1287 3168 ed
1311 3108 1393 3169 Petri
1415 3108 1582 3168 secundam
1604 3106 1776 3186 epistolam,
1794 3108 1916 3187 ejusque
1983 3160 1984 3173 .

330 3198 442 3259 diserte
469 3203 588 3263 asserit.
605 3203 673 3263 Imo
704 3223 777 3265 vcro
795 3226 811 3262 a
830 3206 1030 3289 ubicumque,
1047 3208 1100 3284 ait,
1151 3206 1244 3280 caput
1256 3200 1501 3276 secundamus
1509 3199 1672 3279 Apostolus
1681 3201 1797 3260 servan
1809 3200 1917 3261 demo

330 3289 379 3350 vel
393 3290 427 3350 in
440 3309 510 3353 aere
521 3294 722 3370 volitant,vel
732 3298 763 3355 in
774 3298 875 3373 terris,
885 3304 938 3359 aut
947 3298 1004 3357 sub
1013 3300 1103 3359 terris
1151 3311 1206 3353 nes
1222 3295 1265 3354 ait
1279 3294 1311 3353 in
1321 3292 1495 3370 judicium3
1511 3310 1581 3370 quae
1595 3290 1639 3352 sic
1656 3291 1820 3371 Cajetauus
1836 3310 1917 3354 enar·

330 3389 501 3462 vagentur,
527 3388 592 3447 sive
623 3386 817 3463 detinentur,
829 3426 832 3433 ·
846 3406 973 3448 suarum
996 3408 1102 3451 secum
1151 3390 1218 3461 rat;
1235 3407 1250 3441 a
1263 3386 1405 3445 Servatos
1418 3390 1533 3460 autem,
1549 3402 1603 3444 seu
1613 3385 1779 3445 servandos
1794 3385 1827 3445 in
1837 3385 1916 3464 judi-

330 3473 435 3536 terum
457 3494 580 3558 semper
601 3484 758 3541 tormenta
777 3479 991 3555 flammarum,
1006 3481 1102 3544 instar
1151 3477 1233 3538 cium
1261 3478 1344 3553 dicit,
1369 3478 1442 3556 quia
1462 3477 1563 3537 adhuc
1587 3494 1653 3535 non
1679 3482 1752 3537 sunt
1774 3483 1917 3538 extreme
1983 3486 1984 3497 ¹

329 3565 551 3645 lubricitantis3
567 3570 622 3649 qui
635 3570 691 3630 etsi
707 3573 739 3630 in
764 3571 849 3631 lectis
867 3572 1024 3648 eburneis,
1045 3577 1102 3636 etsi
1151 3570 1341 3631 damnationi
1357 3569 1496 3647 subjecti.
1515 3569 1575 3629 Sed
1588 3569 1917 3647 bocextremojudicio

329 3657 364 3719 in
374 3658 449 3720 locis
463 3667 599 3740 ponatur
613 3661 737 3741 apricis,
757 3662 911 3724 fervorem
924 3668 1102 3740 tamen,vel
1150 3667 1336 3723 reservatur.
1362 3661 1451 3721 Unde
1472 3666 1503 3721 et
1523 3661 1672 3720 Dominus
1699 3661 1731 3720 in
1754 3661 1917 3740 Evangelio

329 3749 427 3829 frigus
443 3754 526 3814 insiti
538 3754 597 3814 sibi
608 3753 768 3832 languoris
782 3755 896 3815 evitare
910 3775 975 3816 non
989 3762 1098 3836 potest.
1151 3755 1223 3814 dicit
1237 3754 1275 3813 de
1288 3754 1359 3832 igne
1374 3757 1501 3828 eterno,
1517 3752 1572 3831 qui
1587 3757 1712 3831 paratus
1723 3758 1769 3813 est
1781 3752 1915 3826 diabolo,

331 3843 380 3904 Sic
399 3863 472 3925 ergo
495 3846 662 3922 deamones,
689 3846 746 3906 etsi
766 3846 799 3907 in
817 3848 940 3927 templis
960 3849 1102 3911 colentur
1150 3852 1181 3906 ct
1196 3845 1322 3921 Angelis
1340 3845 1422 3923 ejus3
1442 3849 1474 3905 et
1493 3863 1560 3905 non
1579 3843 1664 3920 dicit,
1680 3846 1733 3922 qui
1750 3845 1820 3923 jam
1832 3845 1918 3905 dame

330 3938 456 4014 cirratis,
483 3938 540 3999 etsi
562 3956 618 4018 per
641 3955 712 3998 aera
734 3956 790 3999 sua
815 3939 999 4017 discurrant,
1027 3942 1100 4020 igne
1149 3942 1196 3998 est
1209 3937 1342 4011 diabolo,
1358 3936 1518 4015 etangelis
1539 3936 1616 4015 ejus.
1637 3956 1653 3993 ι)
1667 3937 1767 4010 Quam
1781 3937 1918 4016 Cajetani

329 4047 453 4110 semper
462 4031 573 4091 ardent
586 4030 763 4109 gehennali,
778 4036 810 4092 et
823 4049 860 4092 ex
868 4033 935 4112 ipse
947 4051 1101 4113 suapoeua
1150 4030 1333 4091 senteutiam
1342 4029 1480 4108 primum
1486 4028 1643 4089 catholice
1652 4027 1726 4088 fidei
1733 4030 1917 4091 contrariam

331 4123 524 4200 commoniti,
539 4123 674 4203 deceptis
682 4141 807 4203 quoque
815 4124 994 4185 homiuibus
1009 4126 1099 4187 lomi·
1149 4139 1290 4182 nonesse
1304 4125 1423 4181 certum
1448 4126 1502 4181 est.
1528 4121 1609 4181 Nam
1623 4137 1725 4199 neque
1746 4120 1915 4201 Scriptura,

330 4219 395 4275 tem
410 4217 570 4293 vitiorum,
585 4215 669 4276 unde
679 4222 710 4276 et
717 4216 776 4295 ipsi
784 4222 923 4297 pereant,
934 4218 1100 4280 invidendo
1149 4231 1251 4293 neque
1265 4212 1429 4275 concilium
1449 4212 1550 4272 ullum
1563 4213 1712 4274 haetenus
1731 4212 1847 4291 docuit,
1861 4216 1918 4276 de·

331 4314 545 4386 suggerunt.»
1150 4323 1258 4366 mones
1279 4310 1418 4366 extrema
1438 4303 1491 4365 illa
1513 4304 1665 4384 supplicia
1689 4309 1820 4385 perpeti,
1851 4325 1917 4387 que

373 4398 434 4461 Sed
449 4400 636 4480 complures,
651 4407 688 4463 ut
701 4401 776 4470 dixi,
792 4420 828 4462 ac
841 4400 905 4462 iere
919 4402 1102 4464 vetustiores
1149 4403 1257 4477 peruia
1269 4399 1307 4458 ils
1329 4415 1394 4458 esse
1404 4396 1502 4475 judex
1528 4398 1593 4477 ipse
1615 4396 1699 4457 dicit·
1721 4398 1827 4463 Quare
1845 4417 1918 4479 pru·

332 4490 421 4551 aliter
435 4491 583 4568 sentiunt,
599 4497 634 4552 ut
651 4493 690 4553 ad
706 4500 849 4554 octavum
863 4491 1001 4556 Mottloei
1010 4501 1103 4574 ceput
1151 4490 1260 4551 denter
1273 4508 1310 4550 ea
1319 4489 1356 4551 de
1370 4508 1404 4550 re
1418 4490 1450 4549 S.
1471 4489 1608 4548 Thomas
1622 4488 1743 4549 locutus
1757 4495 1804 4550 est
1817 4488 1841 4567 ⁸,
1854 4491 1917 4570 qui.

332 4583 525 4645 blaldonutus
544 4584 666 4645 fatetur.
683 4586 722 4645 In
735 4604 797 4665 quo
816 4585 1000 4665 prudentius
1015 4604 1098 4663 sane,
1150 4599 1223 4643 cum
1236 4599 1345 4643 eorum
1354 4586 1627 4642 commemorasset
1649 4582 1843 4660 opinionem,
1868 4582 1919 4662 qui

333 4677 566 4756 consultiusque
578 4676 660 4753 iacit,
682 4694 777 4756 quam
794 4677 934 4757 plerique
946 4679 1099 4758 theologi3
1150 4680 1302 4750 asserunt,
1329 4696 1345 4731 (ι
1367 4692 1465 4753 usquc
1491 4673 1531 4733 ad
1556 4673 1639 4733 diem
1663 4673 1773 4752 judicii
1805 4673 1918 4735 differri

333 4769 387 4847 qui
401 4769 544 4848 antiquos
558 4768 637 4844 illos,
652 4787 730 4848 quos
749 4770 851 4846 citavi,
866 4771 971 4832 Patres
988 4771 1102 4832 invitos
1149 4785 1276 4848 poenum
1298 4766 1476 4828 sensibilem
1501 4770 1566 4825 tam
1597 4765 1797 4842 doemonum,
1827 4784 1919 4846 quam

334 4858 374 4920 ab
398 4878 445 4935 ea,
467 4878 564 4939 quam
592 4860 750 4940 perspicue
774 4866 912 4937 tuentur,
937 4862 977 4922 ad
1000 4880 1099 4941 suam,
1148 4857 1920 4932 animarum,etsimiliterbeatitudiuemsauctorum

335 4970 596 5032 communemque
605 4953 1100 5032 sententiamtransierrestudent,
1150 4951 1267 5012 differri
1290 4969 1390 5031 usque
1411 4952 1450 5011 ad
1464 4950 1548 5010 diem
1571 4949 1724 5027 judicii-a
1743 4955 1837 5029 atque
1863 4951 1920 5011 hoc

335 5058 370 5100 ac
391 5045 584 5101 tormentum
610 5041 687 5101 illud
710 5047 884 5103 extremum
909 5043 1101 5121 demonum,
1150 5062 1302 5105 moneam
1325 5061 1390 5105 esse
1425 5042 1674 5122 pronuntiasset3
1701 5060 1776 5102 mox
1815 5043 1918 5104 addit:

334 5132 418 5212 quod
432 5134 470 5192 iis
484 5132 592 5212 judicii
613 5134 677 5193 dies
691 5133 808 5210 afferet,
835 5152 922 5195 secus
946 5137 1103 5217 interpre-
1154 5157 1170 5194 a
1184 5137 1246 5197 Alii
1259 5155 1345 5211 sero,
1361 5136 1431 5197 lieet
1444 5134 1504 5195 hoc
1520 5153 1585 5194 non
1603 5135 1776 5221 <concedunt
1800 5136 1840 5196 de
1861 5136 1921 5198 aui

334 5230 556 5303 tantur,quam
569 5225 694 5286 illorum
709 5225 885 5288 testimonia
897 5226 1012 5289 ferunt.
1152 5229 1273 5305 mabus,
1296 5229 1469 5289 concedunt
1490 5234 1596 5287 tamen
1619 5226 1658 5287 de
1678 5226 1882 5289 demonibus.
1903 5250 1917 5285 a

375 5316 440 5378 XX.
464 5317 598 5394 Etenim,
617 5318 690 5398 quia
716 5323 787 5398 post
808 5318 961 5397 judicium
985 5324 1102 5381 esterno
1154 5321 1211 5382 Cui
1224 5320 1384 5383 sententie
1398 5320 1517 5403 nullam
1530 5319 1664 5399 imponit
1676 5320 1789 5381 erroris
1801 5329 1918 5383 notum.

362 5508 372 5551 l
388 5506 435 5552 tlt.
445 5507 471 5552 ts
482 5509 580 5564 eorem.
594 5512 657 5563 ster.
667 5507 830 5566 eina-su
839 5518 894 5556 eon.
906 5508 931 5555 u
940 5518 987 5566 erp.
999 5519 1026 5553 ιιι
1035 5518 1070 5566 ep.
1082 5509 1213 5558 tecm-t
1226 5510 1269 5558 lul
1283 5509 1332 5557 eir.
1342 5519 1378 5568 qu
1393 5520 1453 5565 mu,
1463 5513 1503 5557 un
1517 5508 1574 5562 tut
1585 5509 1606 5552 s.
