<?xml version="1.0" encoding="UTF-8"?>
<!DOCTYPE html PUBLIC "-//W3C//DTD XHTML 1.0 Transitional//EN"
    "http://www.w3.org/TR/xhtml1/DTD/xhtml1-transitional.dtd">
<html xmlns="http://www.w3.org/1999/xhtml" xml:lang="en" lang="en">
 <head>
  <title>
</title>
<meta http-equiv="Content-Type" content="text/html;charset=utf-8" />
  <meta name='ocr-system' content='tesseract 3.04.00' />
  <meta name='ocr-capabilities' content='ocr_page ocr_carea ocr_par ocr_line ocrx_word'/>
</head>
<body>
  <div class='ocr_page' id='page_1' title='image "./dogmatatheologi00goog_0180.png"; bbox 0 0 3984 6176; ppageno 0'>
   <div class='ocr_carea' id='block_1_1' title="bbox 514 283 1728 360">
    <p class='ocr_par' dir='ltr' id='par_1_1' title="bbox 514 283 1728 360">
     <span class='ocr_line' id='line_1_1' title="bbox 514 283 1728 360; baseline 0.003 -14"><span class='ocrx_word' id='word_1_1' title='bbox 514 283 565 346; x_wconf 82' lang='lat' dir='ltr'>DE</span> <span class='ocrx_word' id='word_1_2' title='bbox 584 285 749 349; x_wconf 73' lang='lat' dir='ltr'>aemulo</span> <span class='ocrx_word' id='word_1_3' title='bbox 771 288 847 350; x_wconf 85' lang='lat' dir='ltr'>SEX</span> <span class='ocrx_word' id='word_1_4' title='bbox 866 286 1028 360; x_wconf 83' lang='lat' dir='ltr'>DIERUM,</span> <span class='ocrx_word' id='word_1_5' title='bbox 1051 287 1123 349; x_wconf 80' lang='lat' dir='ltr'>uu.</span> <span class='ocrx_word' id='word_1_6' title='bbox 1146 289 1169 350; x_wconf 90' lang='lat'>1.</span> <span class='ocrx_word' id='word_1_7' title='bbox 1193 289 1276 351; x_wconf 81' lang='lat' dir='ltr'>CAP.</span> <span class='ocrx_word' id='word_1_8' title='bbox 1299 289 1351 351; x_wconf 89' lang='grc' dir='ltr'>ΙΙΙ.</span> <span class='ocrx_word' id='word_1_9' title='bbox 1670 289 1728 354; x_wconf 85' lang='grc' dir='ltr'>Ι65</span> 
     </span>
    </p>
   </div>
   <div class='ocr_carea' id='block_1_2' title="bbox 24 448 1731 975">
    <p class='ocr_par' dir='ltr' id='par_1_2' title="bbox 150 448 1731 720">
     <span class='ocr_line' id='line_1_2' title="bbox 151 448 1727 536; baseline 0.005 -27"><span class='ocrx_word' id='word_1_10' title='bbox 151 448 368 528; x_wconf 78' lang='lat' dir='ltr'>Symmachum</span> <span class='ocrx_word' id='word_1_11' title='bbox 388 466 494 529; x_wconf 87' lang='lat' dir='ltr'>porro,</span> <span class='ocrx_word' id='word_1_12' title='bbox 508 452 525 522; x_wconf 77' lang='grc' dir='ltr'>δ</span> <span class='ocrx_word' id='word_1_13' title='bbox 538 461 610 535; x_wconf 49' lang='lat' dir='ltr'>atet</span> <span class='ocrx_word' id='word_1_14' title='bbox 631 460 662 532; x_wconf 72' lang='grc' dir='ltr'>ἢν</span> <span class='ocrx_word' id='word_1_15' title='bbox 680 462 766 536; x_wconf 55' lang='lat' dir='ltr'>eppei,</span> <span class='ocrx_word' id='word_1_16' title='bbox 785 465 825 518; x_wconf 71' lang='grc' dir='ltr'>και</span> <span class='ocrx_word' id='word_1_17' title='bbox 841 463 913 519; x_wconf 58' lang='lat' dir='ltr'>aare</span> <span class='ocrx_word' id='word_1_18' title='bbox 963 454 1180 534; x_wconf 80' lang='lat' dir='ltr'>lncomposita,</span> <span class='ocrx_word' id='word_1_19' title='bbox 1195 455 1268 534; x_wconf 86' lang='lat' dir='ltr'>quia</span> <span class='ocrx_word' id='word_1_20' title='bbox 1285 455 1427 516; x_wconf 87' lang='lat' dir='ltr'>noudum</span> <span class='ocrx_word' id='word_1_21' title='bbox 1444 454 1556 517; x_wconf 75' lang='lat' dir='ltr'>rimari</span> <span class='ocrx_word' id='word_1_22' title='bbox 1573 456 1727 533; x_wconf 85' lang='lat' dir='ltr'>distincta,</span> 
     </span>
     <span class='ocr_line' id='line_1_3' title="bbox 150 542 1731 625; baseline 0.005 -24"><span class='ocrx_word' id='word_1_23' title='bbox 150 567 237 617; x_wconf 69' lang='lat' dir='ltr'>nrm,</span> <span class='ocrx_word' id='word_1_24' title='bbox 264 542 435 604; x_wconf 73' lang='lat' dir='ltr'>Torserat</span> <span class='ocrx_word' id='word_1_25' title='bbox 465 546 913 623; x_wconf 57' lang='lat' dir='ltr'>memoriaemartino</span> <span class='ocrx_word' id='word_1_26' title='bbox 963 551 994 606; x_wconf 90' lang='lat' dir='ltr'>et</span> <span class='ocrx_word' id='word_1_27' title='bbox 1006 545 1107 608; x_wconf 88' lang='lat' dir='ltr'>cincta</span> <span class='ocrx_word' id='word_1_28' title='bbox 1119 546 1284 621; x_wconf 89' lang='lat' dir='ltr'>littoribus</span> <span class='ocrx_word' id='word_1_29' title='bbox 1318 554 1349 609; x_wconf 85' lang='lat' dir='ltr'>et</span> <span class='ocrx_word' id='word_1_30' title='bbox 1371 549 1434 609; x_wconf 92' lang='lat' dir='ltr'>suis</span> <span class='ocrx_word' id='word_1_31' title='bbox 1452 547 1495 609; x_wconf 85' lang='lat' dir='ltr'>iet</span> <span class='ocrx_word' id='word_1_32' title='bbox 1495 549 1575 625; x_wconf 83' lang='lat' dir='ltr'>ibus,</span> <span class='ocrx_word' id='word_1_33' title='bbox 1591 548 1731 610; x_wconf 89' lang='lat' dir='ltr'>animali-</span> 
     </span>
     <span class='ocr_line' id='line_1_4' title="bbox 150 588 1273 720; baseline 0.004 -27"><span class='ocrx_word' id='word_1_34' title='bbox 150 588 336 696; x_wconf 53' lang='lat' dir='ltr'>mecm.</span> <span class='ocrx_word' id='word_1_35' title='bbox 361 636 436 710; x_wconf 76' lang='lat' dir='ltr'>Qua</span> <span class='ocrx_word' id='word_1_36' title='bbox 458 655 567 700; x_wconf 90' lang='lat' dir='ltr'>omnes</span> <span class='ocrx_word' id='word_1_37' title='bbox 589 639 887 720; x_wconf 75' lang='lat' dir='ltr'>interpretationes</span> <span class='ocrx_word' id='word_1_38' title='bbox 879 662 913 704; x_wconf 90' lang='lat' dir='ltr'>rn</span> <span class='ocrx_word' id='word_1_39' title='bbox 961 638 1080 717; x_wconf 84' lang='lat' dir='ltr'>busque</span> <span class='ocrx_word' id='word_1_40' title='bbox 1092 638 1246 700; x_wconf 89' lang='lat' dir='ltr'>decorata</span> <span class='ocrx_word' id='word_1_41' title='bbox 1258 661 1273 697; x_wconf 85' lang='lat' dir='ltr'>o</span> 
     </span>
    </p>

    <p class='ocr_par' dir='ltr' id='par_1_3' title="bbox 24 725 1731 905">
     <span class='ocr_line' id='line_1_5' title="bbox 151 725 1730 815; baseline 0.006 -30"><span class='ocrx_word' id='word_1_42' title='bbox 151 725 286 787; x_wconf 86' lang='lat' dir='ltr'>eamdem</span> <span class='ocrx_word' id='word_1_43' title='bbox 300 745 371 788; x_wconf 89' lang='lat' dir='ltr'>cum</span> <span class='ocrx_word' id='word_1_44' title='bbox 384 729 496 791; x_wconf 87' lang='lat' dir='ltr'>Nostro</span> <span class='ocrx_word' id='word_1_45' title='bbox 515 732 692 812; x_wconf 88' lang='lat' dir='ltr'>conspirant</span> <span class='ocrx_word' id='word_1_46' title='bbox 714 734 911 796; x_wconf 89' lang='lat' dir='ltr'>senteutiam.</span> <span class='ocrx_word' id='word_1_47' title='bbox 1002 731 1067 791; x_wconf 85' lang='lat' dir='ltr'>Hoc</span> <span class='ocrx_word' id='word_1_48' title='bbox 1081 731 1175 791; x_wconf 90' lang='lat' dir='ltr'>modo</span> <span class='ocrx_word' id='word_1_49' title='bbox 1191 733 1284 815; x_wconf 73' lang='lat' dir='ltr'>edam</span> <span class='ocrx_word' id='word_1_50' title='bbox 1298 731 1444 793; x_wconf 85' lang='lat' dir='ltr'>Aeacius</span> <span class='ocrx_word' id='word_1_51' title='bbox 1437 730 1585 794; x_wconf 83' lang='lat' dir='ltr'>rnCatcao</span> <span class='ocrx_word' id='word_1_52' title='bbox 1596 734 1730 812; x_wconf 86' lang='lat' dir='ltr'>quadam</span> 
     </span>
     <span class='ocr_line' id='line_1_6' title="bbox 24 817 1731 975; baseline 0.005 -97"><span class='ocrx_word' id='word_1_53' title='bbox 24 821 130 869; x_wconf 65' lang='lat' dir='ltr'>usna</span> <span class='ocrx_word' id='word_1_54' title='bbox 188 817 238 878; x_wconf 84' lang='lat' dir='ltr'>tv</span> <span class='ocrx_word' id='word_1_55' title='bbox 260 822 303 879; x_wconf 74' lang='lat' dir='ltr'>At</span> <span class='ocrx_word' id='word_1_56' title='bbox 327 821 539 901; x_wconf 73' lang='lat' dir='ltr'>Septuaginta,</span> <span class='ocrx_word' id='word_1_57' title='bbox 553 830 610 900; x_wconf 75' lang='grc' dir='ltr'>ηοὲ</span> <span class='ocrx_word' id='word_1_58' title='bbox 631 830 708 904; x_wconf 59' lang='lat' dir='ltr'>pado</span> <span class='ocrx_word' id='word_1_59' title='bbox 695 832 846 905; x_wconf 59' lang='lat' dir='ltr'>eductor,</span> <span class='ocrx_word' id='word_1_60' title='bbox 871 835 936 888; x_wconf 75' lang='grc' dir='ltr'>και</span> <span class='ocrx_word' id='word_1_61' title='bbox 962 823 1172 928; x_wconf 83' lang='lat' dir='ltr'>manuscripta</span> <span class='ocrx_word' id='word_1_62' title='bbox 1187 832 1216 885; x_wconf 73' lang='grc' dir='ltr'>τι</span> <span class='ocrx_word' id='word_1_63' title='bbox 1231 831 1345 975; x_wconf 59' lang='grc' dir='ltr'>ἀόρατονῒ</span> <span class='ocrx_word' id='word_1_64' title='bbox 1350 824 1486 904; x_wconf 82' lang='lat' dir='ltr'>exponit</span> <span class='ocrx_word' id='word_1_65' title='bbox 1498 825 1559 885; x_wconf 88' lang='lat' dir='ltr'>Sed</span> <span class='ocrx_word' id='word_1_66' title='bbox 1572 825 1731 886; x_wconf 82' lang='lat' dir='ltr'>hoeSeve</span> 
     </span>
    </p>
   </div>
   <div class='ocr_carea' id='block_1_3' title="bbox 145 912 1736 4208">
    <p class='ocr_par' dir='ltr' id='par_1_4' title="bbox 145 912 1736 4208">
     <span class='ocr_line' id='line_1_7' title="bbox 152 912 1729 996; baseline 0.003 -23"><span class='ocrx_word' id='word_1_67' title='bbox 152 917 364 986; x_wconf 74' lang='grc' dir='ltr'>διαιαοαωαατος,</span> <span class='ocrx_word' id='word_1_68' title='bbox 383 912 476 976; x_wconf 68' lang='lat' dir='ltr'>Terra</span> <span class='ocrx_word' id='word_1_69' title='bbox 496 923 594 977; x_wconf 79' lang='lat' dir='ltr'>auten</span> <span class='ocrx_word' id='word_1_70' title='bbox 613 925 678 978; x_wconf 85' lang='lat' dir='ltr'>erat</span> <span class='ocrx_word' id='word_1_71' title='bbox 698 917 871 994; x_wconf 68' lang='lat' dir='ltr'>inadibilis,</span> <span class='ocrx_word' id='word_1_72' title='bbox 886 926 914 980; x_wconf 87' lang='lat' dir='ltr'>et</span> <span class='ocrx_word' id='word_1_73' title='bbox 962 915 1070 975; x_wconf 90' lang='lat' dir='ltr'>riauus</span> <span class='ocrx_word' id='word_1_74' title='bbox 1098 915 1345 995; x_wconf 82' lang='lat' dir='ltr'>improbat³‚et</span> <span class='ocrx_word' id='word_1_75' title='bbox 1373 924 1477 996; x_wconf 78' lang='grc' dir='ltr'>ἀόρατον</span> <span class='ocrx_word' id='word_1_76' title='bbox 1502 917 1605 976; x_wconf 86' lang='lat' dir='ltr'>vocari</span> <span class='ocrx_word' id='word_1_77' title='bbox 1632 922 1729 996; x_wconf 88' lang='lat' dir='ltr'>putat,</span> 
     </span>
     <span class='ocr_line' id='line_1_8' title="bbox 152 1006 1734 1086; baseline 0.003 -23"><span class='ocrx_word' id='word_1_78' title='bbox 152 1006 350 1085; x_wconf 50' lang='lat' dir='ltr'>incomposrssto</span> <span class='ocrx_word' id='word_1_79' title='bbox 375 1007 438 1068; x_wconf 82' lang='lat' dir='ltr'>Gur</span> <span class='ocrx_word' id='word_1_80' title='bbox 457 1007 645 1071; x_wconf 84' lang='lat' dir='ltr'>invisibilem</span> <span class='ocrx_word' id='word_1_81' title='bbox 671 1009 794 1084; x_wconf 83' lang='lat' dir='ltr'>dixerit</span> <span class='ocrx_word' id='word_1_82' title='bbox 823 1029 915 1072; x_wconf 88' lang='lat' dir='ltr'>causa</span> <span class='ocrx_word' id='word_1_83' title='bbox 963 1007 1072 1067; x_wconf 86' lang='lat' dir='ltr'>eodem</span> <span class='ocrx_word' id='word_1_84' title='bbox 1095 1007 1201 1081; x_wconf 92' lang='lat' dir='ltr'>modo,</span> <span class='ocrx_word' id='word_1_85' title='bbox 1228 1026 1291 1086; x_wconf 90' lang='lat' dir='ltr'>quo</span> <span class='ocrx_word' id='word_1_86' title='bbox 1316 1007 1509 1083; x_wconf 87' lang='lat' dir='ltr'>Ambrosius,</span> <span class='ocrx_word' id='word_1_87' title='bbox 1539 1008 1622 1085; x_wconf 87' lang='lat' dir='ltr'>quod</span> <span class='ocrx_word' id='word_1_88' title='bbox 1656 1013 1734 1068; x_wconf 89' lang='lat' dir='ltr'>essct</span> 
     </span>
     <span class='ocr_line' id='line_1_9' title="bbox 151 1094 1733 1180; baseline 0.003 -24"><span class='ocrx_word' id='word_1_89' title='bbox 151 1094 211 1156; x_wconf 78' lang='lat' dir='ltr'>lraec</span> <span class='ocrx_word' id='word_1_90' title='bbox 235 1114 255 1156; x_wconf 91' lang='lat' dir='ltr'>a</span> <span class='ocrx_word' id='word_1_91' title='bbox 283 1098 395 1159; x_wconf 88' lang='lat' dir='ltr'>Basilio</span> <span class='ocrx_word' id='word_1_92' title='bbox 422 1100 537 1180; x_wconf 83' lang='lat' dir='ltr'>duplex</span> <span class='ocrx_word' id='word_1_93' title='bbox 560 1100 714 1164; x_wconf 84' lang='lat' dir='ltr'>traditur:</span> <span class='ocrx_word' id='word_1_94' title='bbox 746 1103 913 1165; x_wconf 75' lang='lat' dir='ltr'>«Terram</span> <span class='ocrx_word' id='word_1_95' title='bbox 963 1105 1007 1160; x_wconf 73' lang='lat' dir='ltr'>tad</span> <span class='ocrx_word' id='word_1_96' title='bbox 994 1107 1113 1179; x_wconf 74' lang='grc' dir='ltr'>όσμηως,</span> <span class='ocrx_word' id='word_1_97' title='bbox 1139 1098 1337 1173; x_wconf 77' lang='lat' dir='ltr'>«inornata3</span> <span class='ocrx_word' id='word_1_98' title='bbox 1353 1100 1435 1178; x_wconf 87' lang='lat' dir='ltr'>quod</span> <span class='ocrx_word' id='word_1_99' title='bbox 1459 1099 1600 1160; x_wconf 87' lang='lat' dir='ltr'>nondum</span> <span class='ocrx_word' id='word_1_100' title='bbox 1624 1106 1733 1160; x_wconf 88' lang='lat' dir='ltr'>ornata</span> 
     </span>
     <span class='ocr_line' id='line_1_10' title="bbox 151 1188 1734 1274; baseline 0.003 -27"><span class='ocrx_word' id='word_1_101' title='bbox 151 1192 247 1247; x_wconf 86' lang='lat' dir='ltr'>autem</span> <span class='ocrx_word' id='word_1_102' title='bbox 269 1189 458 1253; x_wconf 86' lang='lat' dir='ltr'>invisibilem</span> <span class='ocrx_word' id='word_1_103' title='bbox 482 1189 535 1273; x_wconf 81' lang='lat' dir='ltr'>(ait</span> <span class='ocrx_word' id='word_1_104' title='bbox 560 1211 600 1254; x_wconf 78' lang='lat' dir='ltr'>ex</span> <span class='ocrx_word' id='word_1_105' title='bbox 619 1193 784 1274; x_wconf 87' lang='lat' dir='ltr'>Epiphanii</span> <span class='ocrx_word' id='word_1_106' title='bbox 803 1195 914 1256; x_wconf 85' lang='lat' dir='ltr'>Latina</span> <span class='ocrx_word' id='word_1_107' title='bbox 963 1188 1120 1269; x_wconf 82' lang='lat' dir='ltr'>stirpibus,</span> <span class='ocrx_word' id='word_1_108' title='bbox 1142 1191 1283 1251; x_wconf 89' lang='lat' dir='ltr'>nondum</span> <span class='ocrx_word' id='word_1_109' title='bbox 1304 1190 1455 1252; x_wconf 82' lang='lat' dir='ltr'>frnalibus</span> <span class='ocrx_word' id='word_1_110' title='bbox 1478 1196 1635 1264; x_wconf 87' lang='lat' dir='ltr'>coronata,</span> <span class='ocrx_word' id='word_1_111' title='bbox 1657 1210 1734 1252; x_wconf 89' lang='lat' dir='ltr'>nou-</span> 
     </span>
     <span class='ocr_line' id='line_1_11' title="bbox 150 1278 1731 1366; baseline 0.001 -23"><span class='ocrx_word' id='word_1_112' title='bbox 150 1278 408 1363; x_wconf 77' lang='lat' dir='ltr'>inerproutiono)</span> <span class='ocrx_word' id='word_1_113' title='bbox 439 1282 480 1343; x_wconf 94' lang='lat' dir='ltr'>ob</span> <span class='ocrx_word' id='word_1_114' title='bbox 506 1283 584 1345; x_wconf 85' lang='lat' dir='ltr'>duas</span> <span class='ocrx_word' id='word_1_115' title='bbox 611 1302 719 1346; x_wconf 87' lang='lat' dir='ltr'>causas</span> <span class='ocrx_word' id='word_1_116' title='bbox 726 1305 735 1361; x_wconf 91' lang='lat'>;</span> <span class='ocrx_word' id='word_1_117' title='bbox 763 1291 818 1347; x_wconf 89' lang='lat' dir='ltr'>aut</span> <span class='ocrx_word' id='word_1_118' title='bbox 840 1286 915 1366; x_wconf 89' lang='lat' dir='ltr'>quia</span> <span class='ocrx_word' id='word_1_119' title='bbox 962 1280 1039 1342; x_wconf 91' lang='lat' dir='ltr'>dum</span> <span class='ocrx_word' id='word_1_120' title='bbox 1057 1278 1344 1358; x_wconf 72' lang='lat' dir='ltr'>succincta‘lluviis,</span> <span class='ocrx_word' id='word_1_121' title='bbox 1366 1283 1568 1352; x_wconf 85' lang='lat' dir='ltr'>uolantibus,</span> <span class='ocrx_word' id='word_1_122' title='bbox 1592 1284 1731 1345; x_wconf 86' lang='lat' dir='ltr'>nondum</span> 
     </span>
     <span class='ocr_line' id='line_1_12' title="bbox 149 1370 1733 1455; baseline 0.003 -24"><span class='ocrx_word' id='word_1_123' title='bbox 149 1370 276 1432; x_wconf 66' lang='lat' dir='ltr'>nemum</span> <span class='ocrx_word' id='word_1_124' title='bbox 301 1378 456 1453; x_wconf 85' lang='lat' dir='ltr'>spectator</span> <span class='ocrx_word' id='word_1_125' title='bbox 483 1374 549 1455; x_wconf 86' lang='lat' dir='ltr'>ejus</span> <span class='ocrx_word' id='word_1_126' title='bbox 575 1382 766 1455; x_wconf 78' lang='lat' dir='ltr'>processerat</span> <span class='ocrx_word' id='word_1_127' title='bbox 791 1377 911 1439; x_wconf 89' lang='lat' dir='ltr'>lromo:</span> <span class='ocrx_word' id='word_1_128' title='bbox 961 1373 1082 1453; x_wconf 85' lang='lat' dir='ltr'>reliquo</span> <span class='ocrx_word' id='word_1_129' title='bbox 1103 1374 1260 1454; x_wconf 78' lang='lat' dir='ltr'>variegata</span> <span class='ocrx_word' id='word_1_130' title='bbox 1286 1374 1382 1435; x_wconf 89' lang='lat' dir='ltr'>cultu.</span> <span class='ocrx_word' id='word_1_131' title='bbox 1414 1376 1453 1434; x_wconf 82' lang='lat' dir='ltr'>Et</span> <span class='ocrx_word' id='word_1_132' title='bbox 1473 1382 1539 1436; x_wconf 87' lang='lat' dir='ltr'>erat</span> <span class='ocrx_word' id='word_1_133' title='bbox 1560 1375 1733 1453; x_wconf 74' lang='lat' dir='ltr'>invisibilis,</span> 
     </span>
     <span class='ocr_line' id='line_1_13' title="bbox 149 1464 1734 1549; baseline 0.005 -28"><span class='ocrx_word' id='word_1_134' title='bbox 149 1468 199 1521; x_wconf 83' lang='lat' dir='ltr'>aut</span> <span class='ocrx_word' id='word_1_135' title='bbox 210 1464 283 1542; x_wconf 83' lang='lat' dir='ltr'>quia</span> <span class='ocrx_word' id='word_1_136' title='bbox 298 1465 356 1526; x_wconf 87' lang='lat' dir='ltr'>sub</span> <span class='ocrx_word' id='word_1_137' title='bbox 367 1466 467 1546; x_wconf 85' lang='lat' dir='ltr'>aquis,</span> <span class='ocrx_word' id='word_1_138' title='bbox 488 1484 558 1546; x_wconf 80' lang='lat' dir='ltr'>quae</span> <span class='ocrx_word' id='word_1_139' title='bbox 581 1473 656 1529; x_wconf 87' lang='lat' dir='ltr'>tunc</span> <span class='ocrx_word' id='word_1_140' title='bbox 676 1468 706 1530; x_wconf 90' lang='lat' dir='ltr'>ei</span> <span class='ocrx_word' id='word_1_141' title='bbox 719 1475 912 1549; x_wconf 87' lang='lat' dir='ltr'>supererant,</span> <span class='ocrx_word' id='word_1_142' title='bbox 958 1466 1100 1526; x_wconf 85' lang='lat' dir='ltr'>noudum</span> <span class='ocrx_word' id='word_1_143' title='bbox 1110 1467 1149 1526; x_wconf 91' lang='lat' dir='ltr'>ad</span> <span class='ocrx_word' id='word_1_144' title='bbox 1158 1467 1353 1545; x_wconf 83' lang='lat' dir='ltr'>gignendum</span> <span class='ocrx_word' id='word_1_145' title='bbox 1366 1467 1525 1528; x_wconf 65' lang='lat' dir='ltr'>idoneor.»</span> <span class='ocrx_word' id='word_1_146' title='bbox 1545 1467 1597 1527; x_wconf 86' lang='lat' dir='ltr'>Sir.</span> <span class='ocrx_word' id='word_1_147' title='bbox 1606 1467 1640 1528; x_wconf 94' lang='lat' dir='ltr'>in</span> <span class='ocrx_word' id='word_1_148' title='bbox 1653 1467 1734 1529; x_wconf 93' lang='lat' dir='ltr'>libro</span> 
     </span>
     <span class='ocr_line' id='line_1_14' title="bbox 148 1551 1735 1640; baseline 0.004 -26"><span class='ocrx_word' id='word_1_149' title='bbox 148 1551 239 1615; x_wconf 84' lang='lat' dir='ltr'>latens</span> <span class='ocrx_word' id='word_1_150' title='bbox 268 1556 359 1617; x_wconf 87' lang='lat' dir='ltr'>nullo</span> <span class='ocrx_word' id='word_1_151' title='bbox 388 1558 483 1619; x_wconf 86' lang='lat' dir='ltr'>modo</span> <span class='ocrx_word' id='word_1_152' title='bbox 517 1559 701 1621; x_wconf 86' lang='lat' dir='ltr'>cernebatur</span> <span class='ocrx_word' id='word_1_153' title='bbox 718 1570 745 1621; x_wconf 77' lang='lat'>⁶.</span> <span class='ocrx_word' id='word_1_154' title='bbox 771 1582 787 1619; x_wconf 86' lang='lat' dir='ltr'>o</span> <span class='ocrx_word' id='word_1_155' title='bbox 818 1563 913 1624; x_wconf 87' lang='lat' dir='ltr'>Porro</span> <span class='ocrx_word' id='word_1_156' title='bbox 962 1557 1096 1617; x_wconf 88' lang='lat' dir='ltr'>secundo</span> <span class='ocrx_word' id='word_1_157' title='bbox 1117 1557 1229 1639; x_wconf 76' lang='lat' dir='ltr'>Rapum</span> <span class='ocrx_word' id='word_1_158' title='bbox 1250 1558 1351 1638; x_wconf 87' lang='lat' dir='ltr'>capite</span> <span class='ocrx_word' id='word_1_159' title='bbox 1373 1575 1452 1632; x_wconf 78' lang='lat' dir='ltr'>axau,</span> <span class='ocrx_word' id='word_1_160' title='bbox 1467 1561 1519 1618; x_wconf 74' lang='lat' dir='ltr'>ut.</span> <span class='ocrx_word' id='word_1_161' title='bbox 1535 1570 1601 1638; x_wconf 76' lang='lat' dir='ltr'>lpse</span> <span class='ocrx_word' id='word_1_162' title='bbox 1620 1579 1735 1640; x_wconf 81' lang='lat' dir='ltr'>quoque</span> 
     </span>
     <span class='ocr_line' id='line_1_15' title="bbox 148 1648 1734 1733; baseline 0.003 -25"><span class='ocrx_word' id='word_1_163' title='bbox 148 1652 362 1721; x_wconf 73' lang='grc' dir='ltr'>Ιτατσοεείωοως,</span> <span class='ocrx_word' id='word_1_164' title='bbox 388 1648 420 1709; x_wconf 93' lang='lat' dir='ltr'>id</span> <span class='ocrx_word' id='word_1_165' title='bbox 449 1654 494 1711; x_wconf 92' lang='lat' dir='ltr'>est</span> <span class='ocrx_word' id='word_1_166' title='bbox 521 1650 722 1732; x_wconf 72' lang='lat' dir='ltr'>incomposita,</span> <span class='ocrx_word' id='word_1_167' title='bbox 747 1658 778 1713; x_wconf 89' lang='lat' dir='ltr'>et</span> <span class='ocrx_word' id='word_1_168' title='bbox 798 1652 913 1714; x_wconf 81' lang='lat' dir='ltr'>r&#39;nculta</span> <span class='ocrx_word' id='word_1_169' title='bbox 961 1649 1112 1725; x_wconf 77' lang='lat' dir='ltr'>interfecit</span> <span class='ocrx_word' id='word_1_170' title='bbox 1133 1649 1230 1710; x_wconf 84' lang='lat' dir='ltr'>virum</span> <span class='ocrx_word' id='word_1_171' title='bbox 1252 1648 1450 1733; x_wconf 75' lang='lat' dir='ltr'>AEpyptium‚</span> <span class='ocrx_word' id='word_1_172' title='bbox 1484 1651 1584 1711; x_wconf 82' lang='lat' dir='ltr'>uirum</span> <span class='ocrx_word' id='word_1_173' title='bbox 1611 1649 1734 1731; x_wconf 76' lang='lat' dir='ltr'>dippum</span> 
     </span>
     <span class='ocr_line' id='line_1_16' title="bbox 148 1739 1736 1825; baseline 0.007 -26"><span class='ocrx_word' id='word_1_174' title='bbox 148 1743 304 1817; x_wconf 88' lang='lat' dir='ltr'>propterea</span> <span class='ocrx_word' id='word_1_175' title='bbox 316 1739 493 1821; x_wconf 70' lang='lat' dir='ltr'>fuitquiat</span> <span class='ocrx_word' id='word_1_176' title='bbox 507 1748 598 1804; x_wconf 83' lang='lat' dir='ltr'>terrae</span> <span class='ocrx_word' id='word_1_177' title='bbox 610 1743 705 1823; x_wconf 90' lang='lat' dir='ltr'>plena</span> <span class='ocrx_word' id='word_1_178' title='bbox 717 1744 912 1825; x_wconf 88' lang='lat' dir='ltr'>compositio,</span> <span class='ocrx_word' id='word_1_179' title='bbox 962 1740 1153 1822; x_wconf 75' lang='lat' dir='ltr'>spectaculo..</span> <span class='ocrx_word' id='word_1_180' title='bbox 1169 1742 1274 1802; x_wconf 62' lang='grc' dir='ltr'>(ἔναιον</span> <span class='ocrx_word' id='word_1_181' title='bbox 1287 1750 1363 1821; x_wconf 76' lang='grc' dir='ltr'>ἄνδρα</span> <span class='ocrx_word' id='word_1_182' title='bbox 1372 1749 1473 1822; x_wconf 74' lang='grc' dir='ltr'>ὁρατὸν,</span> <span class='ocrx_word' id='word_1_183' title='bbox 1488 1760 1576 1811; x_wconf 61' lang='lat' dir='ltr'>uttan</span> <span class='ocrx_word' id='word_1_184' title='bbox 1592 1760 1665 1810; x_wconf 73' lang='lat' dir='ltr'>uta·</span> <span class='ocrx_word' id='word_1_185' title='bbox 1681 1745 1736 1804; x_wconf 82' lang='lat' dir='ltr'>La·</span> 
     </span>
     <span class='ocr_line' id='line_1_17' title="bbox 149 1826 1735 1916; baseline 0.005 -28"><span class='ocrx_word' id='word_1_186' title='bbox 149 1826 189 1909; x_wconf 79' lang='lat' dir='ltr'>(ut</span> <span class='ocrx_word' id='word_1_187' title='bbox 200 1828 241 1890; x_wconf 86' lang='lat' dir='ltr'>ait</span> <span class='ocrx_word' id='word_1_188' title='bbox 251 1831 385 1893; x_wconf 84' lang='lat' dir='ltr'>Basilius</span> <span class='ocrx_word' id='word_1_189' title='bbox 405 1834 516 1895; x_wconf 88' lang='lat' dir='ltr'>eodem</span> <span class='ocrx_word' id='word_1_190' title='bbox 536 1833 760 1915; x_wconf 82' lang='lat' dir='ltr'>interpretante</span> <span class='ocrx_word' id='word_1_191' title='bbox 783 1836 915 1916; x_wconf 89' lang='lat' dir='ltr'>Epipba-</span> <span class='ocrx_word' id='word_1_192' title='bbox 961 1832 1021 1892; x_wconf 91' lang='lat' dir='ltr'>tini</span> <span class='ocrx_word' id='word_1_193' title='bbox 1034 1833 1198 1894; x_wconf 89' lang='lat' dir='ltr'>hocsensu</span> <span class='ocrx_word' id='word_1_194' title='bbox 1212 1831 1361 1895; x_wconf 79' lang='lat' dir='ltr'>visendum</span> <span class='ocrx_word' id='word_1_195' title='bbox 1376 1840 1536 1913; x_wconf 88' lang='lat' dir='ltr'>usurpant.</span> <span class='ocrx_word' id='word_1_196' title='bbox 1555 1835 1595 1896; x_wconf 91' lang='lat' dir='ltr'>Ut</span> <span class='ocrx_word' id='word_1_197' title='bbox 1616 1834 1735 1896; x_wconf 89' lang='lat' dir='ltr'>Plinius</span> 
     </span>
     <span class='ocr_line' id='line_1_18' title="bbox 148 1919 1735 2004; baseline 0.004 -23"><span class='ocrx_word' id='word_1_198' title='bbox 148 1919 203 1999; x_wconf 79' lang='lat' dir='ltr'>uio)</span> <span class='ocrx_word' id='word_1_199' title='bbox 217 1928 262 1983; x_wconf 88' lang='lat' dir='ltr'>est</span> <span class='ocrx_word' id='word_1_200' title='bbox 275 1925 405 2003; x_wconf 88' lang='lat' dir='ltr'>propria</span> <span class='ocrx_word' id='word_1_201' title='bbox 427 1925 621 2003; x_wconf 86' lang='lat' dir='ltr'>toeounditas‚</span> <span class='ocrx_word' id='word_1_202' title='bbox 642 1927 675 1988; x_wconf 90' lang='lat' dir='ltr'>id</span> <span class='ocrx_word' id='word_1_203' title='bbox 694 1933 739 1988; x_wconf 87' lang='lat' dir='ltr'>est</span> <span class='ocrx_word' id='word_1_204' title='bbox 752 1927 912 1988; x_wconf 85' lang='lat' dir='ltr'>universa·</span> <span class='ocrx_word' id='word_1_205' title='bbox 962 1925 1268 1985; x_wconf 86' lang='lat' dir='ltr'>seniorPadnmoriri</span> <span class='ocrx_word' id='word_1_206' title='bbox 1278 1925 1356 1985; x_wconf 81' lang='lat' dir='ltr'>dixit</span> <span class='ocrx_word' id='word_1_207' title='bbox 1364 1923 1735 2004; x_wconf 70' lang='lat' dir='ltr'>foateor’aeado‘3necnon</span> 
     </span>
     <span class='ocr_line' id='line_1_19' title="bbox 147 2014 1735 2097; baseline 0.004 -25"><span class='ocrx_word' id='word_1_208' title='bbox 147 2030 210 2073; x_wconf 90' lang='lat' dir='ltr'>rum</span> <span class='ocrx_word' id='word_1_209' title='bbox 218 2014 410 2092; x_wconf 78' lang='lat' dir='ltr'>germinatio</span> <span class='ocrx_word' id='word_1_210' title='bbox 418 2016 607 2097; x_wconf 87' lang='lat' dir='ltr'>plantarum,</span> <span class='ocrx_word' id='word_1_211' title='bbox 624 2024 655 2078; x_wconf 89' lang='lat' dir='ltr'>ct</span> <span class='ocrx_word' id='word_1_212' title='bbox 669 2018 819 2079; x_wconf 88' lang='lat' dir='ltr'>arborum</span> <span class='ocrx_word' id='word_1_213' title='bbox 827 2018 911 2080; x_wconf 88' lang='lat' dir='ltr'>fruc-</span> <span class='ocrx_word' id='word_1_214' title='bbox 965 2014 1089 2076; x_wconf 88' lang='lat' dir='ltr'>Solinus</span> <span class='ocrx_word' id='word_1_215' title='bbox 1104 2015 1127 2077; x_wconf 83' lang='lat'>⁸.</span> <span class='ocrx_word' id='word_1_216' title='bbox 1143 2016 1265 2077; x_wconf 89' lang='lat' dir='ltr'>Plinius</span> <span class='ocrx_word' id='word_1_217' title='bbox 1279 2017 1298 2078; x_wconf 88' lang='lat' dir='ltr'><strong>J</strong></span> <span class='ocrx_word' id='word_1_218' title='bbox 1300 2017 1394 2076; x_wconf 93' lang='lat' dir='ltr'>unior</span> <span class='ocrx_word' id='word_1_219' title='bbox 1408 2025 1504 2078; x_wconf 83' lang='lat' dir='ltr'>artem</span> <span class='ocrx_word' id='word_1_220' title='bbox 1513 2017 1670 2078; x_wconf 78' lang='lat' dir='ltr'>uisendum.</span> <span class='ocrx_word' id='word_1_221' title='bbox 1684 2020 1735 2079; x_wconf 86' lang='lat' dir='ltr'>Sic</span> 
     </span>
     <span class='ocr_line' id='line_1_20' title="bbox 147 2104 1735 2190; baseline 0.004 -26"><span class='ocrx_word' id='word_1_222' title='bbox 147 2104 301 2167; x_wconf 79' lang='lat' dir='ltr'>literarum</span> <span class='ocrx_word' id='word_1_223' title='bbox 321 2107 422 2187; x_wconf 88' lang='lat' dir='ltr'>eopia,</span> <span class='ocrx_word' id='word_1_224' title='bbox 444 2127 567 2169; x_wconf 86' lang='lat' dir='ltr'>necnon</span> <span class='ocrx_word' id='word_1_225' title='bbox 588 2109 717 2183; x_wconf 87' lang='lat' dir='ltr'>colores,</span> <span class='ocrx_word' id='word_1_226' title='bbox 742 2110 913 2190; x_wconf 82' lang='lat' dir='ltr'>odoresque</span> <span class='ocrx_word' id='word_1_227' title='bbox 963 2107 1149 2168; x_wconf 88' lang='lat' dir='ltr'>econtrario</span> <span class='ocrx_word' id='word_1_228' title='bbox 1157 2116 1270 2171; x_wconf 80' lang='lat' dir='ltr'>terram</span> <span class='ocrx_word' id='word_1_229' title='bbox 1291 2113 1425 2181; x_wconf 68' lang='lat' dir='ltr'>iuncum,</span> <span class='ocrx_word' id='word_1_230' title='bbox 1442 2109 1636 2170; x_wconf 87' lang='lat' dir='ltr'>nominatam</span> <span class='ocrx_word' id='word_1_231' title='bbox 1656 2112 1735 2170; x_wconf 85' lang='lat' dir='ltr'>exis-</span> 
     </span>
     <span class='ocr_line' id='line_1_21' title="bbox 146 2194 1736 2281; baseline 0.004 -26"><span class='ocrx_word' id='word_1_232' title='bbox 146 2194 235 2272; x_wconf 84' lang='lat' dir='ltr'>florei,</span> <span class='ocrx_word' id='word_1_233' title='bbox 258 2203 293 2259; x_wconf 85' lang='lat' dir='ltr'>et</span> <span class='ocrx_word' id='word_1_234' title='bbox 318 2199 380 2261; x_wconf 89' lang='lat' dir='ltr'>alia</span> <span class='ocrx_word' id='word_1_235' title='bbox 404 2217 476 2279; x_wconf 75' lang='lat' dir='ltr'>quae</span> <span class='ocrx_word' id='word_1_236' title='bbox 502 2202 595 2280; x_wconf 90' lang='lat' dir='ltr'>paulo</span> <span class='ocrx_word' id='word_1_237' title='bbox 620 2207 689 2281; x_wconf 88' lang='lat' dir='ltr'>post</span> <span class='ocrx_word' id='word_1_238' title='bbox 707 2201 812 2263; x_wconf 86' lang='lat' dir='ltr'>divino</span> <span class='ocrx_word' id='word_1_239' title='bbox 823 2203 915 2281; x_wconf 85' lang='lat' dir='ltr'>jussu</span> <span class='ocrx_word' id='word_1_240' title='bbox 963 2198 1064 2272; x_wconf 83' lang='lat' dir='ltr'>timet,</span> <span class='ocrx_word' id='word_1_241' title='bbox 1098 2201 1185 2280; x_wconf 84' lang='lat' dir='ltr'>quasi</span> <span class='ocrx_word' id='word_1_242' title='bbox 1215 2201 1378 2280; x_wconf 78' lang='lat' dir='ltr'>indignam</span> <span class='ocrx_word' id='word_1_243' title='bbox 1412 2207 1548 2281; x_wconf 89' lang='lat' dir='ltr'>aspectu.</span> <span class='ocrx_word' id='word_1_244' title='bbox 1584 2203 1736 2263; x_wconf 85' lang='lat' dir='ltr'>Caesarius</span> 
     </span>
     <span class='ocr_line' id='line_1_22' title="bbox 145 2290 1736 2373; baseline 0.003 -23"><span class='ocrx_word' id='word_1_245' title='bbox 145 2290 300 2368; x_wconf 75' lang='lat' dir='ltr'>progenita</span> <span class='ocrx_word' id='word_1_246' title='bbox 349 2291 534 2354; x_wconf 70' lang='lat' dir='ltr'>decoravere</span> <span class='ocrx_word' id='word_1_247' title='bbox 577 2292 731 2355; x_wconf 88' lang='lat' dir='ltr'>tellurem.</span> <span class='ocrx_word' id='word_1_248' title='bbox 775 2294 914 2368; x_wconf 81' lang='lat' dir='ltr'>Quorum</span> <span class='ocrx_word' id='word_1_249' title='bbox 963 2296 1128 2371; x_wconf 85' lang='lat' dir='ltr'>utramque</span> <span class='ocrx_word' id='word_1_250' title='bbox 1156 2292 1335 2372; x_wconf 83' lang='lat' dir='ltr'>complexus</span> <span class='ocrx_word' id='word_1_251' title='bbox 1364 2299 1410 2354; x_wconf 87' lang='lat' dir='ltr'>est</span> <span class='ocrx_word' id='word_1_252' title='bbox 1437 2294 1628 2373; x_wconf 89' lang='lat' dir='ltr'>opinionem.</span> <span class='ocrx_word' id='word_1_253' title='bbox 1657 2295 1736 2355; x_wconf 90' lang='lat' dir='ltr'>Nam</span> 
     </span>
     <span class='ocr_line' id='line_1_23' title="bbox 146 2380 1733 2464; baseline 0.001 -21"><span class='ocrx_word' id='word_1_254' title='bbox 146 2380 211 2458; x_wconf 85' lang='lat' dir='ltr'>quia</span> <span class='ocrx_word' id='word_1_255' title='bbox 223 2383 365 2444; x_wconf 91' lang='lat' dir='ltr'>nondum</span> <span class='ocrx_word' id='word_1_256' title='bbox 382 2384 499 2464; x_wconf 89' lang='lat' dir='ltr'>aliquid</span> <span class='ocrx_word' id='word_1_257' title='bbox 518 2386 686 2459; x_wconf 84' lang='lat' dir='ltr'>exstiterat,</span> <span class='ocrx_word' id='word_1_258' title='bbox 711 2386 822 2447; x_wconf 85' lang='lat' dir='ltr'>merito</span> <span class='ocrx_word' id='word_1_259' title='bbox 844 2404 913 2448; x_wconf 88' lang='lat' dir='ltr'>eam</span> <span class='ocrx_word' id='word_1_260' title='bbox 962 2382 1126 2463; x_wconf 73' lang='lat' dir='ltr'>primumi</span> <span class='ocrx_word' id='word_1_261' title='bbox 1148 2384 1290 2459; x_wconf 87' lang='lat' dir='ltr'>invisam,</span> <span class='ocrx_word' id='word_1_262' title='bbox 1307 2390 1337 2445; x_wconf 89' lang='lat' dir='ltr'>et</span> <span class='ocrx_word' id='word_1_263' title='bbox 1357 2385 1592 2464; x_wconf 72' lang='lat' dir='ltr'>incompositam</span> <span class='ocrx_word' id='word_1_264' title='bbox 1608 2385 1668 2447; x_wconf 86' lang='lat' dir='ltr'>dici</span> <span class='ocrx_word' id='word_1_265' title='bbox 1680 2386 1733 2456; x_wconf 89' lang='lat' dir='ltr'>ait,</span> 
     </span>
     <span class='ocr_line' id='line_1_24' title="bbox 146 2475 1734 2557; baseline 0.003 -23"><span class='ocrx_word' id='word_1_266' title='bbox 146 2488 239 2534; x_wconf 81' lang='grc' dir='ltr'>ιοιιιιο</span> <span class='ocrx_word' id='word_1_267' title='bbox 254 2475 425 2555; x_wconf 74' lang='lat' dir='ltr'>Scriptura</span> <span class='ocrx_word' id='word_1_268' title='bbox 440 2477 677 2557; x_wconf 82' lang='lat' dir='ltr'>incompositam</span> <span class='ocrx_word' id='word_1_269' title='bbox 691 2476 910 2539; x_wconf 72' lang='lat' dir='ltr'>nominauit.»</span> <span class='ocrx_word' id='word_1_270' title='bbox 963 2493 1026 2535; x_wconf 91' lang='lat' dir='ltr'>non</span> <span class='ocrx_word' id='word_1_271' title='bbox 1040 2480 1163 2548; x_wconf 86' lang='lat' dir='ltr'>natura,</span> <span class='ocrx_word' id='word_1_272' title='bbox 1179 2477 1232 2537; x_wconf 87' lang='lat' dir='ltr'>sed</span> <span class='ocrx_word' id='word_1_273' title='bbox 1245 2476 1458 2549; x_wconf 86' lang='lat' dir='ltr'>ordinationis,</span> <span class='ocrx_word' id='word_1_274' title='bbox 1470 2484 1500 2538; x_wconf 89' lang='lat' dir='ltr'>et</span> <span class='ocrx_word' id='word_1_275' title='bbox 1514 2483 1654 2556; x_wconf 85' lang='lat' dir='ltr'>aspectas</span> <span class='ocrx_word' id='word_1_276' title='bbox 1664 2496 1734 2556; x_wconf 83' lang='lat' dir='ltr'>gra-</span> 
     </span>
     <span class='ocr_line' id='line_1_25' title="bbox 181 2564 1735 2647; baseline 0.001 -21"><span class='ocrx_word' id='word_1_277' title='bbox 181 2565 364 2628; x_wconf 83' lang='lat' dir='ltr'>Ambrosius</span> <span class='ocrx_word' id='word_1_278' title='bbox 377 2568 486 2630; x_wconf 90' lang='lat' dir='ltr'>itidem</span> <span class='ocrx_word' id='word_1_279' title='bbox 500 2568 689 2630; x_wconf 87' lang='lat' dir='ltr'>invisibilem</span> <span class='ocrx_word' id='word_1_280' title='bbox 712 2569 782 2630; x_wconf 90' lang='lat' dir='ltr'>ideo</span> <span class='ocrx_word' id='word_1_281' title='bbox 800 2569 914 2631; x_wconf 89' lang='lat' dir='ltr'>dictam</span> <span class='ocrx_word' id='word_1_282' title='bbox 962 2565 1006 2626; x_wconf 87' lang='lat' dir='ltr'>tia</span> <span class='ocrx_word' id='word_1_283' title='bbox 1019 2564 1033 2602; x_wconf 63' lang='lat' dir='ltr'>l</span> <span class='ocrx_word' id='word_1_284' title='bbox 1048 2587 1056 2641; x_wconf 91' lang='lat'>;</span> <span class='ocrx_word' id='word_1_285' title='bbox 1072 2588 1087 2623; x_wconf 85' lang='lat' dir='ltr'>o</span> <span class='ocrx_word' id='word_1_286' title='bbox 1104 2571 1174 2627; x_wconf 87' lang='lat' dir='ltr'>turn</span> <span class='ocrx_word' id='word_1_287' title='bbox 1194 2573 1312 2646; x_wconf 84' lang='lat' dir='ltr'>postea,</span> <span class='ocrx_word' id='word_1_288' title='bbox 1337 2568 1450 2647; x_wconf 79' lang='lat' dir='ltr'>«quod</span> <span class='ocrx_word' id='word_1_289' title='bbox 1473 2568 1614 2629; x_wconf 88' lang='lat' dir='ltr'>nondum</span> <span class='ocrx_word' id='word_1_290' title='bbox 1639 2569 1735 2630; x_wconf 91' lang='lat' dir='ltr'>homo</span> 
     </span>
     <span class='ocr_line' id='line_1_26' title="bbox 146 2658 1734 2742; baseline 0.003 -25"><span class='ocrx_word' id='word_1_291' title='bbox 146 2662 238 2736; x_wconf 86' lang='lat' dir='ltr'>putat,</span> <span class='ocrx_word' id='word_1_292' title='bbox 257 2660 363 2739; x_wconf 83' lang='lat' dir='ltr'>aquia</span> <span class='ocrx_word' id='word_1_293' title='bbox 378 2661 469 2740; x_wconf 90' lang='lat' dir='ltr'>aquis</span> <span class='ocrx_word' id='word_1_294' title='bbox 488 2667 605 2741; x_wconf 87' lang='lat' dir='ltr'>operta,</span> <span class='ocrx_word' id='word_1_295' title='bbox 620 2661 748 2723; x_wconf 84' lang='lat' dir='ltr'>visibilis</span> <span class='ocrx_word' id='word_1_296' title='bbox 757 2662 914 2742; x_wconf 85' lang='lat' dir='ltr'>corporeis</span> <span class='ocrx_word' id='word_1_297' title='bbox 963 2663 1116 2737; x_wconf 86' lang='lat' dir='ltr'>spectator</span> <span class='ocrx_word' id='word_1_298' title='bbox 1128 2658 1212 2719; x_wconf 87' lang='lat' dir='ltr'>illius</span> <span class='ocrx_word' id='word_1_299' title='bbox 1227 2659 1372 2721; x_wconf 83' lang='lat' dir='ltr'>existeret</span> <span class='ocrx_word' id='word_1_300' title='bbox 1383 2669 1404 2724; x_wconf 57' lang='grc' dir='ltr'>θ,</span> <span class='ocrx_word' id='word_1_301' title='bbox 1422 2681 1438 2718; x_wconf 84' lang='lat' dir='ltr'>o</span> <span class='ocrx_word' id='word_1_302' title='bbox 1456 2660 1648 2740; x_wconf 88' lang='lat' dir='ltr'>Philoponus</span> <span class='ocrx_word' id='word_1_303' title='bbox 1660 2680 1734 2721; x_wconf 88' lang='lat' dir='ltr'>vero</span> 
     </span>
     <span class='ocr_line' id='line_1_27' title="bbox 147 2749 1734 2834; baseline 0.002 -25"><span class='ocrx_word' id='word_1_304' title='bbox 147 2749 235 2810; x_wconf 82' lang='lat' dir='ltr'>oculis</span> <span class='ocrx_word' id='word_1_305' title='bbox 246 2768 314 2812; x_wconf 84' lang='lat' dir='ltr'>esse</span> <span class='ocrx_word' id='word_1_306' title='bbox 326 2770 391 2812; x_wconf 91' lang='lat' dir='ltr'>non</span> <span class='ocrx_word' id='word_1_307' title='bbox 405 2758 536 2831; x_wconf 87' lang='lat' dir='ltr'>poterat.</span> <span class='ocrx_word' id='word_1_308' title='bbox 549 2774 564 2811; x_wconf 88' lang='lat' dir='ltr'>o</span> <span class='ocrx_word' id='word_1_309' title='bbox 581 2755 715 2829; x_wconf 86' lang='lat' dir='ltr'>Rursus,</span> <span class='ocrx_word' id='word_1_310' title='bbox 729 2755 912 2834; x_wconf 74' lang='lat' dir='ltr'>«quianon-</span> <span class='ocrx_word' id='word_1_311' title='bbox 961 2750 1068 2810; x_wconf 89' lang='lat' dir='ltr'>itidem</span> <span class='ocrx_word' id='word_1_312' title='bbox 1083 2750 1122 2810; x_wconf 88' lang='lat' dir='ltr'>sd</span> <span class='ocrx_word' id='word_1_313' title='bbox 1136 2756 1296 2830; x_wconf 86' lang='lat' dir='ltr'>aspectum</span> <span class='ocrx_word' id='word_1_314' title='bbox 1317 2753 1433 2827; x_wconf 89' lang='lat' dir='ltr'>retulit,</span> <span class='ocrx_word' id='word_1_315' title='bbox 1462 2774 1477 2808; x_wconf 85' lang='lat' dir='ltr'>u</span> <span class='ocrx_word' id='word_1_316' title='bbox 1491 2752 1574 2830; x_wconf 87' lang='lat' dir='ltr'>quod</span> <span class='ocrx_word' id='word_1_317' title='bbox 1595 2752 1734 2832; x_wconf 87' lang='lat' dir='ltr'>undique</span> 
     </span>
     <span class='ocr_line' id='line_1_28' title="bbox 147 2840 1734 2923; baseline 0.001 -21"><span class='ocrx_word' id='word_1_318' title='bbox 147 2840 215 2902; x_wconf 87' lang='lat' dir='ltr'>dum</span> <span class='ocrx_word' id='word_1_319' title='bbox 239 2842 320 2917; x_wconf 85' lang='lat' dir='ltr'>lux,</span> <span class='ocrx_word' id='word_1_320' title='bbox 344 2862 415 2923; x_wconf 79' lang='lat' dir='ltr'>qum</span> <span class='ocrx_word' id='word_1_321' title='bbox 438 2844 651 2919; x_wconf 87' lang='lat' dir='ltr'>illuminaret,</span> <span class='ocrx_word' id='word_1_322' title='bbox 675 2847 818 2907; x_wconf 88' lang='lat' dir='ltr'>noudum</span> <span class='ocrx_word' id='word_1_323' title='bbox 840 2846 908 2922; x_wconf 89' lang='lat' dir='ltr'>sol;</span> <span class='ocrx_word' id='word_1_324' title='bbox 962 2843 1050 2921; x_wconf 88' lang='lat' dir='ltr'>aquis</span> <span class='ocrx_word' id='word_1_325' title='bbox 1064 2849 1143 2904; x_wconf 91' lang='lat' dir='ltr'>esset</span> <span class='ocrx_word' id='word_1_326' title='bbox 1156 2849 1276 2921; x_wconf 88' lang='lat' dir='ltr'>operta,</span> <span class='ocrx_word' id='word_1_327' title='bbox 1301 2845 1441 2904; x_wconf 88' lang='lat' dir='ltr'>nondum</span> <span class='ocrx_word' id='word_1_328' title='bbox 1463 2844 1688 2922; x_wconf 84' lang='lat' dir='ltr'>conceptaculis</span> <span class='ocrx_word' id='word_1_329' title='bbox 1701 2844 1734 2903; x_wconf 92' lang='lat' dir='ltr'>in</span> 
     </span>
     <span class='ocr_line' id='line_1_29' title="bbox 147 2933 1734 3015; baseline -0.001 -18"><span class='ocrx_word' id='word_1_330' title='bbox 147 2939 244 3012; x_wconf 85' lang='lat' dir='ltr'>postea</span> <span class='ocrx_word' id='word_1_331' title='bbox 253 2935 341 2997; x_wconf 89' lang='lat' dir='ltr'>enim</span> <span class='ocrx_word' id='word_1_332' title='bbox 355 2935 526 2998; x_wconf 90' lang='lat' dir='ltr'>luminaria</span> <span class='ocrx_word' id='word_1_333' title='bbox 538 2937 617 2999; x_wconf 83' lang='lat' dir='ltr'>lacta</span> <span class='ocrx_word' id='word_1_334' title='bbox 631 2945 704 2999; x_wconf 87' lang='lat' dir='ltr'>sunt</span> <span class='ocrx_word' id='word_1_335' title='bbox 716 2938 798 2999; x_wconf 80' lang='lat' dir='ltr'>omli.</span> <span class='ocrx_word' id='word_1_336' title='bbox 814 2958 829 2996; x_wconf 82' lang='lat' dir='ltr'>a</span> <span class='ocrx_word' id='word_1_337' title='bbox 848 2939 910 2999; x_wconf 88' lang='lat' dir='ltr'>De·</span> <span class='ocrx_word' id='word_1_338' title='bbox 961 2938 1043 2995; x_wconf 89' lang='lat' dir='ltr'>terra</span> <span class='ocrx_word' id='word_1_339' title='bbox 1056 2934 1152 3007; x_wconf 85' lang='lat' dir='ltr'>factis,</span> <span class='ocrx_word' id='word_1_340' title='bbox 1178 2936 1210 2996; x_wconf 91' lang='lat' dir='ltr'>in</span> <span class='ocrx_word' id='word_1_341' title='bbox 1224 2953 1294 3014; x_wconf 85' lang='lat' dir='ltr'>quae</span> <span class='ocrx_word' id='word_1_342' title='bbox 1310 2953 1389 3015; x_wconf 88' lang='lat' dir='ltr'>aqua</span> <span class='ocrx_word' id='word_1_343' title='bbox 1410 2935 1580 2995; x_wconf 85' lang='lat' dir='ltr'>conflueret</span> <span class='ocrx_word' id='word_1_344' title='bbox 1593 2933 1614 2995; x_wconf 75' lang='grc' dir='ltr'>ί.</span> <span class='ocrx_word' id='word_1_345' title='bbox 1630 2956 1646 2992; x_wconf 86' lang='lat' dir='ltr'>o</span> <span class='ocrx_word' id='word_1_346' title='bbox 1660 2936 1734 3009; x_wconf 78' lang='lat' dir='ltr'>Quae</span> 
     </span>
     <span class='ocr_line' id='line_1_30' title="bbox 148 3024 1589 3109; baseline 0.002 -25"><span class='ocrx_word' id='word_1_347' title='bbox 148 3024 244 3104; x_wconf 85' lang='lat' dir='ltr'>nique,</span> <span class='ocrx_word' id='word_1_348' title='bbox 258 3048 276 3084; x_wconf 83' lang='grc' dir='ltr'>α</span> <span class='ocrx_word' id='word_1_349' title='bbox 290 3028 331 3088; x_wconf 87' lang='lat' dir='ltr'>Et</span> <span class='ocrx_word' id='word_1_350' title='bbox 344 3027 457 3089; x_wconf 86' lang='lat' dir='ltr'>merito</span> <span class='ocrx_word' id='word_1_351' title='bbox 471 3028 642 3103; x_wconf 90' lang='lat' dir='ltr'>invisibilis,</span> <span class='ocrx_word' id='word_1_352' title='bbox 658 3029 732 3108; x_wconf 87' lang='lat' dir='ltr'>quia</span> <span class='ocrx_word' id='word_1_353' title='bbox 745 3030 910 3109; x_wconf 89' lang='lat' dir='ltr'>incompo-</span> <span class='ocrx_word' id='word_1_354' title='bbox 962 3027 1069 3086; x_wconf 90' lang='lat' dir='ltr'>omnia</span> <span class='ocrx_word' id='word_1_355' title='bbox 1082 3026 1253 3106; x_wconf 91' lang='lat' dir='ltr'>Procopius</span> <span class='ocrx_word' id='word_1_356' title='bbox 1267 3028 1299 3086; x_wconf 81' lang='lat' dir='ltr'>io</span> <span class='ocrx_word' id='word_1_357' title='bbox 1316 3024 1447 3089; x_wconf 80' lang='lat' dir='ltr'>Genesim</span> <span class='ocrx_word' id='word_1_358' title='bbox 1461 3026 1589 3106; x_wconf 81' lang='lat' dir='ltr'>colligit.</span> 
     </span>
     <span class='ocr_line' id='line_1_31' title="bbox 147 3116 1731 3199; baseline 0 -22"><span class='ocrx_word' id='word_1_359' title='bbox 147 3116 206 3189; x_wconf 87' lang='lat' dir='ltr'>sita,</span> <span class='ocrx_word' id='word_1_360' title='bbox 228 3136 302 3197; x_wconf 76' lang='lat' dir='ltr'>quaa</span> <span class='ocrx_word' id='word_1_361' title='bbox 319 3118 466 3199; x_wconf 76' lang='lat' dir='ltr'>liguram,</span> <span class='ocrx_word' id='word_1_362' title='bbox 481 3126 512 3180; x_wconf 88' lang='lat' dir='ltr'>et</span> <span class='ocrx_word' id='word_1_363' title='bbox 533 3120 666 3199; x_wconf 87' lang='lat' dir='ltr'>speciem</span> <span class='ocrx_word' id='word_1_364' title='bbox 688 3125 913 3199; x_wconf 76' lang='lat' dir='ltr'>congruentem</span> <span class='ocrx_word' id='word_1_365' title='bbox 1002 3118 1219 3197; x_wconf 90' lang='lat' dir='ltr'>Namquodad</span> <span class='ocrx_word' id='word_1_366' title='bbox 1231 3118 1416 3196; x_wconf 82' lang='lat' dir='ltr'>Gregorinm</span> <span class='ocrx_word' id='word_1_367' title='bbox 1425 3118 1601 3198; x_wconf 84' lang='lat' dir='ltr'>Nyssenum</span> <span class='ocrx_word' id='word_1_368' title='bbox 1609 3118 1731 3191; x_wconf 85' lang='lat' dir='ltr'>attinet,</span> 
     </span>
     <span class='ocr_line' id='line_1_32' title="bbox 147 3207 1732 3291; baseline 0.003 -24"><span class='ocrx_word' id='word_1_369' title='bbox 147 3207 238 3270; x_wconf 85' lang='lat' dir='ltr'>adbuc</span> <span class='ocrx_word' id='word_1_370' title='bbox 250 3228 319 3271; x_wconf 89' lang='lat' dir='ltr'>non</span> <span class='ocrx_word' id='word_1_371' title='bbox 335 3215 497 3291; x_wconf 85' lang='lat' dir='ltr'>acceperat</span> <span class='ocrx_word' id='word_1_372' title='bbox 512 3230 531 3271; x_wconf 90' lang='lat' dir='ltr'>a</span> <span class='ocrx_word' id='word_1_373' title='bbox 544 3212 670 3291; x_wconf 89' lang='lat' dir='ltr'>proprio</span> <span class='ocrx_word' id='word_1_374' title='bbox 689 3212 847 3273; x_wconf 88' lang='lat' dir='ltr'>conditore</span> <span class='ocrx_word' id='word_1_375' title='bbox 864 3258 872 3288; x_wconf 86' lang='lat'>,</span> <span class='ocrx_word' id='word_1_376' title='bbox 888 3233 904 3269; x_wconf 81' lang='lat' dir='ltr'>o</span> <span class='ocrx_word' id='word_1_377' title='bbox 961 3209 1039 3271; x_wconf 93' lang='lat' dir='ltr'>dum</span> <span class='ocrx_word' id='word_1_378' title='bbox 1051 3215 1168 3270; x_wconf 79' lang='lat' dir='ltr'>terrmn</span> <span class='ocrx_word' id='word_1_379' title='bbox 1181 3209 1294 3286; x_wconf 87' lang='lat' dir='ltr'>reipsa,</span> <span class='ocrx_word' id='word_1_380' title='bbox 1310 3214 1341 3270; x_wconf 90' lang='lat' dir='ltr'>et</span> <span class='ocrx_word' id='word_1_381' title='bbox 1354 3228 1393 3271; x_wconf 83' lang='lat' dir='ltr'>ex</span> <span class='ocrx_word' id='word_1_382' title='bbox 1406 3228 1472 3272; x_wconf 90' lang='lat' dir='ltr'>sese</span> <span class='ocrx_word' id='word_1_383' title='bbox 1486 3228 1614 3289; x_wconf 87' lang='lat' dir='ltr'>prorsus</span> <span class='ocrx_word' id='word_1_384' title='bbox 1628 3227 1732 3289; x_wconf 88' lang='lat' dir='ltr'>aspec-</span> 
     </span>
     <span class='ocr_line' id='line_1_33' title="bbox 146 3299 1734 3382; baseline 0.002 -23"><span class='ocrx_word' id='word_1_385' title='bbox 146 3299 306 3379; x_wconf 77' lang='lat' dir='ltr'>Elegautcr</span> <span class='ocrx_word' id='word_1_386' title='bbox 316 3302 402 3364; x_wconf 89' lang='lat' dir='ltr'>idern</span> <span class='ocrx_word' id='word_1_387' title='bbox 415 3302 614 3381; x_wconf 80' lang='lat' dir='ltr'>iocorupositoe</span> <span class='ocrx_word' id='word_1_388' title='bbox 622 3303 687 3363; x_wconf 91' lang='lat' dir='ltr'>vim</span> <span class='ocrx_word' id='word_1_389' title='bbox 700 3301 723 3375; x_wconf 83' lang='lat'>’‚</span> <span class='ocrx_word' id='word_1_390' title='bbox 733 3304 910 3364; x_wconf 89' lang='lat' dir='ltr'>notionem-</span> <span class='ocrx_word' id='word_1_391' title='bbox 961 3300 1088 3362; x_wconf 89' lang='lat' dir='ltr'>tabilem</span> <span class='ocrx_word' id='word_1_392' title='bbox 1100 3307 1192 3379; x_wconf 80' lang='lat' dir='ltr'>negat</span> <span class='ocrx_word' id='word_1_393' title='bbox 1205 3301 1311 3375; x_wconf 85' lang='lat' dir='ltr'>luisse,</span> <span class='ocrx_word' id='word_1_394' title='bbox 1326 3302 1420 3381; x_wconf 84' lang='lat' dir='ltr'>idque</span> <span class='ocrx_word' id='word_1_395' title='bbox 1434 3309 1539 3382; x_wconf 74' lang='grc' dir='ltr'>ἀόρατον</span> <span class='ocrx_word' id='word_1_396' title='bbox 1552 3302 1734 3381; x_wconf 88' lang='lat' dir='ltr'>iuterpreta-</span> 
     </span>
     <span class='ocr_line' id='line_1_34' title="bbox 147 3392 1733 3475; baseline 0.001 -23"><span class='ocrx_word' id='word_1_397' title='bbox 147 3409 201 3471; x_wconf 90' lang='lat' dir='ltr'>que</span> <span class='ocrx_word' id='word_1_398' title='bbox 225 3393 383 3455; x_wconf 79' lang='lat' dir='ltr'>declarat:</span> <span class='ocrx_word' id='word_1_399' title='bbox 412 3415 428 3452; x_wconf 89' lang='grc' dir='ltr'>ιι</span> <span class='ocrx_word' id='word_1_400' title='bbox 455 3395 529 3454; x_wconf 86' lang='lat' dir='ltr'>Erat</span> <span class='ocrx_word' id='word_1_401' title='bbox 554 3394 769 3473; x_wconf 88' lang='lat' dir='ltr'>incomposita,</span> <span class='ocrx_word' id='word_1_402' title='bbox 805 3399 913 3475; x_wconf 89' lang='lat' dir='ltr'>utpote</span> <span class='ocrx_word' id='word_1_403' title='bbox 959 3399 1024 3469; x_wconf 86' lang='lat' dir='ltr'>tur,</span> <span class='ocrx_word' id='word_1_404' title='bbox 1036 3398 1244 3454; x_wconf 89' lang='lat' dir='ltr'>consentanea</span> <span class='ocrx_word' id='word_1_405' title='bbox 1254 3392 1328 3453; x_wconf 89' lang='lat' dir='ltr'>dicit</span> <span class='ocrx_word' id='word_1_406' title='bbox 1341 3394 1483 3473; x_wconf 88' lang='lat' dir='ltr'>opinioni</span> <span class='ocrx_word' id='word_1_407' title='bbox 1496 3393 1541 3453; x_wconf 91' lang='lat' dir='ltr'>illi</span> <span class='ocrx_word' id='word_1_408' title='bbox 1550 3411 1626 3470; x_wconf 86' lang='lat' dir='ltr'>suae,</span> <span class='ocrx_word' id='word_1_409' title='bbox 1637 3412 1733 3472; x_wconf 92' lang='lat' dir='ltr'>quam</span> 
     </span>
     <span class='ocr_line' id='line_1_35' title="bbox 146 3483 1732 3564; baseline 0.001 -19"><span class='ocrx_word' id='word_1_410' title='bbox 146 3483 258 3547; x_wconf 82' lang='lat' dir='ltr'>solertis</span> <span class='ocrx_word' id='word_1_411' title='bbox 270 3485 417 3564; x_wconf 77' lang='lat' dir='ltr'>agricolae</span> <span class='ocrx_word' id='word_1_412' title='bbox 430 3486 550 3547; x_wconf 87' lang='lat' dir='ltr'>inarata</span> <span class='ocrx_word' id='word_1_413' title='bbox 564 3486 704 3547; x_wconf 87' lang='lat' dir='ltr'>culturis.</span> <span class='ocrx_word' id='word_1_414' title='bbox 719 3486 913 3549; x_wconf 85' lang='lat' dir='ltr'>Eratincom·</span> <span class='ocrx_word' id='word_1_415' title='bbox 961 3484 1154 3547; x_wconf 85' lang='lat' dir='ltr'>antecedenti</span> <span class='ocrx_word' id='word_1_416' title='bbox 1168 3484 1267 3564; x_wconf 88' lang='lat' dir='ltr'>capite</span> <span class='ocrx_word' id='word_1_417' title='bbox 1281 3487 1440 3564; x_wconf 80' lang='lat' dir='ltr'>proposui.</span> <span class='ocrx_word' id='word_1_418' title='bbox 1457 3486 1536 3546; x_wconf 79' lang='lat' dir='ltr'>Cum</span> <span class='ocrx_word' id='word_1_419' title='bbox 1551 3486 1638 3548; x_wconf 89' lang='lat' dir='ltr'>enim</span> <span class='ocrx_word' id='word_1_420' title='bbox 1651 3504 1732 3546; x_wconf 91' lang='lat' dir='ltr'>non-</span> 
     </span>
     <span class='ocr_line' id='line_1_36' title="bbox 145 3577 1732 3658; baseline 0.001 -20"><span class='ocrx_word' id='word_1_421' title='bbox 145 3577 247 3655; x_wconf 76' lang='lat' dir='ltr'>pauo,</span> <span class='ocrx_word' id='word_1_422' title='bbox 262 3577 338 3657; x_wconf 89' lang='lat' dir='ltr'>quia</span> <span class='ocrx_word' id='word_1_423' title='bbox 349 3577 434 3638; x_wconf 88' lang='lat' dir='ltr'>nuda</span> <span class='ocrx_word' id='word_1_424' title='bbox 447 3577 654 3658; x_wconf 80' lang='lat' dir='ltr'>gignentium,</span> <span class='ocrx_word' id='word_1_425' title='bbox 669 3595 728 3640; x_wconf 87' lang='lat' dir='ltr'>nec</span> <span class='ocrx_word' id='word_1_426' title='bbox 748 3579 825 3639; x_wconf 87' lang='lat' dir='ltr'>toris</span> <span class='ocrx_word' id='word_1_427' title='bbox 839 3579 913 3639; x_wconf 89' lang='lat' dir='ltr'>ber·</span> <span class='ocrx_word' id='word_1_428' title='bbox 961 3578 1038 3639; x_wconf 91' lang='lat' dir='ltr'>dum</span> <span class='ocrx_word' id='word_1_429' title='bbox 1049 3586 1127 3655; x_wconf 81' lang='lat' dir='ltr'>actu,</span> <span class='ocrx_word' id='word_1_430' title='bbox 1143 3583 1174 3636; x_wconf 89' lang='lat' dir='ltr'>et</span> <span class='ocrx_word' id='word_1_431' title='bbox 1188 3582 1295 3656; x_wconf 77' lang='grc' dir='ltr'>ἐνεργείᾳ</span> <span class='ocrx_word' id='word_1_432' title='bbox 1313 3578 1484 3639; x_wconf 86' lang='lat' dir='ltr'>constitisse</span> <span class='ocrx_word' id='word_1_433' title='bbox 1497 3584 1612 3639; x_wconf 89' lang='lat' dir='ltr'>terram</span> <span class='ocrx_word' id='word_1_434' title='bbox 1628 3578 1732 3639; x_wconf 81' lang='lat' dir='ltr'>existi-</span> 
     </span>
     <span class='ocr_line' id='line_1_37' title="bbox 145 3666 1733 3750; baseline -0.001 -19"><span class='ocrx_word' id='word_1_435' title='bbox 145 3666 213 3731; x_wconf 82' lang='lat' dir='ltr'>boaa</span> <span class='ocrx_word' id='word_1_436' title='bbox 233 3669 388 3750; x_wconf 59' lang='lat' dir='ltr'>riparuua</span> <span class='ocrx_word' id='word_1_437' title='bbox 422 3688 481 3730; x_wconf 89' lang='lat' dir='ltr'>nec</span> <span class='ocrx_word' id='word_1_438' title='bbox 509 3688 606 3749; x_wconf 87' lang='lat' dir='ltr'>opaca</span> <span class='ocrx_word' id='word_1_439' title='bbox 631 3669 822 3749; x_wconf 87' lang='lat' dir='ltr'>nemoribus,</span> <span class='ocrx_word' id='word_1_440' title='bbox 852 3689 911 3733; x_wconf 88' lang='lat' dir='ltr'>neo</span> <span class='ocrx_word' id='word_1_441' title='bbox 961 3677 1036 3741; x_wconf 82' lang='lat' dir='ltr'>met,</span> <span class='ocrx_word' id='word_1_442' title='bbox 1061 3668 1114 3730; x_wconf 89' lang='lat' dir='ltr'>sed</span> <span class='ocrx_word' id='word_1_443' title='bbox 1140 3675 1290 3746; x_wconf 81' lang='lat' dir='ltr'>potestate,</span> <span class='ocrx_word' id='word_1_444' title='bbox 1317 3676 1469 3749; x_wconf 89' lang='lat' dir='ltr'>quatenus</span> <span class='ocrx_word' id='word_1_445' title='bbox 1504 3669 1670 3740; x_wconf 88' lang='lat' dir='ltr'>seminalis,</span> <span class='ocrx_word' id='word_1_446' title='bbox 1697 3688 1733 3730; x_wconf 89' lang='lat' dir='ltr'>ac</span> 
     </span>
     <span class='ocr_line' id='line_1_38' title="bbox 146 3758 1729 3843; baseline -0.002 -21"><span class='ocrx_word' id='word_1_447' title='bbox 146 3758 209 3822; x_wconf 83' lang='lat' dir='ltr'>leta</span> <span class='ocrx_word' id='word_1_448' title='bbox 248 3760 431 3841; x_wconf 77' lang='lat' dir='ltr'>segetibus,</span> <span class='ocrx_word' id='word_1_449' title='bbox 459 3779 518 3822; x_wconf 90' lang='lat' dir='ltr'>nec</span> <span class='ocrx_word' id='word_1_450' title='bbox 555 3760 703 3823; x_wconf 88' lang='lat' dir='ltr'>umbrosa</span> <span class='ocrx_word' id='word_1_451' title='bbox 744 3762 912 3843; x_wconf 84' lang='lat' dir='ltr'>superciliis</span> <span class='ocrx_word' id='word_1_452' title='bbox 962 3759 1105 3840; x_wconf 80' lang='lat' dir='ltr'>genitalis</span> <span class='ocrx_word' id='word_1_453' title='bbox 1120 3760 1263 3839; x_wconf 84' lang='lat' dir='ltr'>quaedam</span> <span class='ocrx_word' id='word_1_454' title='bbox 1284 3760 1331 3820; x_wconf 86' lang='lat' dir='ltr'>vis</span> <span class='ocrx_word' id='word_1_455' title='bbox 1350 3761 1439 3821; x_wconf 90' lang='lat' dir='ltr'>initio</span> <span class='ocrx_word' id='word_1_456' title='bbox 1456 3761 1538 3838; x_wconf 86' lang='lat' dir='ltr'>jacta</span> <span class='ocrx_word' id='word_1_457' title='bbox 1557 3760 1629 3833; x_wconf 82' lang='lat' dir='ltr'>luit3</span> <span class='ocrx_word' id='word_1_458' title='bbox 1646 3759 1729 3837; x_wconf 80' lang='lat' dir='ltr'>inde,</span> 
     </span>
     <span class='ocr_line' id='line_1_39' title="bbox 147 3850 1731 3933; baseline 0 -21"><span class='ocrx_word' id='word_1_459' title='bbox 147 3853 375 3930; x_wconf 88' lang='lat' dir='ltr'>montium,nec</span> <span class='ocrx_word' id='word_1_460' title='bbox 389 3852 485 3914; x_wconf 88' lang='lat' dir='ltr'>odora</span> <span class='ocrx_word' id='word_1_461' title='bbox 498 3851 638 3926; x_wconf 88' lang='lat' dir='ltr'>floribus,</span> <span class='ocrx_word' id='word_1_462' title='bbox 654 3870 713 3914; x_wconf 87' lang='lat' dir='ltr'>nee</span> <span class='ocrx_word' id='word_1_463' title='bbox 724 3859 814 3933; x_wconf 79' lang='lat' dir='ltr'>grata</span> <span class='ocrx_word' id='word_1_464' title='bbox 824 3855 911 3916; x_wconf 88' lang='lat' dir='ltr'>vine·</span> <span class='ocrx_word' id='word_1_465' title='bbox 960 3851 1043 3931; x_wconf 90' lang='lat' dir='ltr'>qnod</span> <span class='ocrx_word' id='word_1_466' title='bbox 1062 3856 1109 3912; x_wconf 89' lang='lat' dir='ltr'>est</span> <span class='ocrx_word' id='word_1_467' title='bbox 1131 3868 1332 3930; x_wconf 72' lang='lat' dir='ltr'>transequano,</span> <span class='ocrx_word' id='word_1_468' title='bbox 1358 3851 1481 3929; x_wconf 82' lang='lat' dir='ltr'>adjecit,</span> <span class='ocrx_word' id='word_1_469' title='bbox 1504 3870 1569 3913; x_wconf 87' lang='lat' dir='ltr'>uon</span> <span class='ocrx_word' id='word_1_470' title='bbox 1588 3850 1731 3912; x_wconf 89' lang='lat' dir='ltr'>habuisse</span> 
     </span>
     <span class='ocr_line' id='line_1_40' title="bbox 146 3942 1733 4025; baseline 0.001 -24"><span class='ocrx_word' id='word_1_471' title='bbox 146 3942 189 4004; x_wconf 88' lang='lat' dir='ltr'>tis.</span> <span class='ocrx_word' id='word_1_472' title='bbox 204 3966 220 4001; x_wconf 80' lang='lat' dir='ltr'>o</span> <span class='ocrx_word' id='word_1_473' title='bbox 235 3945 430 4025; x_wconf 79' lang='lat' dir='ltr'>Augustinus</span> <span class='ocrx_word' id='word_1_474' title='bbox 442 3943 544 4005; x_wconf 91' lang='lat' dir='ltr'>librol</span> <span class='ocrx_word' id='word_1_475' title='bbox 558 3942 593 4005; x_wconf 82' lang='lat' dir='ltr'>de</span> <span class='ocrx_word' id='word_1_476' title='bbox 608 3942 720 4019; x_wconf 84' lang='lat' dir='ltr'>Genesi,</span> <span class='ocrx_word' id='word_1_477' title='bbox 737 3945 836 4025; x_wconf 90' lang='lat' dir='ltr'>capite</span> <span class='ocrx_word' id='word_1_478' title='bbox 846 3961 911 4007; x_wconf 73' lang='lat' dir='ltr'>tun.</span> <span class='ocrx_word' id='word_1_479' title='bbox 961 3949 1086 4021; x_wconf 88' lang='lat' dir='ltr'>terram,</span> <span class='ocrx_word' id='word_1_480' title='bbox 1103 3942 1216 4003; x_wconf 88' lang='lat' dir='ltr'>coelum</span> <span class='ocrx_word' id='word_1_481' title='bbox 1227 3961 1262 4003; x_wconf 91' lang='lat' dir='ltr'>ac</span> <span class='ocrx_word' id='word_1_482' title='bbox 1275 3943 1394 4022; x_wconf 88' lang='lat' dir='ltr'>reliqua</span> <span class='ocrx_word' id='word_1_483' title='bbox 1404 3948 1548 4021; x_wconf 84' lang='lat' dir='ltr'>qrraetum</span> <span class='ocrx_word' id='word_1_484' title='bbox 1559 3949 1650 4002; x_wconf 88' lang='lat' dir='ltr'>erant</span> <span class='ocrx_word' id='word_1_485' title='bbox 1661 3960 1733 4002; x_wconf 90' lang='lat' dir='ltr'>con—</span> 
     </span>
     <span class='ocr_line' id='line_1_41' title="bbox 150 4033 1733 4117; baseline 0 -24"><span class='ocrx_word' id='word_1_486' title='bbox 150 4034 351 4113; x_wconf 80' lang='lat' dir='ltr'>rlnvisibilis,</span> <span class='ocrx_word' id='word_1_487' title='bbox 377 4035 460 4116; x_wconf 89' lang='lat' dir='ltr'>quod</span> <span class='ocrx_word' id='word_1_488' title='bbox 485 4036 574 4115; x_wconf 88' lang='lat' dir='ltr'>aquis</span> <span class='ocrx_word' id='word_1_489' title='bbox 595 4042 704 4117; x_wconf 88' lang='lat' dir='ltr'>operta</span> <span class='ocrx_word' id='word_1_490' title='bbox 723 4036 822 4098; x_wconf 91' lang='lat' dir='ltr'>videri</span> <span class='ocrx_word' id='word_1_491' title='bbox 844 4055 910 4100; x_wconf 87' lang='lat' dir='ltr'>non</span> <span class='ocrx_word' id='word_1_492' title='bbox 962 4035 1037 4110; x_wconf 82' lang='lat' dir='ltr'>dita,</span> <span class='ocrx_word' id='word_1_493' title='bbox 1054 4033 1217 4114; x_wconf 87' lang='lat' dir='ltr'>qualitates</span> <span class='ocrx_word' id='word_1_494' title='bbox 1231 4053 1313 4108; x_wconf 91' lang='lat' dir='ltr'>suas,</span> <span class='ocrx_word' id='word_1_495' title='bbox 1327 4039 1420 4113; x_wconf 85' lang='lat' dir='ltr'>atque</span> <span class='ocrx_word' id='word_1_496' title='bbox 1434 4033 1733 4094; x_wconf 86' lang='lat' dir='ltr'>idcircosubsensus</span> 
     </span>
     <span class='ocr_line' id='line_1_42' title="bbox 147 4125 1438 4208; baseline -0.004 -17"><span class='ocrx_word' id='word_1_497' title='bbox 147 4133 253 4207; x_wconf 78' lang='lat' dir='ltr'>posset,</span> <span class='ocrx_word' id='word_1_498' title='bbox 282 4127 405 4191; x_wconf 83' lang='lat' dir='ltr'>etiamsi</span> <span class='ocrx_word' id='word_1_499' title='bbox 436 4133 526 4204; x_wconf 85' lang='lat' dir='ltr'>esset,</span> <span class='ocrx_word' id='word_1_500' title='bbox 567 4127 621 4206; x_wconf 88' lang='lat' dir='ltr'>qui</span> <span class='ocrx_word' id='word_1_501' title='bbox 657 4133 762 4208; x_wconf 87' lang='lat' dir='ltr'>posset</span> <span class='ocrx_word' id='word_1_502' title='bbox 794 4127 912 4191; x_wconf 87' lang='lat' dir='ltr'>videre.</span> <span class='ocrx_word' id='word_1_503' title='bbox 962 4127 1071 4189; x_wconf 88' lang='lat' dir='ltr'>cadere</span> <span class='ocrx_word' id='word_1_504' title='bbox 1085 4126 1173 4188; x_wconf 87' lang='lat' dir='ltr'>nullo</span> <span class='ocrx_word' id='word_1_505' title='bbox 1188 4126 1281 4186; x_wconf 88' lang='lat' dir='ltr'>modo</span> <span class='ocrx_word' id='word_1_506' title='bbox 1289 4125 1438 4207; x_wconf 87' lang='lat' dir='ltr'>potuisse.</span> 
     </span>
    </p>
   </div>
   <div class='ocr_carea' id='block_1_4' title="bbox 146 4333 1735 5323">
    <p class='ocr_par' dir='ltr' id='par_1_5' title="bbox 146 4333 1735 4578">
     <span class='ocr_line' id='line_1_43' title="bbox 178 4333 1733 4414; baseline -0.002 -21"><span class='ocrx_word' id='word_1_507' title='bbox 178 4353 198 4393; x_wconf 77' lang='lat' dir='ltr'>a</span> <span class='ocrx_word' id='word_1_508' title='bbox 215 4338 301 4395; x_wconf 72' lang='lat' dir='ltr'>Basa.</span> <span class='ocrx_word' id='word_1_509' title='bbox 316 4338 393 4396; x_wconf 87' lang='lat' dir='ltr'>hom.</span> <span class='ocrx_word' id='word_1_510' title='bbox 409 4353 439 4394; x_wconf 87' lang='lat' dir='ltr'>n.</span> <span class='ocrx_word' id='word_1_511' title='bbox 457 4336 499 4395; x_wconf 82' lang='grc' dir='ltr'>’Ἥ</span> <span class='ocrx_word' id='word_1_512' title='bbox 516 4339 554 4392; x_wconf 72' lang='lat' dir='ltr'>ilar</span> <span class='ocrx_word' id='word_1_513' title='bbox 570 4337 639 4393; x_wconf 84' lang='grc' dir='ltr'>αὐπω</span> <span class='ocrx_word' id='word_1_514' title='bbox 651 4335 681 4406; x_wconf 69' lang='grc' dir='ltr'>ἦν</span> <span class='ocrx_word' id='word_1_515' title='bbox 697 4337 771 4406; x_wconf 80' lang='grc' dir='ltr'>αὐτῆς</span> <span class='ocrx_word' id='word_1_516' title='bbox 785 4336 910 4407; x_wconf 74' lang='grc' dir='ltr'>θθεατής.</span> <span class='ocrx_word' id='word_1_517' title='bbox 961 4356 1037 4410; x_wconf 89' lang='grc' dir='ltr'>μητος</span> <span class='ocrx_word' id='word_1_518' title='bbox 1050 4335 1146 4390; x_wconf 84' lang='grc' dir='ltr'>οὐδέπω</span> <span class='ocrx_word' id='word_1_519' title='bbox 1156 4333 1186 4405; x_wconf 74' lang='grc' dir='ltr'>ἢν</span> <span class='ocrx_word' id='word_1_520' title='bbox 1200 4337 1376 4409; x_wconf 82' lang='grc' dir='ltr'>ραιδρονομένη</span> <span class='ocrx_word' id='word_1_521' title='bbox 1391 4338 1442 4399; x_wconf 74' lang='grc' dir='ltr'>τοῖς</span> <span class='ocrx_word' id='word_1_522' title='bbox 1456 4338 1549 4409; x_wconf 78' lang='grc' dir='ltr'>φυτοῖς·</span> <span class='ocrx_word' id='word_1_523' title='bbox 1566 4337 1662 4394; x_wconf 88' lang='grc' dir='ltr'>οὐδέπω</span> <span class='ocrx_word' id='word_1_524' title='bbox 1675 4360 1733 4414; x_wconf 71' lang='lat' dir='ltr'>nap-</span> 
     </span>
     <span class='ocr_line' id='line_1_44' title="bbox 146 4416 1735 4496; baseline 0.002 -21"><span class='ocrx_word' id='word_1_525' title='bbox 146 4422 211 4489; x_wconf 72' lang='lat' dir='ltr'>tto</span> <span class='ocrx_word' id='word_1_526' title='bbox 227 4422 376 4495; x_wconf 80' lang='grc' dir='ltr'>ὐποδρίιχιος</span> <span class='ocrx_word' id='word_1_527' title='bbox 389 4416 450 4476; x_wconf 86' lang='grc' dir='ltr'>οὐσα</span> <span class='ocrx_word' id='word_1_528' title='bbox 470 4420 497 4475; x_wconf 74' lang='lat' dir='ltr'>ia</span> <span class='ocrx_word' id='word_1_529' title='bbox 516 4425 560 4475; x_wconf 65' lang='grc' dir='ltr'>τοῦ</span> <span class='ocrx_word' id='word_1_530' title='bbox 576 4420 767 4485; x_wconf 71' lang='grc' dir='ltr'>ἐπιπολάζοντος</span> <span class='ocrx_word' id='word_1_531' title='bbox 784 4420 913 4494; x_wconf 73' lang='grc' dir='ltr'>τῇίπιρα-</span> <span class='ocrx_word' id='word_1_532' title='bbox 960 4423 1017 4482; x_wconf 77' lang='grc' dir='ltr'>παῖς</span> <span class='ocrx_word' id='word_1_533' title='bbox 1050 4418 1246 4491; x_wconf 74' lang='grc' dir='ltr'>ἐστεφανωμένη·</span> <span class='ocrx_word' id='word_1_534' title='bbox 1275 4419 1372 4474; x_wconf 89' lang='grc' dir='ltr'>οὐδέπω</span> <span class='ocrx_word' id='word_1_535' title='bbox 1395 4423 1533 4493; x_wconf 80' lang='grc' dir='ltr'>ποταμοῖς,</span> <span class='ocrx_word' id='word_1_536' title='bbox 1575 4424 1615 4475; x_wconf 83' lang='grc' dir='ltr'>καί</span> <span class='ocrx_word' id='word_1_537' title='bbox 1645 4418 1735 4496; x_wconf 74' lang='grc' dir='ltr'>πηγαῖς</span> 
     </span>
     <span class='ocr_line' id='line_1_45' title="bbox 147 4501 1734 4578; baseline 0.002 -21"><span class='ocrx_word' id='word_1_538' title='bbox 147 4505 195 4577; x_wconf 67' lang='lat' dir='ltr'>reip</span> <span class='ocrx_word' id='word_1_539' title='bbox 204 4507 291 4568; x_wconf 73' lang='grc' dir='ltr'>ὕδατος</span> <span class='ocrx_word' id='word_1_540' title='bbox 304 4504 350 4559; x_wconf 83' lang='grc' dir='ltr'>οὐκ</span> <span class='ocrx_word' id='word_1_541' title='bbox 362 4504 470 4573; x_wconf 70' lang='grc' dir='ltr'>ἠδύνατο</span> <span class='ocrx_word' id='word_1_542' title='bbox 482 4503 638 4576; x_wconf 73' lang='grc' dir='ltr'>καθορᾶσθαι.</span> <span class='ocrx_word' id='word_1_543' title='bbox 961 4501 1121 4574; x_wconf 78' lang='grc' dir='ltr'>διεζωσμένη·</span> <span class='ocrx_word' id='word_1_544' title='bbox 1138 4501 1235 4556; x_wconf 85' lang='grc' dir='ltr'>οὐδέπω</span> <span class='ocrx_word' id='word_1_545' title='bbox 1249 4506 1279 4575; x_wconf 80' lang='grc' dir='ltr'>τῇ</span> <span class='ocrx_word' id='word_1_546' title='bbox 1291 4503 1354 4575; x_wconf 77' lang='grc' dir='ltr'>ἄλλῃ</span> <span class='ocrx_word' id='word_1_547' title='bbox 1367 4503 1485 4576; x_wconf 72' lang='grc' dir='ltr'>εὐκοσμίᾳ</span> <span class='ocrx_word' id='word_1_548' title='bbox 1497 4506 1682 4578; x_wconf 75' lang='grc' dir='ltr'>πεποικιλμένη·</span> <span class='ocrx_word' id='word_1_549' title='bbox 1695 4508 1734 4561; x_wconf 78' lang='grc' dir='ltr'>καὶ</span> 
     </span>
    </p>

    <p class='ocr_par' dir='ltr' id='par_1_6' title="bbox 146 4581 1735 4909">
     <span class='ocr_line' id='line_1_46' title="bbox 178 4581 1735 4661; baseline 0 -18"><span class='ocrx_word' id='word_1_550' title='bbox 178 4586 195 4642; x_wconf 86' lang='grc' dir='ltr'>θ</span> <span class='ocrx_word' id='word_1_551' title='bbox 212 4588 299 4644; x_wconf 75' lang='lat' dir='ltr'>Bam.</span> <span class='ocrx_word' id='word_1_552' title='bbox 322 4587 388 4645; x_wconf 80' lang='lat' dir='ltr'>ibid.</span> <span class='ocrx_word' id='word_1_553' title='bbox 407 4586 486 4641; x_wconf 82' lang='grc' dir='ltr'>’Ἔστι</span> <span class='ocrx_word' id='word_1_554' title='bbox 502 4589 545 4661; x_wconf 83' lang='grc' dir='ltr'>μίν</span> <span class='ocrx_word' id='word_1_555' title='bbox 565 4581 607 4641; x_wconf 83' lang='grc' dir='ltr'>οὐν</span> <span class='ocrx_word' id='word_1_556' title='bbox 621 4588 703 4642; x_wconf 85' lang='grc' dir='ltr'>τελεία</span> <span class='ocrx_word' id='word_1_557' title='bbox 717 4585 854 4654; x_wconf 78' lang='grc' dir='ltr'>κατασκευὴ</span> <span class='ocrx_word' id='word_1_558' title='bbox 868 4589 913 4658; x_wconf 80' lang='grc' dir='ltr'>γῆς</span> <span class='ocrx_word' id='word_1_559' title='bbox 960 4583 990 4656; x_wconf 74' lang='grc' dir='ltr'>ἦν</span> <span class='ocrx_word' id='word_1_560' title='bbox 1001 4585 1104 4657; x_wconf 77' lang='grc' dir='ltr'>ἀόρατος</span> <span class='ocrx_word' id='word_1_561' title='bbox 1121 4586 1222 4657; x_wconf 80' lang='grc' dir='ltr'>μηδέπω</span> <span class='ocrx_word' id='word_1_562' title='bbox 1243 4587 1463 4641; x_wconf 78' lang='grc' dir='ltr'>κατασκευασθεῖσα</span> <span class='ocrx_word' id='word_1_563' title='bbox 1477 4588 1537 4661; x_wconf 84' lang='grc' dir='ltr'>πρδς</span> <span class='ocrx_word' id='word_1_564' title='bbox 1551 4584 1735 4659; x_wconf 74' lang='grc' dir='ltr'>ἐπιτηδειότητα</span> 
     </span>
     <span class='ocr_line' id='line_1_47' title="bbox 146 4664 1111 4740; baseline -0.002 -19"><span class='ocrx_word' id='word_1_565' title='bbox 146 4664 221 4732; x_wconf 69' lang='grc' dir='ltr'>δέκ’</span> <span class='ocrx_word' id='word_1_566' title='bbox 240 4667 315 4736; x_wconf 73' lang='grc' dir='ltr'>αὐτῆς</span> <span class='ocrx_word' id='word_1_567' title='bbox 333 4667 445 4736; x_wconf 85' lang='grc' dir='ltr'>εὐθηνία,</span> <span class='ocrx_word' id='word_1_568' title='bbox 469 4672 551 4740; x_wconf 80' lang='grc' dir='ltr'>ρντῶν</span> <span class='ocrx_word' id='word_1_569' title='bbox 571 4670 736 4722; x_wconf 82' lang='grc' dir='ltr'>παντοδαπῶν</span> <span class='ocrx_word' id='word_1_570' title='bbox 758 4668 911 4740; x_wconf 71' lang='grc' dir='ltr'>βλαστήσεις·</span> <span class='ocrx_word' id='word_1_571' title='bbox 961 4664 1006 4723; x_wconf 71' lang='grc' dir='ltr'>τοῦ</span> <span class='ocrx_word' id='word_1_572' title='bbox 1014 4670 1111 4740; x_wconf 76' lang='grc' dir='ltr'>γεννᾶν</span> 
     </span>
     <span class='ocr_line' id='line_1_48' title="bbox 148 4748 1733 4853; baseline 0.004 -50"><span class='ocrx_word' id='word_1_573' title='bbox 148 4750 247 4822; x_wconf 83' lang='grc' dir='ltr'>δένδρων</span> <span class='ocrx_word' id='word_1_574' title='bbox 265 4750 425 4853; x_wconf 66' lang='grc' dir='ltr'>ὐύηλρτέτων</span> <span class='ocrx_word' id='word_1_575' title='bbox 440 4751 561 4823; x_wconf 80' lang='grc' dir='ltr'>προθολαλ</span> <span class='ocrx_word' id='word_1_576' title='bbox 578 4751 707 4823; x_wconf 89' lang='grc' dir='ltr'>καρπίμων</span> <span class='ocrx_word' id='word_1_577' title='bbox 722 4769 763 4814; x_wconf 90' lang='grc' dir='ltr'>τε,</span> <span class='ocrx_word' id='word_1_578' title='bbox 781 4750 823 4803; x_wconf 76' lang='grc' dir='ltr'>καί</span> <span class='ocrx_word' id='word_1_579' title='bbox 841 4748 914 4819; x_wconf 64' lang='lat' dir='ltr'>drudp-</span> <span class='ocrx_word' id='word_1_580' title='bbox 997 4750 1143 4806; x_wconf 71' lang='lat' dir='ltr'>dCAEstu.</span> <span class='ocrx_word' id='word_1_581' title='bbox 1159 4750 1225 4806; x_wconf 84' lang='lat' dir='ltr'>dial.</span> <span class='ocrx_word' id='word_1_582' title='bbox 1238 4751 1260 4822; x_wconf 88' lang='grc'>1,</span> <span class='ocrx_word' id='word_1_583' title='bbox 1274 4750 1371 4808; x_wconf 79' lang='lat' dir='ltr'>interr.</span> <span class='ocrx_word' id='word_1_584' title='bbox 1383 4751 1427 4808; x_wconf 86' lang='lat'>63.</span> <span class='ocrx_word' id='word_1_585' title='bbox 1449 4751 1575 4825; x_wconf 68' lang='grc' dir='ltr'>’δόρατος</span> <span class='ocrx_word' id='word_1_586' title='bbox 1586 4756 1627 4807; x_wconf 79' lang='grc' dir='ltr'>καί</span> <span class='ocrx_word' id='word_1_587' title='bbox 1642 4753 1733 4809; x_wconf 82' lang='grc' dir='ltr'>ἀκατα·</span> 
     </span>
     <span class='ocr_line' id='line_1_49' title="bbox 149 4830 1735 4914; baseline 0.004 -30"><span class='ocrx_word' id='word_1_588' title='bbox 149 4850 206 4884; x_wconf 81' lang='grc' dir='ltr'>πων</span> <span class='ocrx_word' id='word_1_589' title='bbox 221 4832 340 4886; x_wconf 71' lang='grc' dir='ltr'>ἀνθῶν</span> <span class='ocrx_word' id='word_1_590' title='bbox 314 4852 433 4907; x_wconf 55' lang='lat' dir='ltr'>supparet,</span> <span class='ocrx_word' id='word_1_591' title='bbox 446 4852 487 4886; x_wconf 88' lang='grc' dir='ltr'>και</span> <span class='ocrx_word' id='word_1_592' title='bbox 476 4830 609 4887; x_wconf 78' lang='grc' dir='ltr'>εὐωδίαν·</span> <span class='ocrx_word' id='word_1_593' title='bbox 624 4835 665 4887; x_wconf 80' lang='grc' dir='ltr'>καί</span> <span class='ocrx_word' id='word_1_594' title='bbox 683 4835 731 4888; x_wconf 78' lang='grc' dir='ltr'>ὅσα</span> <span class='ocrx_word' id='word_1_595' title='bbox 746 4832 830 4905; x_wconf 88' lang='grc' dir='ltr'>μικρδν</span> <span class='ocrx_word' id='word_1_596' title='bbox 845 4832 914 4885; x_wconf 84' lang='grc' dir='ltr'>θστε-</span> <span class='ocrx_word' id='word_1_597' title='bbox 962 4834 1102 4897; x_wconf 86' lang='grc' dir='ltr'>σκεθαατος,</span> <span class='ocrx_word' id='word_1_598' title='bbox 1117 4832 1145 4885; x_wconf 88' lang='grc' dir='ltr'>οὐ</span> <span class='ocrx_word' id='word_1_599' title='bbox 1167 4838 1197 4907; x_wconf 78' lang='grc' dir='ltr'>τῇ</span> <span class='ocrx_word' id='word_1_600' title='bbox 1218 4835 1296 4905; x_wconf 73' lang='lat' dir='ltr'>picer-</span> <span class='ocrx_word' id='word_1_601' title='bbox 1320 4834 1385 4888; x_wconf 80' lang='grc' dir='ltr'>ἀλλὰ</span> <span class='ocrx_word' id='word_1_602' title='bbox 1405 4841 1436 4908; x_wconf 70' lang='grc' dir='ltr'>τῇ</span> <span class='ocrx_word' id='word_1_603' title='bbox 1455 4837 1624 4909; x_wconf 70' lang='grc' dir='ltr'>διακοσμήσει,</span> <span class='ocrx_word' id='word_1_604' title='bbox 1646 4839 1685 4891; x_wconf 79' lang='grc' dir='ltr'>καί</span> <span class='ocrx_word' id='word_1_605' title='bbox 1704 4844 1735 4914; x_wconf 75' lang='grc' dir='ltr'>τῇ</span> 
     </span>
    </p>

    <p class='ocr_par' dir='ltr' id='par_1_7' title="bbox 151 4910 1734 5323">
     <span class='ocr_line' id='line_1_50' title="bbox 151 4910 1025 4989; baseline 0 -20"><span class='ocrx_word' id='word_1_606' title='bbox 151 4916 506 4988; x_wconf 72' lang='grc' dir='ltr'>μέλλειτωπρσστέηματι</span> <span class='ocrx_word' id='word_1_607' title='bbox 514 4936 559 4970; x_wconf 87' lang='grc' dir='ltr'>τον</span> <span class='ocrx_word' id='word_1_608' title='bbox 542 4910 621 4969; x_wconf 88' lang='grc' dir='ltr'>θεον</span> <span class='ocrx_word' id='word_1_609' title='bbox 634 4913 809 4970; x_wconf 84' lang='grc' dir='ltr'>έπανατείλαν</span> <span class='ocrx_word' id='word_1_610' title='bbox 794 4919 913 4989; x_wconf 74' lang='grc' dir='ltr'>ατῇ”</span> <span class='ocrx_word' id='word_1_611' title='bbox 881 4935 912 4989; x_wconf 83' lang='grc' dir='ltr'>γη</span> <span class='ocrx_word' id='word_1_612' title='bbox 963 4918 1025 4989; x_wconf 72' lang='grc' dir='ltr'>ὄψει.</span> 
     </span>
     <span class='ocr_line' id='line_1_51' title="bbox 151 4993 1732 5076; baseline 0.005 -27"><span class='ocrx_word' id='word_1_613' title='bbox 151 4997 383 5071; x_wconf 69' lang='grc' dir='ltr'>τὴνγενντμομίνην</span> <span class='ocrx_word' id='word_1_614' title='bbox 405 5005 576 5071; x_wconf 83' lang='grc' dir='ltr'>κατακοσμεῖν.</span> <span class='ocrx_word' id='word_1_615' title='bbox 602 4993 637 5050; x_wconf 84' lang='grc' dir='ltr'>ὧν</span> <span class='ocrx_word' id='word_1_616' title='bbox 659 4996 740 5068; x_wconf 62' lang='lat' dir='ltr'>lasabi</span> <span class='ocrx_word' id='word_1_617' title='bbox 762 4997 831 5051; x_wconf 83' lang='grc' dir='ltr'>οὐδέν</span> <span class='ocrx_word' id='word_1_618' title='bbox 845 4998 914 5051; x_wconf 89' lang='grc' dir='ltr'>οὐπω</span> <span class='ocrx_word' id='word_1_619' title='bbox 998 5000 1128 5055; x_wconf 78' lang='lat' dir='ltr'>elnlerr</span> <span class='ocrx_word' id='word_1_620' title='bbox 1143 4998 1187 5055; x_wconf 80' lang='grc' dir='ltr'>θί.</span> <span class='ocrx_word' id='word_1_621' title='bbox 1207 4997 1283 5054; x_wconf 78' lang='grc' dir='ltr'>Οὔπω</span> <span class='ocrx_word' id='word_1_622' title='bbox 1293 5000 1341 5072; x_wconf 85' lang='grc' dir='ltr'>γὰρ</span> <span class='ocrx_word' id='word_1_623' title='bbox 1349 4996 1540 5069; x_wconf 69' lang='grc' dir='ltr'>ἥνδθεατὴς</span> <span class='ocrx_word' id='word_1_624' title='bbox 1515 5022 1587 5070; x_wconf 86' lang='grc' dir='ltr'>αντης</span> <span class='ocrx_word' id='word_1_625' title='bbox 1597 5003 1677 5076; x_wconf 74' lang='grc' dir='ltr'>ἅνθρ</span> <span class='ocrx_word' id='word_1_626' title='bbox 1656 5024 1732 5067; x_wconf 86' lang='grc' dir='ltr'>ωπος.</span> 
     </span>
     <span class='ocr_line' id='line_1_52' title="bbox 151 5075 1734 5160; baseline 0.006 -30"><span class='ocrx_word' id='word_1_627' title='bbox 151 5075 188 5146; x_wconf 62' lang='lat' dir='ltr'>lo,</span> <span class='ocrx_word' id='word_1_628' title='bbox 201 5079 411 5136; x_wconf 53' lang='lat' dir='ltr'>&amp;mmmmm</span> <span class='ocrx_word' id='word_1_629' title='bbox 420 5079 495 5149; x_wconf 79' lang='grc' dir='ltr'>αὐτὴν</span> <span class='ocrx_word' id='word_1_630' title='bbox 511 5081 613 5154; x_wconf 80' lang='grc' dir='ltr'>θλθγος</span> <span class='ocrx_word' id='word_1_631' title='bbox 623 5080 720 5144; x_wconf 83' lang='grc' dir='ltr'>είκθτως</span> <span class='ocrx_word' id='word_1_632' title='bbox 730 5080 854 5153; x_wconf 79' lang='grc' dir='ltr'>ὠνόμασε.</span> <span class='ocrx_word' id='word_1_633' title='bbox 999 5080 1019 5156; x_wconf 79' lang='lat' dir='ltr'><strong><em>f</em></strong></span> <span class='ocrx_word' id='word_1_634' title='bbox 1033 5081 1143 5137; x_wconf 79' lang='lat' dir='ltr'>Putuor.</span> <span class='ocrx_word' id='word_1_635' title='bbox 1158 5081 1208 5138; x_wconf 86' lang='lat' dir='ltr'>lib.</span> <span class='ocrx_word' id='word_1_636' title='bbox 1225 5083 1259 5153; x_wconf 84' lang='lat' dir='ltr'>ll,</span> <span class='ocrx_word' id='word_1_637' title='bbox 1277 5099 1337 5153; x_wconf 80' lang='lat' dir='ltr'>cap.</span> <span class='ocrx_word' id='word_1_638' title='bbox 1352 5098 1372 5137; x_wconf 87' lang='grc' dir='ltr'>ιι</span> <span class='ocrx_word' id='word_1_639' title='bbox 1386 5083 1424 5139; x_wconf 81' lang='lat' dir='ltr'>de</span> <span class='ocrx_word' id='word_1_640' title='bbox 1441 5084 1526 5160; x_wconf 78' lang='lat' dir='ltr'>Opis.</span> <span class='ocrx_word' id='word_1_641' title='bbox 1539 5086 1584 5138; x_wconf 83' lang='grc' dir='ltr'>Διὰ</span> <span class='ocrx_word' id='word_1_642' title='bbox 1600 5087 1630 5140; x_wconf 83' lang='grc' dir='ltr'>ιδ</span> <span class='ocrx_word' id='word_1_643' title='bbox 1643 5104 1734 5140; x_wconf 85' lang='grc' dir='ltr'>παντα-</span> 
     </span>
     <span class='ocr_line' id='line_1_53' title="bbox 184 5161 1734 5243; baseline 0.003 -26"><span class='ocrx_word' id='word_1_644' title='bbox 184 5163 312 5219; x_wconf 75' lang='lat' dir='ltr'>osum.</span> <span class='ocrx_word' id='word_1_645' title='bbox 332 5162 408 5219; x_wconf 84' lang='lat' dir='ltr'>hom.</span> <span class='ocrx_word' id='word_1_646' title='bbox 425 5166 482 5218; x_wconf 79' lang='lat' dir='ltr'>rto</span> <span class='ocrx_word' id='word_1_647' title='bbox 497 5168 636 5220; x_wconf 62' lang='lat' dir='ltr'>Hwaem.</span> <span class='ocrx_word' id='word_1_648' title='bbox 663 5161 778 5236; x_wconf 76' lang='grc' dir='ltr'>Ἀθρατος</span> <span class='ocrx_word' id='word_1_649' title='bbox 798 5163 824 5217; x_wconf 78' lang='grc' dir='ltr'>δέ</span> <span class='ocrx_word' id='word_1_650' title='bbox 845 5165 914 5236; x_wconf 78' lang='grc' dir='ltr'>λέγι-</span> <span class='ocrx_word' id='word_1_651' title='bbox 962 5166 1034 5238; x_wconf 84' lang='grc' dir='ltr'>χθθεν</span> <span class='ocrx_word' id='word_1_652' title='bbox 1048 5166 1096 5220; x_wconf 85' lang='grc' dir='ltr'>ὐπὸ</span> <span class='ocrx_word' id='word_1_653' title='bbox 1109 5172 1160 5220; x_wconf 76' lang='grc' dir='ltr'>τῶν</span> <span class='ocrx_word' id='word_1_654' title='bbox 1173 5166 1267 5220; x_wconf 82' lang='grc' dir='ltr'>ὐδιέτων</span> <span class='ocrx_word' id='word_1_655' title='bbox 1280 5166 1451 5229; x_wconf 68' lang='grc' dir='ltr'>καλύπτεσθαι,</span> <span class='ocrx_word' id='word_1_656' title='bbox 1467 5167 1534 5222; x_wconf 87' lang='grc' dir='ltr'>οὐπω</span> <span class='ocrx_word' id='word_1_657' title='bbox 1548 5170 1651 5241; x_wconf 80' lang='grc' dir='ltr'>δοχείων</span> <span class='ocrx_word' id='word_1_658' title='bbox 1666 5168 1734 5243; x_wconf 79' lang='grc' dir='ltr'>ένγῇ</span> 
     </span>
     <span class='ocr_line' id='line_1_54' title="bbox 154 5244 1474 5323; baseline 0.005 -26"><span class='ocrx_word' id='word_1_659' title='bbox 154 5262 199 5309; x_wconf 82' lang='grc' dir='ltr'>ται,</span> <span class='ocrx_word' id='word_1_660' title='bbox 215 5244 271 5319; x_wconf 69' lang='grc' dir='ltr'>οὐχ’</span> <span class='ocrx_word' id='word_1_661' title='bbox 283 5248 321 5302; x_wconf 79' lang='grc' dir='ltr'>δτι</span> <span class='ocrx_word' id='word_1_662' title='bbox 341 5246 388 5301; x_wconf 91' lang='grc' dir='ltr'>οὐκ</span> <span class='ocrx_word' id='word_1_663' title='bbox 407 5244 529 5318; x_wconf 85' lang='grc' dir='ltr'>έραίνετο·</span> <span class='ocrx_word' id='word_1_664' title='bbox 544 5246 601 5301; x_wconf 80' lang='grc' dir='ltr'>ἀλλ’</span> <span class='ocrx_word' id='word_1_665' title='bbox 615 5246 649 5310; x_wconf 78' lang='grc' dir='ltr'>ὡς</span> <span class='ocrx_word' id='word_1_666' title='bbox 662 5246 691 5298; x_wconf 75' lang='grc' dir='ltr'>έν</span> <span class='ocrx_word' id='word_1_667' title='bbox 710 5244 775 5301; x_wconf 72' lang='lat' dir='ltr'>sinor</span> <span class='ocrx_word' id='word_1_668' title='bbox 797 5265 833 5308; x_wconf 86' lang='grc' dir='ltr'>τις</span> <span class='ocrx_word' id='word_1_669' title='bbox 846 5246 916 5301; x_wconf 72' lang='lat' dir='ltr'>dato·</span> <span class='ocrx_word' id='word_1_670' title='bbox 962 5251 1112 5323; x_wconf 77' lang='grc' dir='ltr'>γενομένων,</span> <span class='ocrx_word' id='word_1_671' title='bbox 1128 5248 1161 5312; x_wconf 88' lang='grc' dir='ltr'>είς</span> <span class='ocrx_word' id='word_1_672' title='bbox 1173 5250 1227 5303; x_wconf 63' lang='lat' dir='ltr'>tet</span> <span class='ocrx_word' id='word_1_673' title='bbox 1237 5249 1303 5322; x_wconf 87' lang='grc' dir='ltr'>θδωρ</span> <span class='ocrx_word' id='word_1_674' title='bbox 1316 5247 1354 5317; x_wconf 73' lang='grc' dir='ltr'>εἴη</span> <span class='ocrx_word' id='word_1_675' title='bbox 1368 5249 1474 5321; x_wconf 77' lang='grc' dir='ltr'>συρρεῖν.</span> 
     </span>
    </p>
   </div>
   <div class='ocr_carea' id='block_1_5' title="bbox 179 5424 1705 5487">
    <p class='ocr_par' dir='ltr' id='par_1_8' title="bbox 179 5424 1705 5487">
     <span class='ocr_line' id='line_1_55' title="bbox 179 5424 1705 5487; baseline 0.006 -19"><span class='ocrx_word' id='word_1_676' title='bbox 179 5424 190 5468; x_wconf 92' lang='grc' dir='ltr'>Ι</span> <span class='ocrx_word' id='word_1_677' title='bbox 203 5424 279 5472; x_wconf 67' lang='lat' dir='ltr'>ambr.</span> <span class='ocrx_word' id='word_1_678' title='bbox 290 5427 360 5475; x_wconf 75' lang='grc' dir='ltr'>ιΙΙσσ.</span> <span class='ocrx_word' id='word_1_679' title='bbox 372 5436 423 5481; x_wconf 77' lang='grc' dir='ltr'>στρ.</span> <span class='ocrx_word' id='word_1_680' title='bbox 431 5425 522 5474; x_wconf 67' lang='grc' dir='ltr'>ιιι-Ι</span> <span class='ocrx_word' id='word_1_681' title='bbox 532 5426 584 5482; x_wconf 79' lang='lat' dir='ltr'>(lup.</span> <span class='ocrx_word' id='word_1_682' title='bbox 597 5426 696 5471; x_wconf 76' lang='grc' dir='ltr'>πει-θ</span> <span class='ocrx_word' id='word_1_683' title='bbox 706 5425 772 5482; x_wconf 79' lang='lat' dir='ltr'>oper.</span> <span class='ocrx_word' id='word_1_684' title='bbox 782 5425 886 5482; x_wconf 73' lang='lat' dir='ltr'>chrys·</span> <span class='ocrx_word' id='word_1_685' title='bbox 895 5427 973 5473; x_wconf 68' lang='lat' dir='ltr'>tillia.</span> <span class='ocrx_word' id='word_1_686' title='bbox 985 5428 1025 5474; x_wconf 84' lang='lat' dir='ltr'>tto.</span> <span class='ocrx_word' id='word_1_687' title='bbox 1035 5428 1075 5482; x_wconf 91' lang='grc' dir='ltr'>ΙΙΙ,</span> <span class='ocrx_word' id='word_1_688' title='bbox 1085 5441 1134 5485; x_wconf 84' lang='lat' dir='ltr'>cap.</span> <span class='ocrx_word' id='word_1_689' title='bbox 1146 5440 1220 5473; x_wconf 74' lang='lat' dir='ltr'>xre·</span> <span class='ocrx_word' id='word_1_690' title='bbox 1231 5429 1322 5474; x_wconf 70' lang='lat' dir='ltr'>taoliu.</span> <span class='ocrx_word' id='word_1_691' title='bbox 1334 5440 1353 5473; x_wconf 90' lang='lat' dir='ltr'>c.</span> <span class='ocrx_word' id='word_1_692' title='bbox 1364 5427 1466 5471; x_wconf 78' lang='lat' dir='ltr'>rin-lt</span> <span class='ocrx_word' id='word_1_693' title='bbox 1480 5426 1537 5473; x_wconf 82' lang='lat' dir='ltr'>ritu.</span> <span class='ocrx_word' id='word_1_694' title='bbox 1549 5427 1566 5472; x_wconf 94' lang='grc' dir='ltr'>Ι.</span> <span class='ocrx_word' id='word_1_695' title='bbox 1576 5428 1613 5480; x_wconf 81' lang='lat' dir='ltr'>vt,</span> <span class='ocrx_word' id='word_1_696' title='bbox 1624 5441 1660 5487; x_wconf 90' lang='lat' dir='ltr'>op.</span> <span class='ocrx_word' id='word_1_697' title='bbox 1670 5434 1705 5478; x_wconf 82' lang='grc' dir='ltr'>ΙΙΙ.</span> 
     </span>
    </p>
   </div>
   <div class='ocr_carea' id='block_1_6' title="bbox 0 0 1997 6176">
    <p class='ocr_par' dir='ltr' id='par_1_9' title="bbox 0 0 1997 6176">
     <span class='ocr_line' id='line_1_56' title="bbox 0 0 1997 6176; baseline 0 0"><span class='ocrx_word' id='word_1_698' title='bbox 0 0 1997 6176; x_wconf 95' lang='lat' dir='ltr'> </span> 
     </span>
    </p>
   </div>
  </div>
 </body>
</html>
