3948 6172
433 345 483 407 un
502 344 671 408 ormoro
693 344 767 407 sex
788 346 949 424 amaon
975 349 1050 412 ua.
1068 350 1107 428 v,
1129 318 1212 414 aar.
1237 353 1294 414 111.
1387 386 1404 419 ι
1540 351 1655 417 us

79 505 203 569 murder
218 505 249 567 ¹:
265 515 297 570 et
309 510 391 571 inter
404 510 576 573 haacverba
589 512 683 589 dieat,
698 530 763 573 non
777 512 840 574 scio
889 515 1059 595 Etenim2si
1066 519 1215 580 naturalis
1222 519 1290 600 ipsa
1299 517 1458 598 loquendi,
1469 521 1524 578 aut
1530 502 1655 578 volendi

80 616 170 660 eum:
195 600 357 679 quiscum
380 602 472 680 dieat,
493 606 616 666 easdem
645 611 708 666 tres
732 605 841 685 nequi-
888 608 1027 687 potentia
1039 609 1243 688 intelligatur,
1263 611 1326 671 sire
1344 610 1445 689 reipsa
1461 608 1566 672 velim.
1590 608 1654 667 sive

80 690 299 772 risseproierre
317 695 477 773 dictiones,
502 698 566 758 sive
589 696 658 758 aliis
675 696 788 773 verbis,
803 703 839 758 ut
887 700 998 776 nolim,
1021 701 1225 763 nihilominus
1250 720 1376 782 possum
1399 701 1496 781 loqui,
1516 719 1552 761 ac
1573 700 1654 762 bene

80 782 118 845 sic
128 783 250 860 diceret,
265 804 331 848 non
346 787 408 848 seio
422 789 519 849 eum?
533 789 656 863 Quodsi
669 789 839 865 faceret,ut
887 791 1004 867 vivere3
1021 794 1175 854 antecedit
1193 795 1278 854 enim
1300 793 1406 854 innata
1422 794 1469 853 vis
1481 797 1513 852 et
1525 791 1654 854 facultas

80 877 137 955 ipse
148 876 287 952 ait,esset
297 881 443 957 mendax,
457 882 541 961 quod
554 887 600 942 est
613 899 677 942 esse
697 885 836 960 peccato·
885 885 1052 946 voluntatis
1077 904 1169 947 usum
1192 893 1223 946 et
1243 887 1405 953 actionem,
1423 902 1488 944 non
1501 884 1649 962 sequitur.

79 986 149 1030 ram.
183 969 283 1043 Quare
316 974 463 1052 quoniam
491 973 551 1034 hoc
578 974 690 1053 potuit,
712 991 837 1053 peceare
886 977 1112 1056 Itaqueialsum
1124 977 1335 1057 est,loquendi
1345 980 1527 1056 potestatem
1536 975 1651 1038 habere

13 1088 44 1135 g,
80 1060 208 1140 potnit.»
238 1064 319 1125 llinc
343 1065 506 1127 Anselmus
527 1064 662 1126 occurrit
679 1065 740 1125 ita:
765 1085 781 1123 u
799 1066 837 1125 Et
885 1086 946 1138 me,
962 1070 1102 1139 sivelim,
1125 1070 1212 1149 quasi
1232 1070 1297 1130 sola
1317 1069 1476 1129 voluntate
1497 1085 1568 1128 mea
1584 1066 1649 1142 fiat,

13 1145 61 1242 ξιξ
79 1151 130 1213 hoe
148 1153 249 1216 dicere
270 1157 382 1236 potuit,
402 1163 434 1218 et
459 1174 585 1237 peccare
607 1175 672 1219 non
684 1157 802 1238 potuit;
816 1179 831 1216 ι)
885 1166 921 1222 ut
934 1162 1019 1241 loqui
1035 1163 1159 1240 possim,
1175 1181 1210 1223 ac
1225 1162 1285 1223 nisi
1296 1162 1401 1236 velim,
1415 1160 1475 1220 hoe
1488 1166 1534 1220 est
1547 1158 1572 1219 si
1586 1159 1650 1219 sola

13 1251 39 1295 *1-
79 1244 152 1323 quod
165 1246 208 1325 sic
219 1247 364 1328 deinceps
373 1248 523 1329 explieat:
542 1249 676 1310 «Omnis
688 1254 833 1329 potestas,
883 1253 1053 1315 voluntatis
1075 1255 1195 1316 actione
1222 1254 1332 1331 nolim,
1348 1257 1496 1332 potestate
1523 1250 1576 1310 illa
1602 1268 1650 1311 ca·

79 1337 180 1416 inquit,
195 1340 336 1419 sequitur
349 1341 643 1402 voluntatemcum
654 1343 739 1403 enim
751 1342 832 1418 dieo,
883 1362 980 1406 ream.
994 1348 1127 1407 Prorsus
1138 1347 1243 1425 igitur,
1260 1363 1332 1406 eum
1346 1345 1413 1405 dieo
1427 1361 1543 1423 possm
1558 1341 1646 1422 loqui,

79 1430 142 1508 quia
162 1448 289 1508 possum
312 1431 411 1511 loqui,
434 1434 484 1494 vel
503 1432 674 1507 ambulare,
690 1434 834 1495 subaudi·
881 1438 994 1511 sioole,
1014 1456 1123 1500 sensus
1143 1440 1201 1499 iste
1223 1439 1298 1499 dicti
1314 1442 1359 1498 est
1380 1435 1499 1517 loquor,
1523 1434 1551 1494 si
1571 1433 1646 1510 uolo,

79 1526 131 1597 tur,
144 1522 264 1584 rivolo.
282 1523 317 1585 Si
336 1524 421 1586 enim
434 1544 499 1586 non
521 1524 763 1605 subintelligitur
780 1546 832 1588 vo
881 1528 1020 1610 adeoque
1033 1550 1093 1592 uon
1103 1530 1217 1611 loquor,
1234 1530 1262 1589 si
1273 1528 1347 1589 aodr.
1371 1530 1425 1588 Est
1444 1526 1528 1587 enim
1542 1526 1647 1586 condi-

78 1612 177 1686 luntas,
191 1633 258 1676 non
272 1623 318 1676 est
326 1618 471 1696 potestas,
486 1616 540 1678 sed
553 1618 727 1679 necessitas.
738 1619 829 1694 Nam,
880 1622 999 1683 tionata
1016 1624 1085 1699 ista,
1109 1624 1137 1683 si
1156 1621 1233 1695 eolo,
1256 1621 1289 1681 in
1312 1619 1449 1699 ancipiti,
1479 1623 1510 1678 et
1529 1618 1648 1677 incerto

79 1722 139 1765 cum
151 1706 229 1782 dieo,
250 1707 306 1795 qui
327 1709 437 1770 nolens
454 1726 580 1788 possum
597 1709 689 1781 trahi,
705 1715 736 1769 et
748 1709 832 1771 vinei
879 1713 991 1792 positi,
1034 1714 1121 1775 velut
1151 1731 1298 1792 suspensa
1337 1713 1419 1771 inter
1456 1715 1645 1788 utrumque,

78 1814 133 1857 non
155 1803 198 1858 est
215 1817 275 1859 nee
292 1816 364 1861 mea
378 1805 520 1880 potestas,
541 1801 594 1862 sed
612 1800 786 1874 necessitas,
801 1807 832 1864 et
878 1804 967 1880 velle,
991 1824 1027 1866 ae
1060 1805 1155 1880 nolle,
1191 1822 1267 1879 esse,
1303 1809 1334 1863 et
1367 1820 1431 1861 non
1465 1817 1541 1861 esse.
1557 1801 1646 1861 Unde

78 1893 194 1968 potestas
206 1892 347 1953 alterius.
368 1894 487 1972 Quippe
504 1912 569 1955 non
585 1898 631 1954 est
643 1893 739 1970 alirrd,
759 1912 831 1972 pos-
877 1914 942 1956 non
951 1903 1052 1977 potest
1065 1897 1096 1958 id
1115 1897 1154 1958 de
1168 1914 1204 1956 eo
1218 1896 1287 1969 dici,
1314 1894 1397 1973 qarod
1411 1891 1580 1954 necessario
1595 1892 1646 1952 de

78 1983 230 2059 semaam,
245 1983 399 2063 velvinei,
418 2003 513 2063 quam
532 1986 610 2046 alius
625 2003 676 2046 ma
693 1985 827 2063 trahere,
876 1987 1000 2049 finitum
1027 1988 1329 2064 determinatumque
1361 1990 1417 2058 est,
1452 1989 1488 2044 ut
1518 1984 1643 2043 nonnisi

77 2072 117 2133 rel
133 2075 254 2137 vincere
267 2081 379 2155 potest.
403 2078 583 2151 Possumus,
599 2076 704 2157 itaque
728 2077 829 2139 dicere
877 2098 978 2141 unum
989 2081 1148 2160 integrum
1162 2081 1201 2141 sit
1218 2077 1372 2158 amplecti.
1395 2076 1468 2149 Quis
1490 2073 1585 2147 enim,
1601 2072 1644 2135 sie

78 2163 247 2244 deChristo,
262 2169 337 2248 qnia
350 2169 450 2249 potuit
465 2168 601 2245 mentiri,
616 2168 641 2229 si
662 2168 827 2230 subaudia—
876 2171 1036 2251 loquitur:
1063 2174 1196 2233 Possum
1216 2188 1282 2232 non
1300 2172 1449 2249 perpetuo
1472 2166 1587 2241 vivere,
1617 2167 1642 2226 si

77 2262 127 2333 tor,
140 2259 287 2335 sivellet3
303 2268 335 2322 et
347 2261 495 2341 quoniam
513 2261 637 2323 mentiri
650 2278 715 2322 non
729 2263 829 2342 potuit
875 2265 963 2340 volo;
990 2264 1050 2341 vel,
1072 2264 1199 2326 Possum
1220 2279 1292 2323 eum
1316 2259 1433 2321 caeteris
1461 2257 1641 2318 hominibus

77 2348 178 2427 nouus,
192 2370 253 2413 nec
272 2352 373 2433 potuit
389 2353 469 2415 velle
488 2353 625 2427 mentiri,
647 2370 705 2414 neo
725 2354 828 2415 minus
875 2374 1047 2435 resurgere,
1068 2357 1094 2416 si
1113 2354 1213 2415 volo?
1234 2354 1331 2413 Nemo
1354 2350 1393 2411 de
1411 2350 1449 2410 iis
1471 2348 1554 2421 dicit,
1570 2366 1640 2427 qua

77 2440 125 2503 dici
135 2447 232 2521 potest
242 2444 415 2523 nequivisse
428 2445 565 2507 mentiri.
582 2444 633 2506 Sic
650 2443 755 2524 itaque
767 2464 826 2525 po·
874 2466 939 2509 non
953 2454 1026 2509 sunt
1037 2446 1166 2521 arbitrii,
1188 2465 1222 2506 ac
1240 2442 1397 2523 potestatis
1410 2445 1523 2501 nostras
1536 2440 1590 2515 ita,
1606 2447 1641 2499 ut

78 2533 134 2609 ²⁰11,
147 2540 249 2597 tillon
260 2537 364 2616 potuit
372 2537 508 2598 mentiri.
529 2558 541 2594 ι
875 2538 987 2618 eligere
1011 2539 1079 2611 ista,
1102 2538 1151 2598 vel
1173 2555 1238 2597 non
1257 2534 1369 2613 eligere
1390 2531 1552 2612 possimus.
1579 2530 1639 2591 Sed

110 2626 145 2687 ll.
171 2628 273 2707 Hujus
299 2629 507 2708 responsionis
539 2627 679 2690 Anselmi
705 2646 828 2690 summa
874 2636 1007 2710 potestas
1028 2628 1209 2708 hujusmodi
1229 2633 1275 2689 est
1296 2633 1404 2700 ἐξουσία,
1420 2624 1470 2684 vel
1497 2630 1639 2693 αὐτεξουσῑα
1662 2656 1761 2699 pm,
1774 2659 1813 2703 „,

77 2714 131 2778 iac
151 2728 217 2782 est:
241 2720 398 2781 Christum
420 2719 569 2789 absolute,
591 2738 628 2781 ac
649 2719 827 2799 simpliciter
873 2720 937 2799 illa,
953 2706 992 2784 de
1005 2739 1067 2801 qua
1080 2719 1230 2800 superiori
1242 2716 1439 2796 libro,capite
1450 2730 1493 2776 x11
1507 2715 1637 2793 egimus,
1674 2710 1800 2809 amisii.

77 2811 181 2871 mentiri
201 2830 268 2873 non
293 2811 439 2892 potuisse,
459 2811 533 2891 quia
552 2829 618 2872 non
635 2812 826 2889 potuitvelle
873 2831 944 2893 quae
956 2832 995 2875 ex
1008 2830 1073 2874 sese
1086 2818 1186 2892 potest
1198 2812 1268 2883 hoe,
1293 2808 1342 2871 vel
1362 2808 1428 2887 ejus
1449 2806 1639 2866 eontrarium

76 2904 193 2965 mentiri.
220 2904 291 2964 Non
311 2909 358 2965 ert
378 2909 483 2964 autem
501 2903 674 2965 mentiendi
692 2910 826 2982 potestas
873 2911 998 2985 optare;
1013 2922 1116 2983 agere,
1130 2904 1180 2964 vel
1193 2920 1258 2964 non
1272 2918 1373 2980 agere.

77 2990 130 3053 sine
147 2995 326 3069 voluntate3
354 2995 428 3074 quia
450 2994 555 3055 nullus
577 2994 737 3066 mentitur,
766 2995 850 3056 nisi,
914 2997 969 3056 lll.
987 2998 1054 3071 Quo
1074 3013 1167 3055 sensu
1189 3010 1294 3069 nemo,
1313 2989 1374 3052 nisi
1388 2990 1484 3069 impie
1497 2989 1636 3050 diceret:

76 3083 145 3147 salit.
160 3087 199 3148 Ut
212 3091 330 3162 autem,
351 3087 413 3147 nisi
432 3086 517 3163 velit,
541 3103 635 3147 nemo
658 3087 807 3147 mentitur
814 3107 823 3162 ;
873 3092 974 3167 potest
1005 3088 1146 3148 Christus
1170 3102 1308 3166 peceare,
1335 3083 1361 3143 si
1388 3082 1470 3157 vult3
1495 3081 1528 3142 id
1553 3082 1638 3143 enim

77 3174 285 3258 itanecpotcst
297 3178 436 3254 mentiri,
460 3178 522 3238 nisi
535 3177 630 3256 possit
641 3177 720 3238 velle
733 3195 825 3238 men·
874 3185 963 3254 esset,
987 3185 1186 3259 peccaturum
1216 3193 1300 3251 eum,
1336 3174 1362 3235 si
1388 3173 1472 3247 velit,
1499 3191 1535 3234 eo
1555 3174 1639 3252 quod

76 3266 126 3328 tin'.
139 3269 245 3345 Quare,
261 3286 337 3332 eum
354 3269 492 3330 Christus
514 3287 579 3329 non
599 3268 736 3347 potuerit
748 3268 826 3329 velle
873 3276 1041 3351 utrumque
1061 3271 1142 3331 uelle
1160 3272 1271 3349 potest.
1294 3265 1390 3326 Aliud
1407 3265 1503 3340 enim,
1524 3265 1552 3325 a·
1561 3265 1637 3342 cult,

76 3361 192 3436 mentiri,
215 3360 345 3423 mentiri
364 3379 429 3422 non
452 3359 564 3439 potuit.
589 3360 696 3420 Potest
721 3365 827 3422 tamen
875 3361 971 3440 aliud,
986 3362 1014 3423 ci
1029 3361 1127 3438 vellet,
1144 3360 1292 3440 quodem
1308 3357 1334 3418 si
1346 3356 1421 3418 velle
1432 3356 1640 3437 posset;quod

78 3450 827 3534 eumhachypothesiquodammododicipotuisse
874 3455 1004 3514 omnino
1027 3454 1167 3515 Christus
1189 3468 1253 3512 non
1281 3454 1391 3530 potest,
1417 3466 1475 3509 nec
1501 3465 1641 3526 unquam

78 3543 193 3619 mandri,
206 3544 282 3604 ntsi
296 3544 459 3605 enuntiem
475 3543 518 3604 sic
534 3562 541 3604 :
555 3541 594 3604 Si
608 3541 696 3603 uellet
718 3542 825 3605 Cleric-
874 3546 986 3625 potuit,
1011 3564 1076 3606 non
1098 3544 1192 3605 modo
1216 3559 1352 3622 peecare,
1378 3540 1546 3618 sedneque
1563 3539 1642 3600 velle

79 3636 125 3705 tus,
135 3636 269 3714 potasset
292 3635 420 3696 mentiri.
444 3634 504 3696 Sed
526 3635 594 3695 haec
612 3634 827 3696 conditionalis
874 3655 1013 3719 peceare.
1026 3638 1077 3713 At,
1092 3653 1165 3714 cum
1179 3635 1217 3695 de
1231 3632 1323 3695 nobis
1343 3632 1455 3693 dieitur
1471 3632 1506 3692 in
1519 3630 1641 3693 mortali

80 3740 137 3786 eum
153 3726 190 3788 sit
212 3727 259 3787 rei
281 3726 490 3806 impossibilis,
521 3745 585 3787 non
606 3731 707 3805 potest
729 3746 767 3788 ex
790 3746 827 3788 ea
875 3729 979 3790 adhue
988 3730 1051 3789 vita
1064 3726 1275 3802 manentibus,
1291 3745 1303 3782 ι
1319 3725 1422 3785 Potest
1433 3723 1490 3783 iste
1503 3741 1638 3802 peceare,

80 3815 203 3879 absolata
213 3818 388 3880 enuntiatio
402 3817 503 3897 colligi
520 3838 528 3879 :
549 3815 682 3880 Christus
709 3819 831 3880 mentiri
876 3822 902 3881 si
916 3821 993 3896 vult,
1013 3841 1025 3878 ι
1043 3838 1148 3894 nemo,
1172 3818 1226 3897 qui
1248 3817 1386 3877 humano
1406 3832 1493 3875 more
1506 3815 1597 3892 sapit,
1611 3819 1642 3874 et

78 3908 169 3985 potuit.
184 3911 451 3985 Quemadmodum
470 3909 581 3989 siquis
601 3909 644 3970 ita
663 3915 823 3972 necteret:
876 3913 1024 3992 loquitur,
1040 3913 1129 3974 aliter
1139 3911 1199 3971 hoc
1210 3908 1330 3988 accipit,
1356 3904 1415 3966 nisi
1430 3922 1640 3984 unumquem-

80 3995 105 4057 Si
114 4000 189 4061 Deus
201 4007 280 4063 esset
294 4006 426 4078 creatum,
441 4018 566 4081 peecare
579 4007 693 4079 posset,
713 4020 778 4062 non
791 4002 827 4063 fit
879 4023 939 4084 que
963 4022 1051 4083 posse
1076 4003 1146 4063 ideo
1164 4016 1300 4081 peecare,
1330 3997 1403 4076 quia
1435 4000 1536 4075 potest
1562 3996 1641 4058 velle

80 4104 110 4148 er
132 4109 165 4153 eo
189 4110 401 4173 consequens,
431 4110 520 4173 posse
552 4093 652 4154 neum
689 4112 824 4172 peecare.
877 4113 1023 4176 pecea1e3
1039 4094 1104 4173 qui,
1123 4092 1185 4153 nisi
1206 4090 1410 4169 vallepossit,
1426 4086 1564 4148 absolute
1576 4106 1641 4148 non

81 4179 670 4261 ltmiiestumestautem,Anselmumde
682 4191 826 4265 capotes-
877 4192 977 4267 potest
989 4202 1126 4265 peceare.
1142 4183 1280 4261 lienique
1297 4180 1365 4260 pari
1385 4178 1511 4240 modulo
1533 4196 1640 4258 proce-

80 4276 129 4335 tate
143 4276 234 4355 loqui,
258 4294 355 4356 quam
375 4282 483 4345 ἐξουσιαι
507 4276 611 4337 Graeci
626 4282 748 4344 vocant.
765 4283 828 4338 eta
877 4279 957 4339 dunt
969 4277 1002 4337 in
1016 4277 1081 4337 istis
1091 4280 1235 4355 potestas,
1258 4277 1289 4333 et
1308 4270 1405 4332 libem
1424 4270 1579 4348 voluntas,
1593 4277 1639 4348 ut,

81 4380 131 4441 qua
142 4373 289 4439 ὠτεξούσιος
301 4367 397 4428 homo
411 4367 532 4442 dieitur,
549 4385 620 4446 qua
632 4386 671 4428 cx
688 4386 721 4430 se
734 4369 827 4430 mini-
878 4375 1030 4450 quatenus
1047 4368 1178 4448 queisque
1195 4365 1273 4426 velle
1285 4369 1402 4443 potest,
1425 4362 1510 4441 quod
1528 4363 1563 4423 in
1576 4364 1643 4443 ejus

81 4471 121 4516 me
132 4457 328 4520 determinata
337 4459 495 4535 est,sedin
509 4460 661 4520 utrumvis
672 4479 728 4539 pro
742 4461 828 4521 arbi·
877 4462 1006 4523 arbitrio
1030 4461 1125 4521 situm
1143 4463 1200 4534 est,
1222 4474 1259 4517 eo
1272 4456 1340 4535 ipso
1358 4472 1446 4534 posse
1467 4455 1597 4533 dicatur,
1613 4464 1644 4518 et

81 4545 330 4632 uioierripotest.
342 4550 414 4612 Sola
427 4551 657 4629 enim,quaeest
665 4552 827 4630 ejusmodi,
877 4554 987 4615 faeere.
1012 4553 1118 4630 ltaque
1132 4557 1197 4611 tam
1220 4550 1311 4623 Deus,
1335 4552 1366 4607 et
1385 4546 1533 4624 Christus,
1549 4564 1643 4628 quam

81 4644 195 4714 potestm
206 4643 249 4703 sie
263 4642 401 4719 effertur,
424 4648 460 4703 ut
480 4641 692 4711 subaudiatur,
709 4643 737 4703 si
755 4644 827 4706 volo.
879 4646 975 4706 sancti
994 4644 1147 4719 homines,
1163 4639 1316 4719 etAngeli
1335 4657 1461 4719 peccare
1476 4658 1541 4700 non
1555 4659 1643 4719 posse
1704 4632 1707 4639 ’

83 4726 278 4809 Utcumdieo,
298 4751 415 4814 posnam
437 4733 530 4813 loqui,
555 4733 605 4795 vel
623 4752 739 4814 parum
763 4737 831 4797 deae
877 4737 1033 4809 dicuntur,
1049 4734 1102 4795 sed
1116 4733 1230 4813 dispari
1255 4730 1441 4792 conditione.
1460 4731 1540 4791 Nam
1563 4733 1644 4793 Deus

84 4819 397 4900 assectantium
416 4824 475 4885 illis
495 4841 616 4905 semper
630 4826 824 4906 intelligitur,
878 4828 1020 4904 omnino,
1034 4833 1066 4887 et
1074 4825 1214 4887 absolute
1227 4842 1291 4885 non
1305 4828 1406 4903 potest
1421 4840 1557 4901 peccare,
1570 4826 1644 4903 quia

82 4908 105 4967 π’
114 4911 179 4974 colo,
192 4916 271 4977 Nam
287 4917 323 4976 in
337 4916 548 4977 locutionibus
569 4917 645 4991 istis,
670 4919 829 4980 communi
877 4915 1645 4999 nonpotestvellepereurrahoeestlibertasilliusest

83 5015 141 5077 um,
160 5022 191 5067 ac
209 5024 308 5083 more,
337 5025 402 5068 non
426 5007 566 5068 absoluta
591 5014 736 5088 potestas,
764 5011 828 5072 sive
878 5011 1040 5090 ejusmodi,
1057 5016 1140 5070 utex
1153 5028 1185 5069 se
1197 5012 1358 5088 peceatum
1365 5007 1478 5083 eligere
1491 5015 1642 5086 nequeat3

81 5097 280 5159 mturinsita
292 5097 421 5160 merdtas
436 5099 547 5175 agendi
561 5099 763 5178 significatur,
775 5102 829 5163 sed
879 5108 910 5164 at
923 5104 1017 5163 sancti
1035 5101 1147 5162 ideirco
1175 5117 1301 5180 peceare
1323 5116 1388 5159 non
1409 5106 1549 5177 possunt,
1570 5103 1644 5179 quia

80 5185 190 5257 actonis
202 5191 352 5264 executio,
367 5208 403 5251 ac
421 5198 504 5272 πρᾶξις
514 5213 523 5267 3
541 5197 692 5271 tanquam
705 5192 746 5253 ita
759 5212 830 5273 pro
879 5194 980 5274 reipsa
992 5212 1057 5255 non
1069 5197 1200 5273 possunt
1217 5190 1297 5253 velle
1315 5194 1486 5270 peecatum,
1502 5193 1645 5269 quamvis

81 5277 247 5344 nuntietur:
269 5280 385 5364 lopun,
404 5282 454 5346 vel
467 5283 568 5346 vivom
591 5282 670 5360 bene,
689 5284 716 5347 ri
728 5285 826 5347 velim.
880 5304 917 5348 ea
934 5286 1002 5365 ¹sint
1028 5287 1290 5363 voluntateque
1307 5300 1346 5344 ex
1370 5299 1402 5343 se
1421 5281 1455 5343 in
1482 5287 1643 5364 peecatum

104 5474 240 5535 imvm,
253 5481 288 5528 tt.
