3934 6172
321 267 381 330 220
826 265 1150 329 THEOLOGlGORUM
1171 264 1389 327 DOGMATUM

320 432 415 494 tibus.
433 431 483 493 Sic
496 433 581 495 enim
598 432 739 495 futurum
758 438 835 508 orat,
851 437 886 492 ut
899 450 936 492 eo
949 431 1088 512 primum
1139 432 1165 492 is
1186 449 1296 493 verum
1323 436 1445 512 patrem
1472 447 1565 492 sarim
1587 429 1689 492 debita
1705 431 1878 494 veneratione

320 530 482 604 conspecto
504 525 721 605 obstupefactos
734 542 808 587 eum
826 524 1002 598 adorarent,
1018 530 1087 586 tan·
1137 525 1346 605 prosequitur,
1362 524 1417 603 qui
1438 525 1586 586 virtutem
1604 522 1769 603 majestatis
1781 522 1839 602 ejus
1848 525 1878 587 de
1939 586 1940 589 ,

319 633 416 696 quam
436 623 587 679 rectorem
607 636 627 678 a
651 623 765 679 natura
789 617 908 693 datum,
935 622 967 678 et
987 617 1087 678 domi-
1137 633 1407 696 snoromoperum
1420 616 1612 690 inventione,
1631 614 1810 695 inceptione,
1823 634 1878 696 per-

320 718 463 770 num⁶.»
1135 707 1266 769 factione
1285 708 1422 769 metitur.
1441 709 1529 783 Quod
1544 707 1666 787 planius
1685 714 1879 783 argumentum

359 802 421 863 Nec
443 801 547 862 minus
570 801 726 881 eleganter
747 801 882 881 denique
905 802 1086 882 Chrysosto·
1136 800 1268 881 proferri
1280 806 1391 880 potest,
1408 799 1881 872 otmundumhominis,ethomi·
1939 830 1940 843 ι

319 910 389 954 mus
403 893 442 954 ab
456 892 563 972 rege¹,
582 894 633 955 vel
646 894 834 974 imperatore
852 893 1087 955 similitudinem
1136 910 1210 954 nem
1223 910 1279 953 sua
1292 911 1384 954 causa
1403 894 1503 954 Deum
1520 892 1636 968 iecisse,
1657 893 1838 973 qrramquod
1851 912 1880 955 cx

319 985 419 1061 ducit;
435 1003 528 1064 quem
537 986 571 1047 in
585 986 917 1066 urbemingressurum
928 986 1085 1063 satellites,
1136 984 1282 1046 omnibus
1301 984 1513 1045 animantibus
1526 984 1609 1045 solus
1622 985 1666 1045 ita
1684 984 1825 1045 formatus
1835 992 1879 1062 est,
1939 990 1940 1019 ²

318 1096 354 1139 ao
373 1076 532 1138 domestici
552 1083 738 1157 protectores
763 1079 880 1139 anteire
901 1079 1010 1148 solent,
1032 1080 1088 1158 qui
1135 1082 1172 1139 ut
1194 1077 1276 1140 oculi
1302 1077 1369 1156 ejus
1395 1077 1434 1138 ad
1462 1075 1576 1137 ooelum
1599 1076 1720 1145 directi,
1748 1077 1830 1138 lecim
1850 1078 1881 1138 ad

317 1170 466 1250 palatium
493 1176 688 1250 praeparent,
722 1171 987 1251 quomadmodum
1013 1189 1086 1251 pro-
1136 1170 1236 1231 Deum
1244 1174 1396 1249 spectans,
1404 1169 1509 1229 vrrltus
1523 1186 1594 1230 cum
1607 1186 1663 1229 suo
1678 1174 1801 1247 parente
1813 1187 1881 1230 conr·

316 1263 464 1324 deuntem
471 1263 568 1323 solem
581 1262 714 1338 redii,ut
724 1263 768 1323 ait
782 1262 957 1343 Synesiust.
969 1265 1008 1324 Et
1018 1264 1088 1325 ru·
1135 1263 1240 1323 munis
1254 1262 1303 1339 sit,
1318 1261 1522 1341 videaturque
1536 1261 1697 1322 hominem
1709 1262 1796 1335 Deua,
1810 1262 1881 1340 quad

315 1355 485 1433 gentiusin
499 1372 642 1415 sermone
656 1354 813 1434 quodam⁸
831 1375 839 1417 ι
857 1376 872 1412 ιι
884 1357 963 1416 Nam
977 1360 1087 1418 etcum
1135 1359 1278 1435 porrecta
1295 1372 1392 1415 manu
1415 1354 1582 1415 allevatum
1596 1355 1754 1432 exhumo,
1775 1353 1880 1415 adcon·
1939 1408 1940 1431 ,

315 1447 484 1526 imperator
505 1447 544 1508 de
565 1446 644 1508 urbe
656 1448 770 1508 transit
782 1448 821 1508 ad
838 1447 961 1525 urbem,
976 1448 1087 1528 atejus
1134 1446 1370 1526 templationem
1382 1446 1431 1507 sui
1444 1444 1616 1507 excitasse?
1629 1466 1645 1505 ο

316 1540 479 1601 nuntiatur
517 1539 693 1616 adventus,
727 1558 792 1600 non
825 1541 994 1601 mittuntur
1027 1541 1087 1602 nisi
1175 1539 1341 1620 Gregorius
1360 1539 1434 1599 item
1450 1540 1606 1619 Nysscnus
1622 1537 1657 1598 in
1670 1537 1750 1598 libro
1767 1535 1880 1599 caete·
1939 1532 1940 1565 ³

316 1632 474 1693 domestici
486 1636 644 1711 praetores,
655 1630 741 1709 (corr.
753 1629 950 1713 protectores)
964 1633 1087 1713 acpala-
1136 1630 1203 1707 tr'eo,
1228 1630 1690 1711 capiter,causamprooreandi
1703 1627 1880 1691 iuisaehoni-
1939 1658 1940 1679 ι

315 1724 384 1798 tini,
396 1723 841 1803 utnuntientprovincialibus,
857 1724 942 1803 quod
952 1725 1087 1803 astragis
1134 1722 1185 1783 nis
1198 1724 1250 1793 ait,
1267 1723 1439 1786 uthaberct
1453 1725 1546 1799 Deus,
1565 1722 1650 1802 aqui
1663 1721 1880 1783 etluremsuam
1939 1728 1940 1773 l

316 1817 477 1894 adventus,
500 1822 555 1876 aut
574 1816 736 1877 reditus.»
753 1815 830 1877 Vide
847 1815 1085 1894 Severianum³,
1136 1815 1320 1889 intueretur,
1344 1816 1493 1895 etgloriae
1510 1816 1595 1876 testis
1613 1819 1705 1891 esset,
1724 1820 1755 1876 et
1766 1813 1880 1874 bonitate
1939 1810 1940 1839 ¹

317 1908 372 1987 qui
385 1908 446 1969 late
466 1909 550 1970 huno
567 1909 672 1969 locum
690 1908 835 1987 illustrat,
857 1913 888 1969 et
908 1909 1086 1970 Zachariam
1137 1907 1291 1969 frueretur
1299 1918 1321 1971 ⁰.
1337 1929 1353 1966 a
1367 1907 1607 1983 Quamobrem«
1634 1905 1801 1987 oportuisse
1823 1905 1881 1967 dicit

317 2000 531 2079 Mitylenaeum
545 1999 569 2062 ⁸.
1134 2001 1307 2078 hominem,
1323 2000 1378 2080 qui
1391 2000 1543 2062 addivina
1555 1999 1743 2080 perfruenda
1755 1998 1882 2059 banaiae
1939 1986 1940 1999 ¹

359 2094 416 2154 ΙΙΙ.
438 2093 527 2159 Quod
545 2099 651 2154 autem
670 2093 757 2153 Philo
771 2093 900 2153 iudans
917 2092 1085 2173 abspecta-
1135 2098 1185 2154 tus
1205 2098 1294 2168 esset,
1316 2099 1484 2172 cognatum
1502 2093 1663 2172 quippiam
1682 2091 1722 2165 ei,
1739 2092 1819 2170 cujus
1830 2096 1881 2152 erat
1939 2094 1940 2107 ¹

319 2185 396 2246 culis
418 2187 595 2266 exemplum
618 2186 710 2265 capit,
735 2203 805 2264 quse
835 2185 923 2264 prius
945 2188 1087 2265 apparari
1135 2184 1428 2266 iuturrrsparticeps,
1442 2184 1721 2246 hebereinnatura
1734 2185 1880 2263 sua.Prop-
1939 2212 1940 2253 ι

318 2278 442 2355 debent,
471 2296 566 2357 quam
591 2279 631 2340 ad
658 2296 695 2339 ea
719 2282 870 2357 spectator
894 2278 1084 2355 admittatur,
1134 2282 1218 2339 terea
1231 2277 1307 2353 vita,
1322 2282 1354 2339 et
1366 2277 1497 2352 ratione,
1511 2282 1543 2339 et
1562 2276 1724 2356 sapientis,
1745 2281 1775 2339 et
1788 2276 1879 2338 divinis
1939 2272 1940 2309 ⁴

318 2371 643 2433 consentaneumhuio
657 2370 736 2431 illud
745 2376 801 2448 est,
817 2371 897 2450 quod
914 2370 1087 2450 complures
1134 2369 1224 2432 bonis
1238 2370 1383 2431 omnibus
1396 2377 1542 2431 ornatum
1554 2369 1648 2430 fuisse
1659 2368 1714 2430 θ.»
1939 2356 1940 2439 ᾗ

317 2469 468 2537 asserunt,
484 2465 517 2525 in
531 2463 713 2525 eumfinem
726 2482 745 2524 a
759 2464 822 2524 Deo
844 2468 994 2538 creatum,
1008 2464 1085 2525 etin
1176 2464 1227 2523 Sic
1249 2462 1344 2524 etiam
1364 2461 1532 2541 Gregorius
1551 2462 1629 2523 alter
1648 2460 1879 2537 Nazianrenmin

318 2556 427 2617 mnndi
449 2556 551 2617 medio
574 2555 757 2617 collocatum
772 2573 836 2617 esse
858 2555 1019 2616 hominem
1038 2561 1084 2632 ut,
1134 2555 1525 2634 orationexxxvruquodet
1538 2555 1639 2615 iustu
1653 2553 1880 2634 repetitnhomi-
1939 2562 1940 2615 ι

317 2666 389 2708 oum
414 2648 481 2727 ejus
504 2647 751 2709 oausaiabricata
767 2652 869 2708 essent
883 2647 999 2724 omnia,
1016 2651 1085 2708 tom
1133 2666 1236 2710 noma
1249 2649 1311 2708 Deo
1325 2646 1569 2709 velutmurrdum
1579 2648 1747 2726 quemdam
1758 2647 1878 2721 alterum
1939 2670 1940 2727 γ

316 2738 343 2799 is
356 2758 465 2801 eorum
478 2746 614 2820 aspectu,
634 2739 954 2818 contemplationeque
967 2738 1084 2801 fruere·
1134 2740 1168 2800 in
1182 2758 1278 2820 parvo
1292 2757 1454 2819 magnum,
1470 2744 1695 2819 supraterram
1708 2739 1878 2813 collocatum,

316 2837 385 2908 tur;
401 2850 584 2913 porcosque
599 2831 790 2910 sesegradus
806 2830 1082 2909 adDeinotitiam,
1133 2832 1186 2908 ait,
1216 2831 1368 2908 Angelum
1393 2832 1506 2906 alium,
1535 2832 1666 2892 mistum
1693 2832 1877 2906 adoratorem,
1939 2824 1940 2887 J

315 2929 347 2985 et
357 2925 648 3000 admirationem,et
655 2941 795 3009 amorem
804 2922 949 3002 denique,
959 2941 995 2984 ac
1007 2942 1085 3003 prae-
1132 2924 1261 2985 visibilis
1279 2930 1427 2985 creatora
1444 2928 1662 3003 spectatorem,
1676 2921 1878 3004 mystenintel·

315 3016 501 3079 dicationem
514 3017 679 3079 attolleret.
1132 3015 1269 3096 ligihilis,
1290 3034 1399 3077 eorum
1422 3016 1560 3096 quidem,
1585 3034 1657 3095 quae
1672 3016 1706 3076 in
1722 3018 1877 3090 terrasunt,
1939 3012 1940 3095 j

355 3110 443 3183 Quod
456 3111 629 3172 metendos
642 3108 796 3188 imprimis
810 3107 941 3187 explieat
955 3107 989 3168 in
1002 3106 1083 3168 libro
1132 3126 1249 3188 regem,
1279 3108 1393 3169 coelesti
1414 3113 1518 3169 autem
1531 3107 1598 3187 regi
1616 3107 1790 3186 subditum,
1804 3112 1880 3168 terre

314 3202 467 3281 septimo:
487 3224 501 3260 ιι
518 3203 606 3264 Siout
619 3220 693 3282 ergo
707 3200 873 3274 mundum,
890 3199 1003 3280 inquit,
1018 3218 1083 3260 non
1132 3219 1210 3263 num
1224 3200 1351 3280 pariter,
1366 3218 1401 3261 ac
1417 3200 1603 3276 coelestem‘,
1621 3222 1633 3257 ν
1651 3206 1711 3262 etc.
1939 3198 1940 3267 J

313 3299 440 3373 propter
454 3312 486 3355 se
499 3296 581 3355 Dens
591 3294 674 3369 fecit,
690 3294 744 3373 qni
757 3292 927 3355 commodis
941 3292 1007 3372 ejus
1017 3310 1083 3353 non
1172 3292 1338 3372 Eleganter
1353 3310 1478 3372 quoque
1499 3291 1727 3372 Pythagoricus
1743 3290 1879 3371 Eurypha-
1939 3292 1940 3341 ἒ

313 3385 442 3464 indiget,
458 3386 511 3447 sed
527 3385 835 3466 propterhominem,
852 3385 906 3464 qui
920 3402 957 3444 co
970 3384 1079 3458 utitur;
1132 3402 1213 3461 mus,
1224 3386 1342 3463 «Deus,
1352 3384 1468 3465 inquit,
1476 3384 1638 3446 hominem
1647 3385 1879 3465 pretiosissimum
1939 3390 1940 3393 ’

312 3475 356 3536 ita
375 3476 477 3557 ipsum
496 3478 653 3539 hominem
675 3483 803 3558 propter
817 3494 860 3553 se,
886 3481 943 3538 eto.
964 3475 1085 3537 Scilicet
1131 3478 1248 3538 animal
1275 3477 1308 3538 in
1342 3478 1460 3539 mundo
1483 3477 1653 3551 collocavit,
1692 3484 1806 3539 nature
1828 3491 1879 3536 sue

313 3574 349 3629 ut
362 3574 450 3644 esset,
465 3569 519 3649 qui
540 3588 633 3649 opera
647 3570 715 3648 ejus
727 3569 923 3646 intelligeret,
943 3568 997 3647 qui
1009 3586 1082 3648 pro-
1130 3570 1380 3649 respondentem,
1412 3577 1443 3630 et
1465 3569 1591 3631 oculum
1619 3570 1786 3650 quemdam
1801 3566 1879 3629 totius
1939 3580 1940 3649 γ

312 3660 480 3722 videntium
508 3662 716 3739 disponendi,
746 3661 900 3721 rationem
928 3659 1080 3739 faciendi,
1130 3678 1237 3722 rerum
1251 3661 1521 3724 universitates.»
1539 3662 1766 3742 (tyrillusitem,
1785 3661 1878 3740 «Opor
1939 3658 1940 3743 l

312 3752 460 3814 virtutem
480 3752 737 3828 consummandi,
754 3757 787 3813 et
811 3770 903 3814 sensu
922 3752 1079 3828 admnari,
1130 3752 1225 3827 tebat,
1245 3754 1300 3833 ait,
1323 3758 1441 3815 terram
1454 3754 1492 3815 iis
1506 3773 1570 3815 osse
1583 3755 1723 3834 plenam,
1737 3753 1789 3835 qui
1806 3751 1878 3813 illum
1939 3754 1940 3811 3

312 3851 344 3906 et
368 3864 442 3907 voce
467 3846 611 3927 proloqui
631 3850 755 3926 posset;
781 3862 916 3924 quorum
939 3845 1083 3905 omnium
1130 3845 1301 3926 glorificare
1319 3851 1454 3927 possent,
1476 3853 1509 3908 et
1532 3866 1570 3908 cx
1590 3853 1800 3909 creaturarum
1821 3842 1877 3924 pul-

312 3955 436 4001 cumma
448 3937 516 3999 haec
527 3948 584 4012 est,
599 3943 635 3999 ut
646 3938 748 3998 Deum
761 3936 851 3998 colat.
861 3937 890 3997 Is
899 3936 983 3998 enim
994 3936 1080 4014 colit,
1130 3938 1317 4016 chritudine,
1338 3940 1497 4017 creatoris,
1518 3945 1553 4000 ut
1575 3940 1725 4021 scriptum
1748 3944 1799 4008 ast,
1824 3935 1878 4016 glo·

312 4028 1080 4114 quillenointelligit3isartiiioemomniumrerum,
1130 4030 1210 4093 nam
1223 4030 1400 4094 intuerit.»

348 4223 369 4263 a
386 4206 471 4263 Primo
484 4208 551 4265 ibid.
575 4208 725 4281 Ἀναγααόως
746 4207 795 4262 ἔδει
815 4209 916 4263 πάντων
940 4209 1079 4282 γεγονότων
1131 4209 1209 4282 λόγῳ,
1224 4208 1265 4262 καὶ
1285 4210 1368 4282 σοφίᾳ,
1392 4209 1432 4263 καὶ
1460 4212 1519 4265 πᾶσι
1543 4211 1595 4273 τοῖς
1617 4210 1770 4283 θεοπροπέων
1796 4204 1878 4279 ἀγαθοῖς

312 4289 417 4345 θστατον
433 4295 504 4362 μόναι
515 4293 558 4347 τόν
575 4291 713 4365 ἄνθρωπον,
726 4292 770 4345 ἵνα
785 4293 926 4355 τελευταῖος
941 4289 1082 4354 ἐξαπιναίως
1133 4293 1310 4366 κατεκοσμήθη.

311 4378 364 4437 τοῖς
393 4373 479 4437 ἄλλοις
504 4376 576 4438 ζώοις
609 4374 745 4447 triptota,
775 4374 894 4449 ἐμποιήσῃ
920 4374 1079 4445 κατάπληξιν.
1168 4376 1328 4435 allatura.
1344 4382 1403 4433 orat
1417 4392 1530 4450 xxxvru,
1552 4382 1581 4434 et
1598 4383 1669 4433 orat.
1687 4393 1750 4433 riu.
1768 4368 1878 4429 θθόντινι

312 4456 402 4530 ἔμελλε
411 4457 458 4530 γὰρ
474 4457 556 4512 ἰδόντα
565 4465 664 4531 πρῶτον
680 4460 872 4528 scicritscierit
887 4458 1081 4532 agonesticos
1132 4461 1225 4532 κόσμον
1240 4460 1363 4533 δεύτερον,
1380 4460 1404 4514 ἐν
1425 4466 1504 4535 μικρῷ
1526 4462 1610 4535 μέγαν
1618 4459 1658 4515 ἐπὶ
1672 4465 1716 4529 τῆς
1727 4463 1770 4532 γῆς
1783 4458 1878 4523 ἵστησιν,

312 4543 341 4598 όν
356 4540 464 4614 ἡγεμόνα
477 4541 562 4613 φύσει,
576 4543 617 4597 καὶ
631 4544 760 4613 δεσπότην.
1132 4542 1236 4616 ἄγγελον
1253 4544 1330 4599 ἄλλον
1344 4543 1513 4617 sponsarae-lv
1529 4544 1624 4618 μικτόν,
1637 4542 1744 4614 irim-sa
1755 4540 1878 4611 demde

348 4623 365 4680 ό
383 4625 448 4680 Sin.
465 4623 502 4680 cle
515 4628 584 4695 Καρ,
603 4617 726 4691 cletas
737 4625 796 4680 ποτὲ
810 4626 913 4698 ὀφθῶσι,
923 4626 964 4681 τόν
980 4625 1082 4698 βασιλέα
1131 4626 1242 4693 κτίσεως,
1258 4628 1350 4700 μόσιην
1368 4632 1412 4696 τῆς
1433 4629 1576 4701 νοουμένης,
1592 4629 1695 4699 βασιλόα
1714 4634 1762 4683 τῶν
1781 4622 1816 4678 et
1830 4623 1877 4693 titt,

312 4708 498 4780 σημαινόμεθα,
525 4708 648 4781 καθάπερ,
675 4703 761 4782 οἶμαι,
794 4712 848 4774 ταῖς
877 4708 1081 4783 προανισχοθσαις
1132 4710 1322 4784 βασιλευόμενον
1337 4710 1567 4784 ἄνωθιν,ἔττθγειον,
1582 4713 1623 4765 καὶ
1637 4710 1760 4783 οὐράνιον,
1774 4714 1821 4764 cta·

313 4789 400 4864 αθγαῖς
413 4791 456 4845 τόν
470 4792 551 4859 ἥλιον.
1169 4792 1190 4868 s
1204 4794 1302 4851 Ennia.
1322 4796 1357 4848 rt
1371 4795 1441 4863 tritor
1456 4795 1593 4868 ἄνθρωπον,
1601 4796 1805 4849 πολυτελέστατον
1812 4791 1876 4852 ζῶον,

347 4874 470 4930 afiarta.
497 4873 736 4949 Νισε.”1θθειγὰρ
761 4879 823 4950 μήτε
844 4877 874 4931 τό
895 4883 947 4949 φῶς
962 4876 1080 4942 ἀθέατον,
1132 4874 1208 4940 terte
1221 4879 1314 4950 αόσμον
1328 4875 1453 4950 ἔσῴιιισεν,
1472 4877 1596 4951 όντίτιμον
1614 4877 1657 4950 μὲν
1671 4880 1715 4946 τῆς
1728 4871 1876 4945 mercatos

312 4958 374 5031 μήτε
394 4957 438 5026 τόν
451 4957 523 5020 δόξαν
546 4958 694 5032 ἀμάρτυρον,
718 4962 779 5033 μήτε
800 4960 987 5016 ἀναπόλαυστον
1006 4953 1082 5014 atrei
1131 4959 1257 5033 ὀφθαλμόν
1271 4958 1298 5014 δὲ
1310 4966 1354 5029 τῆς
1366 4967 1417 5015 τῶν
1431 4961 1509 5015 όντων
1522 4963 1707 5033 διακοσμήσιος.

313 5034 430 5109 εἶναιτὴν
446 5041 595 5114 ἂγαθότητα,
613 5048 667 5098 eto.
1166 5045 1294 5115 gssrnm.
1318 5044 1402 5099 Anax.
1423 5042 1535 5115 Gloplt.
1553 5045 1576 5100 l.
1595 5042 1673 5109 ’(Εδει
1690 5043 1769 5113 πλήρη
1784 5035 1877 5112 γινέσθω

345 5123 453 5181 dlbid.
473 5125 558 5188 Οθτως
578 5119 619 5179 οθν
640 5125 682 5180 καὶ
703 5127 745 5180 τόν
768 5127 894 5199 ἄνθρωπον
917 5125 957 5181 iai
979 5130 1009 5199 τῇ
1030 5132 1080 5180 τῶν
1131 5125 1175 5195 τὴν
1186 5130 1232 5199 γῆν
1241 5133 1291 5182 τῶν
1307 5126 1407 5182 εἰδότων
1422 5125 1577 5200 δοξολογεῖν,
1594 5129 1634 5182 καὶ
1645 5126 1695 5183 aa
1710 5125 1822 5189 καλλονῆς
1832 5136 1876 5173 ιιτι-

310 5207 379 5262 θείων
394 5207 491 5280 ἀγαθῶν
507 5208 638 5264 όπολαόσει
650 5211 781 5283 γενόμενον
796 5209 844 5263 ἔδει
853 5229 877 5264 τι
888 5209 1002 5282 συγγενὲς
1016 5208 1081 5283 iasii
1131 5211 1247 5283 σμάτων,
1269 5211 1332 5265 sect
1352 5212 1506 5285 γόγμαπται,
1531 5210 1575 5280 τὴν
1598 5216 1642 5267 τοῦ
1666 5202 1877 5282 διδημιονργηκότοθ

309 5289 378 5362 φόσει
388 5291 448 5364 πρός
462 5292 491 5346 τό
506 5294 670 5366 μετεχόμενον
686 5292 762 5366 ἔχειν.
773 5291 814 5346 διὰ
827 5295 955 5348 τοῦτοκαὶ
968 5295 1030 5365 ζωῇ,
1038 5292 1081 5346 καὶ
1131 5294 1336 5349 attentaverim
1349 5292 1431 5356 δόξαν.

337 5422 347 5466 1
362 5422 423 5467 tlon.
432 5433 458 5468 ιιι
470 5425 585 5470 todem·-
596 5425 610 5469 l
622 5424 662 5478 out
673 5431 706 5469 est
717 5425 813 5469 ccxxxde
825 5427 895 5480 Τσιιιρ.
906 5425 973 5482 apoc.
982 5425 1093 5480 aug-a
1104 5425 1169 5471 tlon.
1178 5424 1258 5471 ir.-»t
1270 5425 1332 5470 ton.
1342 5424 1352 5469 1
1361 5425 1416 5471 nor.
1432 5427 1493 5471 retr.
1505 5426 1634 5472 Gracc-tat.
1643 5424 1768 5471 orestae
1774 5418 1855 5477 oritat-

1514 5502 1520 5526 ι
